4310 5918
1740 419 1799 486 161

23 613 24 642 ³
136 615 256 706 prefate
279 616 509 702 redemptionis
532 615 650 704 precio,
686 613 856 680 ecclesiam
880 615 982 680 sancti
1006 611 1174 712 Michaelis
1197 613 1230 676 in
1254 611 1380 696 Mirani‚
1406 623 1437 680 et
1460 624 1579 680 terram
1614 635 1718 678 meam
1742 637 1813 700 pro·

23 731 25 740 '
135 727 246 812 priam,
269 746 333 810 que
357 734 407 788 est
428 746 447 785 a
471 721 571 786 limite
604 721 747 787 eiusdem
782 719 915 786 ecclesia
943 721 976 784 iu
1006 718 1195 786 occidentali
1214 729 1307 805 parte
1330 742 1431 807 usque
1455 720 1496 785 ad
1522 719 1656 802 vallem,
1681 723 1713 784 in
1738 745 1808 809 pre·

23 893 24 896 ,
134 831 216 896 dicto
240 831 345 894 sancti
368 827 526 894 Johannis
552 829 745 893 monasterio
767 827 922 906 concessi,
942 835 975 892 et
997 825 1059 892 hoc
1082 836 1156 891 ante
1172 827 1366 912 presentiam
1387 825 1499 892 horum
1524 829 1675 892 testium:
1701 826 1813 913 Draga

23 959 25 980 .
136 947 166 1001 et
194 933 366 1001 Vachinna
399 935 580 1021 postiuppc,
605 935 772 1016 Draseuiz‚
793 931 961 1018 Negouan‚
994 931 1136 1016 Vetrich,
1160 931 1324 998 Strelrado
1348 943 1382 998 et
1413 933 1545 998 Drusba
1569 933 1636 998 lilio
1674 935 1751 1012 eius,
1786 945 1818 998 et

23 1115 25 1122 ‚
136 1040 280 1108 Gorbiua
296 1042 496 1129 presbytero,
512 1050 544 1105 et
559 1039 580 1106 J
584 1037 728 1106 udauech
745 1038 943 1127 presbytero,
958 1038 1150 1124 Desichaua,
1168 1049 1200 1104 et
1216 1037 1402 1120 Dabranna,
1422 1051 1453 1104 et
1468 1037 1661 1126 Dragabutlr
1678 1043 1811 1127 eiusque

23 1221 27 1260 ,
135 1147 219 1213 tilius
241 1147 351 1214 Juena
374 1144 578 1212 deGheran.

293 1295 483 1352 Polichorion.
507 1295 534 1352 U
557 1293 658 1352 arkivu
680 1294 857 1368 sudarslroga
878 1294 1035 1367 gubernija.

568 1589 747 1675 cxcvi
774 1589 886 1674 rurs.
913 1591 952 1673 a
979 1587 1156 1690 steens.
1185 1585 1226 1672 u
1251 1548 1396 1672 armo.

134 1751 236 1826 (ἔφαν
265 1749 341 1814 Vll.
363 1709 446 1827 popu
465 1753 531 1826 pits
560 1753 693 1826 Mtbotju
709 1754 810 1834 trolju
825 1753 1045 1832 astumatum,
1069 1752 1109 1810 da
1127 1752 1209 1827 stede
1231 1769 1338 1827 rocpre
1353 1753 1582 1828 mediacrlroom
1602 1751 1815 1812 dubrcoudltom

23 1909 25 1918 ,
133 1859 342 1932 ispttetslrom
363 1859 446 1918 aitte
472 1857 604 1918 dosudr'ti
637 1859 763 1930 nemete,
797 1859 854 1919 dot
883 1859 1011 1932 aedom
1034 1877 1055 1918 u
1078 1858 1149 1918 Rtm
1177 1859 1354 1932 coardeant
1393 1859 1540 1932 portasset
1571 1876 1643 1934 usco
1671 1859 1693 1917 u
1724 1857 1817 1931 tituto

23 1961 25 1990 ¹
737 1969 740 1978 '
879 1965 961 2038 tristi
983 1963 1085 2025 Peter.

835 2117 1025 2186 Sclauorum
1048 2119 1127 2206 regi.

298 2280 476 2366 Gregorius
499 2281 670 2368 episeopus
703 2301 816 2344 seruus
839 2301 1006 2344 seruorum
1029 2278 1092 2344 dei.
1116 2277 1293 2344 Michahsli
1316 2275 1505 2344 Sclauorum
1529 2281 1599 2364 regi
1623 2279 1761 2346 salutem
1784 2289 1816 2344 et

25 2475 26 2480 γ
135 2387 349 2474 apostolicam
391 2387 659 2453 benedictionem.
693 2384 877 2472 Cognoscat
907 2385 1017 2451 debita
1047 2395 1101 2450 tue
1132 2383 1314 2450 deuotionis
1349 2386 1436 2450 circa
1466 2385 1575 2450 sedem
1608 2385 1818 2472 apostolicam

135 2495 330 2575 reuerentia,
358 2494 486 2558 Petrum
511 2493 597 2580 apud
621 2515 679 2558 vos
704 2491 827 2557 dictum
851 2501 994 2556 nostrum
1019 2490 1171 2577 legatum,
1195 2490 1302 2556 adhuc
1324 2490 1386 2578 (in)
1404 2501 1545 2558 nostram
1562 2515 1626 2572 non
1645 2491 1818 2558 aduenisse

136 2600 346 2685 presentiam,
371 2621 446 2664 suas
470 2609 576 2664 tamen
597 2601 723 2664 misisse
749 2596 880 2677 litteras,
898 2621 961 2685 que
978 2600 1021 2662 ita
1036 2599 1154 2663 vestris
1170 2597 1373 2663 dissonantes
1391 2599 1543 2682 existunt,
1567 2599 1653 2686 quod
1679 2609 1820 2665 nostram

26 2719 27 2761 ὲ
137 2728 280 2789 causam,
306 2728 361 2770 seu
386 2727 545 2790 ragusaue
570 2705 714 2788 ecclesie,
741 2706 867 2792 penitus
891 2704 983 2769 linire
1000 2705 1179 2792 nequimus.
1209 2704 1415 2792 Quapropter
1430 2705 1559 2772 Petrum
1577 2705 1817 2771 antibarensem

138 2813 328 2899 episcopum
351 2821 446 2897 atque
486 2814 682 2898 rugusinum,
720 2815 787 2876 siue
819 2811 898 2876 alios
931 2812 1066 2876 idoneos
1104 2815 1232 2878 nuntios
1263 2812 1305 2877 ad
1341 2835 1401 2878 nos
1431 2814 1557 2878 mittere
1592 2821 1726 2900 oportet,
1761 2835 1819 2900 per

138 2941 217 3005 quos
238 2919 282 2982 de
307 2918 372 2982 lite.
396 2941 458 3006 que
475 2931 524 2984 est
539 2921 622 2983 inter
638 2919 837 3006 spaletauum
855 2919 1132 3008 archiepiscopum
1149 2945 1187 2987 ac
1204 2943 1405 3006 raguensem‚
1420 2923 1543 2986 iustitia
1568 2923 1669 3008 possit
1691 2921 1823 3008 inquiri,
1850 2962 1855 2972 ·

139 3048 175 3088 ac
198 3028 358 3090 canonice
382 3025 525 3104 diffiniri,
548 3027 658 3114 tuique
689 3029 780 3113 regui
804 3027 907 3093 honor
930 3052 949 3092 a
972 3029 1064 3093 uobis
1088 3028 1249 3114 cognosci.
1275 3026 1367 3092 Tunc
1391 3049 1468 3094 vero
1484 3051 1519 3093 re
1536 3029 1674 3113 cognita,
1698 3037 1752 3092 tue
1768 3049 1821 3114 pe-

139 3132 241 3197 titioni
268 3135 352 3197 iuste
376 3132 571 3216 satisfacere,
606 3135 781 3200 secundum
814 3135 899 3223 quod
931 3138 1090 3224 cupimus,
1122 3133 1312 3218 valebimus,
1347 3157 1386 3199 ao
1408 3137 1441 3199 in
1465 3133 1549 3200 dono
1579 3134 1692 3200 vexilli
1727 3145 1758 3198 et
1791 3135 1824 3198 iu

140 3241 351 3304 concessione
376 3239 472 3326 pallii,
497 3241 588 3327 quasi
613 3241 819 3306 karissimum
836 3242 922 3308 beati
939 3243 1025 3308 Petri
1042 3241 1154 3326 filium,
1173 3241 1314 3308 dictante
1330 3241 1522 3308 rectitudine
1539 3241 1716 3308 audiemus.
1735 3239 1818 3305 Date

140 3343 251 3420 Rome,
280 3345 308 3407 V
333 3346 404 3410 idus
428 3347 564 3412 ianuarii
589 3347 776 3414 indictione.
800 3349 825 3413 I.

300 3469 328 3522 ιι
352 3469 557 3542 vastantem
579 3465 723 3542 europi...
747 3469 877 3544 creant
900 3471 964 3528 vn.
988 3470 1240 3528 nullataenus
1262 3471 1297 3529 v.
1320 3471 1450 3544 upton
1475 3471 1525 3526 ru.
1548 3429 1598 3526 uo
1623 3470 1693 3526 141.

670 3714 873 3798 CXCVII·
901 3713 1012 3798 1078.
1041 3714 1102 3798 12.
1129 3713 1301 3816 oltrjku.

442 3874 592 3938 Soentmtr
607 3879 687 3952 krub'
710 3877 844 3939 tractati
865 3877 1025 3953 pcdktirc'e
1047 3877 1217 3938 Brutorum
1241 3877 1361 3938 atobodu
1385 3877 1525 3954 trpooiat.

31 4106 36 4115 Ἴ,
303 4032 341 4098 Iu
375 4033 504 4098 nomine
538 4045 648 4099 sancte
678 4043 710 4100 et
742 4032 908 4099 indiuidue
940 4033 1103 4100 trinitatis.
1135 4031 1230 4098 Anno
1265 4031 1306 4097 alr
1327 4033 1547 4098 incarnatione
1571 4030 1693 4098 domini
1717 4035 1819 4097 nostri

146 4135 223 4202 Jeau
249 4137 372 4204 Christi
396 4139 564 4205 millesimo
596 4143 833 4227 septuagesimo
858 4141 993 4227 septimo
1025 4139 1168 4226 (octauo)
1202 4138 1255 4204 die
1281 4137 1473 4220 latrant,
1500 4136 1677 4202 indictione
1701 4137 1725 4202 l.
1749 4161 1824 4224 apo-

147 4243 282 4308 stolante
308 4267 392 4331 papa
415 4244 573 4331 Gregorio
598 4249 734 4333 septi-o
760 4255 791 4310 et
811 4245 897 4332 apud
914 4244 1037 4312 Grecos
1066 4243 1225 4310 Michaele
1252 4247 1440 4330 imperante.
1465 4241 1584 4308 Notum
1610 4245 1652 4308 sit
1676 4243 1825 4309 omnibus

149 4359 208 4413 tam
241 4351 446 4438 presentibus
483 4375 580 4440 quam
611 4355 759 4440 posteris,
792 4353 879 4439 quod
911 4376 970 4438 ego
1005 4351 1161 4419 Suinimir
1197 4373 1253 4416 seu
1286 4351 1472 4416 Demetrius
1496 4349 1607 4414 diuina
1630 4349 1825 4414 concedente

148 4458 251 4539 gratia
275 4479 334 4522 rex
358 4454 593 4522 Ohrcbatorum
607 4470 639 4524 et
655 4458 922 4542 Dalmatiuorum,
941 4481 1013 4523 cum
1038 4458 1188 4524 omnibus
1205 4456 1370 4523 nobilibus
1391 4459 1481 4540 meis,
1501 4457 1646 4521 concessi
1668 4457 1825 4542 prestanti

149 4561 278 4649 Pelagio
304 4563 403 4629 iudici
426 4563 530 4628 insule
554 4563 669 4630 Bracie
685 4567 718 4629 iu
737 4565 909 4646 Dalmatia,
927 4565 1013 4652 quod
1043 4567 1105 4651 ipsi
1130 4563 1255 4629 nobiles
1278 4564 1373 4628 amici
1397 4585 1470 4628 curn
1495 4561 1644 4628 omnibus
1667 4560 1826 4628 insulanis

29 4707 30 4762 j
151 4673 273 4756 possint
296 4669 399 4736 libere
422 4671 563 4737 vendere
586 4680 619 4738 et
640 4693 748 4738 emero
778 4673 810 4735 in
834 4669 984 4737 omnibus
1001 4670 1196 4752 ciuitatibus,
1221 4669 1309 4750 locis,
1335 4680 1367 4735 et
1388 4669 1475 4734 villis
1496 4670 1588 4755 regui
1614 4671 1686 4752 mei,
1716 4693 1827 4735 omnes

29 4838 33 4847 .
152 4787 358 4859 mercaturas,
384 4799 464 4865 quas
488 4775 643 4858 placuerit
658 4779 704 4842 eis
729 4799 835 4844 emere
857 4787 889 4842 et
911 4777 1063 4860 vendere,
1088 4779 1157 4842 sine
1182 4775 1248 4842 ulla
1271 4775 1416 4858 collecta,
1440 4775 1522 4856 daia,
1555 4784 1587 4840 et
1608 4776 1824 4862 impositione,

29 4878 36 4931 i
153 4905 209 4948 nec
232 4887 404 4971 quisquam
428 4884 469 4950 de
492 4884 642 4949 fidelibus
660 4886 740 4950 meis
764 4883 881 4950 audeat
899 4907 954 4950 eos
977 4883 1150 4950 molestare
1173 4882 1238 4949 ullo
1264 4881 1369 4964 modo,
1394 4883 1455 4948 sub
1479 4905 1562 4970 pena
1584 4905 1653 4946 mee
1678 4881 1823 4967 indigua·

154 4989 257 5074 tionis,
282 5002 315 5054 et
336 4989 398 5058 hcc
421 5001 551 5078 propter
582 4989 772 5058 beneuolam
805 4993 1037 5072 tractationem,
1062 5011 1159 5077 quarn
1184 4991 1247 5076 ipsi
1270 4987 1396 5056 nobiles
1420 4988 1460 5054 de
1483 4988 1601 5052 Bracie
1624 4987 1770 5053 fecerunt
1792 4990 1826 5054 fi·

157 5094 281 5162 delibus
306 5098 385 5162 meis
408 5097 563 5184 preclaris
579 5097 723 5182 Dragote
746 5097 830 5165 bano
846 5107 878 5164 et
900 5096 1090 5183 Slauogostc
1114 5098 1242 5183 iupauo.
1258 5094 1303 5160 Et
1322 5093 1382 5160 hec
1405 5094 1490 5158 facta
1514 5094 1642 5158 suntin
1669 5096 1829 5178 presentia

157 5203 349 5270 venerabilis
372 5203 523 5291 Gregorii
547 5205 690 5290 episcopi
704 5201 952 5287 Ghrcbatorum,
975 5202 1063 5268 Petri
1088 5201 1255 5290 capellani,
1280 5200 1425 5286 Dragcte
1459 5199 1545 5281 bani,
1578 5196 1761 5284 Slauogosti
1784 5200 1830 5262 iu·

157 5309 238 5396 paui,
262 5309 421 5376 Berislaui
445 5311 580 5394 comitis,
605 5320 637 5376 et
657 5307 799 5375 Draalne
823 5309 948 5392 iudicis,
973 5330 1031 5398 per
1054 5331 1184 5374 manum
1208 5305 1342 5394 Georgii
1364 5307 1490 5390 notarii,
1527 5327 1599 5376 cum
1634 5305 1829 5394 appensione

158 5417 216 5482 nei
240 5413 349 5504 sigilli.
576 5410 582 5418 ’
