4350 5932
293 418 338 489 6ss

289 621 364 680 tuas
386 616 546 686 nobilitati
562 619 679 706 dignas
698 621 793 688 valde
809 626 932 708 gratias
946 625 997 690 bia
1011 627 1110 692 nostri
1130 624 1330 712 apostolatus
1346 625 1461 694 litteris
1476 629 1614 712 agimus,
1633 635 1834 712 paternoque
1848 645 1970 705 amore,

175 801 180 808 .
288 727 399 808 utpote
429 723 635 792 karissimum
671 726 788 810 lilium,
820 729 862 796 ad
885 733 1044 814 gremium
1065 742 1209 796 .sanctae
1230 731 1319 796 sedis
1348 731 1545 817 apostolicae
1565 732 1677 798 matris
1706 739 1791 814 tuae,
1815 728 1857 796 de
1880 731 1974 794 cuius

291 825 445 898 videlicet
467 831 639 915 purissimo
663 831 750 898 sonte
786 844 893 920 patres
916 838 963 902 tni
985 835 1137 912 melliflua
1166 845 1295 902 sanctae
1317 835 1567 921 praedicationis
1592 847 1745 922 pctauere
1768 835 1900 916 fluenta,
1923 857 1976 900 re·

292 930 442 998 denntem
467 936 670 1021 suscipimus,
705 949 739 1004 et
772 941 971 1024 spiritalibus
1005 940 1229 1027 amplectimur
1263 943 1361 1023 nmis,
1396 945 1496 1027 atque
1529 940 1706 1027 apostolica
1738 940 1890 1006 volumus
1921 939 1977 1004 be·

292 1039 449 1122 nignitate
474 1039 595 1123 fouere,
610 1051 646 1106 ut
667 1046 816 1128 gratiam,
836 1057 869 1109 et
903 1047 1157 1114 benedictionem
1174 1059 1356 1114 sanctornm
1375 1047 1461 1114 Petri
1480 1056 1513 1110 et
1532 1046 1624 1112 Pauli
1639 1046 1858 1133 apostolorum
1891 1047 1979 1132 prin-

292 1143 410 1228 cipum,
434 1157 466 1208 ct
488 1157 629 1212 nostram
654 1159 806 1234 superte
828 1150 950 1216 babeas
980 1151 1140 1236 diffusam,
1170 1178 1190 1218 a
1213 1152 1397 1218 visibilibus
1420 1163 1453 1218 et
1476 1151 1694 1218 invisibilibus
1725 1149 1883 1232 hostibus,
1916 1152 1974 1236 qui

291 1246 388 1314 saluti
411 1247 570 1317 humanae
604 1253 748 1322 insidiari
779 1266 812 1319 et
843 1256 999 1343 impedire
1030 1280 1093 1322 non
1126 1268 1264 1339 cessant,
1302 1257 1411 1324 saluus
1446 1280 1575 1344 semper
1601 1281 1641 1322 ac
1672 1279 1807 1322 securus
1840 1257 1976 1338 existas,

293 1363 500 1442 optatamque
514 1357 556 1422 de
572 1360 710 1424 inimicia
725 1361 894 1428 victoriam
913 1362 1041 1428 lucilius
1057 1365 1162 1449 possis
1178 1361 1307 1428 babere.
1332 1362 1416 1430 Nam
1432 1373 1554 1452 quanto
1577 1366 1646 1448 ipae
1670 1373 1700 1426 te
1725 1363 1787 1428 deo
1809 1360 1978 1428 humiliter

291 1457 440 1536 subdere,
456 1463 640 1550 sanctisque
663 1467 764 1551 ipsius
775 1467 907 1532 obedire
920 1471 1098 1554 praeceptis
1126 1469 1296 1551 studueris,
1308 1479 1405 1555 atque
1415 1469 1516 1555 ipsius
1529 1467 1759 1546 sacerdotibus,
1771 1476 1803 1532 et
1819 1466 2000 1552 ministris,

290 1561 445 1642 boumont
462 1563 606 1636 debitum
623 1592 681 1656 pro
696 1594 806 1636 amore
825 1572 877 1638 dei
896 1571 1099 1655 exhibuerim
1114 1583 1204 1640 tanto
1223 1595 1320 1660 super
1335 1585 1367 1638 te
1382 1593 1493 1640 omnes
1516 1575 1664 1640 inimicos
1680 1583 1762 1654 tnoa,
1782 1583 1821 1638 et
1836 1567 1978 1635 rebelles

289 1668 505 1753 aduersarios,
529 1676 593 1738 eris
616 1677 727 1761 procul
751 1677 849 1742 dubio
873 1680 976 1743 victor
1002 1689 1035 1743 et
1057 1689 1177 1764 potens
1194 1678 1237 1744 Et
1259 1679 1332 1744 ideo
1356 1701 1523 1744 monemus
1545 1678 1735 1746 industriam
1758 1687 1858 1756 mam,
1882 1676 1976 1741 utin

290 1775 441 1840 omnibns
464 1779 529 1844 tuis
551 1779 676 1844 actibus
699 1781 864 1848 dominum
889 1805 1016 1872 semper
1039 1807 1116 1869 pree
1139 1783 1240 1848 oculis
1263 1784 1393 1856 habeas,
1418 1786 1542 1866 timeas,
1566 1793 1599 1848 et
1621 1793 1688 1847 toto
1720 1782 1838 1868 diligas
1862 1779 1972 1862 corde,

291 1896 391 1966 quum
414 1880 541 1948 dicente
565 1885 739 1970 psalmista,
764 1887 877 1953 beatus
909 1901 958 1953 est
980 1891 1032 1952 vir
1061 1892 1116 1976 qni
1149 1893 1239 1954 timet
1271 1889 1437 1955 dominum
1471 1891 1502 1953 in
1536 1889 1759 1975 mandatisque
1791 1891 1861 1953 eius
1885 1887 1979 1972 cupit

290 1987 403 2065 nimis;
431 1997 546 2074 potens
577 1992 610 2054 in
645 2002 730 2056 terra
760 1995 821 2058 erit
856 2017 965 2060 semen
999 1997 1080 2060 eius.
1104 1994 1150 2059 Et
1183 1997 1253 2082 ipse
1278 1998 1310 2059 in
1333 1994 1512 2080 euangelio.
1546 1992 1611 2073 Qui
1634 2017 1696 2078 me,
1720 1996 1834 2080 inquit,
1857 1991 1977 2076 diligit,

293 2114 475 2161 sermonem
499 2117 605 2160 meum
630 2096 782 2176 seruabit,
800 2108 833 2164 et
854 2110 946 2185 pater
973 2123 1062 2166 meus
1083 2099 1197 2185 diliget
1212 2123 1295 2182 eum,
1313 2103 1346 2166 et
1361 2099 1401 2166 ad
1417 2122 1491 2168 cnm
1514 2102 1693 2181 veniemus,
1716 2108 1750 2164 ct
1771 2097 1975 2162 mansionem

293 2197 380 2284 apud
404 2221 477 2264 enm
500 2199 666 2268 faciemus.
690 2202 786 2283 Quod
818 2227 890 2269 cnm
923 2207 968 2272 ita
991 2208 1041 2287 sit,
1065 2209 1092 2270 si
1116 2208 1180 2271 tuis
1211 2204 1305 2270 bonis
1335 2205 1487 2290 operibns
1518 2206 1551 2269 in
1583 2205 1744 2290 praesenti
1776 2201 1974 2280 lucentibus,

293 2303 390 2369 deum
411 2303 654 2390 glorificancris,
677 2308 781 2394 gloria
815 2313 879 2375 eris
902 2315 1097 2398 sempiterna
1120 2314 1153 2376 in
1178 2311 1284 2375 lnturo
1317 2312 1386 2374 sine
1421 2310 1520 2375 dnbio
1551 2309 1740 2374 decoratus:
1774 2306 1883 2387 Quum
1906 2307 1977 2394 ipse

212 2461 220 2474 .
292 2431 352 2495 per
383 2409 518 2497 Moysen
551 2411 613 2476 hoc
643 2435 678 2477 se
708 2412 814 2478 facere
847 2425 990 2490 testatur,
1022 2415 1151 2480 dicens:
1176 2414 1393 2502 glorificantes
1432 2437 1493 2496 me,
1526 2413 1727 2499 glorificabo.
1752 2412 1844 2478 Sicut
1866 2419 1974 2475 autem

291 2525 402 2580 nostro
426 2515 623 2603 praesulatui
645 2507 703 2604 per
724 2522 787 2584 iam
810 2519 911 2585 fatum
945 2521 1170 2607 presbyterum
1194 2521 1256 2584 tria
1279 2521 1478 2606 suggessisti.
1503 2519 1671 2600 Quatenus
1693 2527 1803 2581 nostro
1834 2516 1893 2580 tibi
1917 2537 1976 2580 ore

291 2621 469 2708 apostolico
493 2623 768 2708 benediceremus,
793 2649 850 2712 pro
873 2637 948 2692 tuae
974 2626 1088 2692 salutis
1106 2635 1291 2712 augmento,
1313 2625 1346 2690 id
1369 2627 1474 2712 ipsura
1499 2625 1636 2692 libenter
1659 2624 1805 2689 fecimus.
1831 2621 1915 2686 Nam
1939 2623 1975 2684 in

291 2727 345 2792 die
367 2731 566 2794 ascensionis
581 2730 703 2818 domini
726 2733 810 2798 inter
832 2755 926 2798 sacra
955 2735 1126 2798 missarum
1155 2731 1345 2818 solempnia,
1374 2753 1471 2818 snper
1501 2752 1628 2795 sacrum
1647 2728 1748 2794 altare
1778 2727 1865 2792 beati
1888 2725 1978 2790 Petri

292 2833 430 2922 apostoli
464 2835 674 2919 celebrantes,
709 2837 843 2904 elebatis
881 2861 1008 2903 snrsnm
1046 2838 1204 2919 manibus,
1239 2835 1465 2902 benediximus
1497 2835 1558 2901 tibi
1593 2845 1626 2900 ct
1655 2836 1741 2900 omni
1766 2833 1885 2920 populo
1908 2841 1975 2906 tuo,

293 2942 446 3028 omnique
468 2951 573 3007 terrae
606 2953 691 3026 tnae,
714 2953 748 3008 nt
769 2943 821 3009 bic
852 2953 885 3009 et
907 2945 940 3008 in
964 2953 1129 3008 aeternum
1159 2965 1293 3028 corpore
1317 2941 1412 3007 simul
1436 2953 1468 3007 et
1490 2943 1599 3008 anima
1621 2939 1777 3022 saluatus,
1801 2950 1834 3004 et
1856 2939 1977 3028 princi·

293 3055 404 3133 patum
427 3056 601 3128 terrenum,
625 3071 719 3135 quem
737 3049 847 3128 babes,
865 3071 1028 3136 prospere,
1045 3071 1084 3113 ac
1111 3051 1268 3114 securiter
1290 3071 1405 3133 regere
1429 3049 1542 3134 possis,
1563 3057 1597 3113 et
1618 3049 1651 3110 in
1675 3045 1806 3111 coelesti
1830 3045 1975 3128 regione,

294 3161 526 3239 postmortem
561 3177 634 3219 cum
659 3155 720 3220 deo
754 3155 892 3220 feliciter
915 3155 1068 3239 gaudeas,
1092 3166 1125 3219 et
1145 3157 1178 3219 in
1210 3165 1398 3241 perpetuum
1432 3174 1557 3237 regnes.
1589 3151 1631 3217 Et
1661 3155 1737 3240 quia
1759 3151 1847 3216 bnnc
1869 3151 1977 3235 ipsum

293 3257 476 3324 Jobannem
494 3260 718 3346 presbyterum
735 3261 794 3326 tibi
817 3271 851 3325 et
873 3260 967 3326 nobis
984 3283 1096 3325 verum
1114 3259 1241 3325 fidelem
1266 3262 1298 3323 in
1323 3260 1473 3324 omnibus
1491 3281 1563 3324 esse
1579 3259 1802 3344 cognouimns,
1826 3255 1977 3320 dedimus

292 3361 340 3428 illi
358 3373 501 3428 nostram
536 3365 745 3450 apostolicam
775 3366 944 3454 epistolam
975 3363 1183 3432 deferendam
1216 3367 1285 3451 regi
1318 3363 1543 3450 vulgarorum.
1574 3363 1653 3429 ldeo
1685 3365 1834 3450 petimus,
1858 3371 1895 3425 nt
1917 3383 1977 3446 pro

291 3489 402 3534 amore
421 3472 524 3534 sancti
546 3469 634 3535 Petri
657 3479 691 3535 et
712 3483 831 3554 nostro,
855 3495 927 3537 cum
949 3481 1005 3536 tna
1019 3473 1090 3556 ipse
1112 3469 1250 3550 licentia,
1267 3470 1460 3555 legationem
1476 3469 1560 3536 banc
1575 3479 1717 3535 nostram
1733 3471 1803 3533 sine
1825 3465 1980 3532 tarditate

293 3577 446 3662 perficiat
469 3575 516 3641 Ut
537 3587 570 3642 et
592 3587 724 3666 propter
756 3578 819 3644 boc
849 3588 922 3644 tuae
956 3577 1119 3643 dilectioni
1145 3575 1338 3662 multiplices
1362 3577 1482 3663 gratias
1506 3573 1682 3641 habeamus
1713 3573 1800 3638 Data
1822 3571 1896 3637 Vll.
1923 3571 1978 3636 die

295 3682 416 3745 mensis
433 3680 534 3762 Junii,
555 3682 731 3750 indictione
753 3685 832 3750 XII.
1546 3679 1551 3696 ¹

451 3831 482 3886 la
504 3829 711 3902 ratikanskcga
732 3831 867 3903 rulopiaa
889 3833 940 3888 Xl.
962 3832 1062 3888 vieta:
1086 3831 1232 3903 Epistolae
1254 3829 1374 3886 «loannis
1396 3829 1474 3886 Vlll.
1497 3830 1551 3901 Ep.
1574 3831 1634 3884 191
1660 3837 1721 3883 atr.
1744 3827 1793 3883 78.

753 4124 923 4207 LXXV.
950 4125 1039 4206 879.
1064 4123 1100 4204 l.
1128 4121 1281 4224 llpnla.
1311 4120 1347 4202 lY
1374 4120 1516 4202 lllmu.

292 4322 373 4380 loca
402 4321 493 4380 vm.
516 4343 600 4397 papo
615 4325 717 4395 jooija
742 4321 899 4393 Teodorijrt
933 4321 1062 4392 biskapa
1095 4317 1262 4386 sineterra,
1284 4317 1361 4376 balta
1388 4333 1430 4390 po
1458 4316 1599 4374 rodoalus
1615 4315 1718 4389 priato
1741 4317 1851 4388 notros
1876 4333 1898 4372 rs
1922 4333 1977 4372 rra·

409 4429 491 4502 ratje
512 4431 599 4490 ortos
621 4429 738 4498 mee,
760 4425 941 4505 ronjdrcaci
951 4443 1002 4484 ma
1015 4425 1150 4498 medes,
1166 4423 1206 4480 do
1220 4423 1259 4482 od
1273 4423 1360 4496 sicco
1378 4421 1551 4494 pcmedcsjc
1579 4419 1739 4494 baturicho
1756 4421 1861 4493 primi.

380 4630 382 4634 ’
437 4599 622 4666 Theodosio
645 4597 823 4664 venerabili
848 4597 984 4665 diacono
1006 4595 1125 4662 dilecto
1148 4603 1181 4658 et
1202 4592 1304 4660 electo
1327 4604 1459 4658 nocue
1480 4592 1638 4660 ecclesiae
1660 4592 1823 4658 nonensis

455 4739 646 4804 Dilectionis
669 4749 744 4804 tuae
763 4717 878 4803 litteris
902 4739 1049 4824 receptis,
1072 4749 1170 4823 atque
1197 4733 1355 4821 perlectis,
1379 4733 1560 4798 deuotionis
1582 4743 1616 4796 et
1637 4731 1713 4796 fidei
1736 4740 1812 4794 tuae
1842 4731 1977 4794 sinceri-

296 4859 406 4928 tatem,
429 4869 526 4933 quam
550 4849 639 4911 circs
661 4845 831 4910 ecclesiam
848 4844 933 4909 beati
951 4843 1037 4908 Petri
1053 4839 1200 4929 apostoli,
1221 4849 1253 4904 et
1271 4841 1357 4904 circa
1374 4847 1518 4902 nostrum
1546 4835 1746 4923 pontificium
1770 4833 1880 4915 habes
1905 4833 1979 4899 luce

296 4953 416 5021 clarius
446 4954 647 5038 agnouimus.
683 4949 727 5016 Et
755 4951 833 5035 quia
863 4959 1005 5014 nostram
1038 4950 1186 5032 gratiam,
1210 4956 1243 5010 et
1271 4944 1528 5010 benedictionem
1564 4941 1677 5008 humili
1703 4963 1836 5027 prorsas
1858 4939 1978 5005 affectu

296 5069 450 5145 expetere
473 5057 635 5138 studuisti,
659 5054 755 5118 valde
778 5077 889 5120 snmus
911 5055 1037 5138 gauisi;
1063 5075 1137 5118 nam
1153 5050 1365 5118 etdohannes
1396 5047 1591 5116 venerabilis
1616 5047 1786 5135 presbyter
1801 5047 1844 5112 de
1868 5055 1979 5113 verba

296 5175 388 5252 parte
411 5165 557 5243 veniens,
580 5160 682 5226 multa
705 5159 798 5224 nobis
822 5169 896 5224 tuae
917 5158 1070 5224 bonitatis
1093 5167 1126 5222 et
1149 5158 1322 5244 patientiae
1353 5157 1428 5220 vina
1451 5177 1532 5222 roos
1555 5155 1727 5241 praeconia
1750 5151 1868 5235 retulit,
1892 5173 1979 5239 quae

296 5270 332 5336 in
355 5268 523 5336 acerdote
538 5265 660 5332 Christi
683 5287 879 5350 magnopere
901 5275 976 5330 sunt
1009 5262 1167 5328 habenda
1193 5261 1287 5328 Unde
1317 5271 1359 5342 te,
1389 5262 1482 5348 qnasi
1504 5259 1658 5326 dilectum
1685 5259 1831 5340 corporis
1854 5256 1979 5329 Christi

298 5375 488 5458 mtrem,
511 5383 545 5440 et
567 5369 745 5459 spiritalem
778 5368 880 5436 tilium
913 5370 1014 5434 nostri
1041 5367 1240 5455 apostolatus
1255 5366 1340 5432 ulnia
1354 5367 1497 5444 extenm's
1519 5363 1754 5452 amplectimur,
1778 5372 1979 5451 paternoque
