4350 5932
295 409 341 476 24

290 605 489 670 volunlatem
515 611 627 668 contra
654 611 799 668 nostrum
823 605 960 668 vetitum
983 602 1162 668 inclinaret
1195 601 1261 668 Sed
1292 625 1333 668 ne
1356 602 1408 666 vel
1432 613 1509 666 tunc
1530 604 1717 688 irrequisita
1738 625 1824 688 quae
1847 603 1892 668 ad
1916 624 1980 666 uos

291 708 415 796 perlata
434 709 563 774 fuerant
587 719 821 794 permanerent,
849 710 967 774 uostris
993 720 1027 773 ut
1050 708 1112 774 buc
1145 711 1271 772 veniret
1305 706 1448 794 epistolis
1471 717 1521 772 est
1543 709 1729 772 accersitus.
1754 707 1860 788 Quem
1878 710 1996 772 etiam.
2064 709 2073 736 '

290 838 392 901 prauo
414 814 519 880 studio
543 814 758 894 differentem,
777 837 875 878 curae
891 815 985 880 uobis
1002 815 1063 878 luit
1092 814 1152 878 sub
1169 813 1394 898 interdictione
1422 815 1655 880 communionis
1683 814 1807 878 iteratis
1830 811 1979 898 epistolis

289 919 473 996 admonere,
499 929 534 982 ut
555 919 598 983 ad
620 941 679 982 nos
706 942 763 1004 pro
785 922 834 982 sui
859 919 1080 1005 purificatione
1113 921 1225 984 venire
1256 921 1464 984 excusatione
1484 921 1662 1004 postposita
1687 929 1885 1006 properaret.
1911 918 1979 984 Sed

290 1024 388 1109 elegit
410 1025 736 1088 excommunicationi
760 1025 981 1106 succumbere,
1016 1047 1113 1112 quarn
1130 1024 1345 1090 obedientiam
1378 1023 1542 1091 exhibere.
1568 1023 1665 1090 Unde
1687 1028 1823 1110 contigit
1847 1035 1882 1088 ut
1906 1047 1977 1110 per·

291 1153 405 1194 uersae
436 1131 537 1214 ipsius
570 1132 685 1194 mentis
720 1133 863 1215 prauitas
896 1133 928 1194 in
964 1153 1054 1194 suam
1086 1131 1166 1194 alios
1197 1152 1316 1211 secum,
1349 1131 1436 1215 quod
1467 1130 1530 1194 dici
1557 1130 1648 1196 nefas
1672 1141 1730 1210 est,
1759 1129 1978 1216 perditionem

291 1233 509 1300 conuolueret.
533 1233 629 1298 Nunc
651 1245 757 1298 autem
776 1237 854 1321 quia
869 1235 911 1298 ab
935 1238 1004 1325 eius
1028 1246 1060 1300 te
1084 1237 1227 1321 nequitia
1243 1238 1460 1319 ,cognouimus
1485 1235 1664 1334 dissentire,
1691 1235 1833 1321 denique
1854 1245 1891 1300 ut
1916 1256 1979 1300 uec

83 1335 91 1356 ’
170 1365 174 1370 ·
290 1343 320 1405 ei
343 1341 572 1420 communices,
607 1361 668 1402 nec
697 1342 836 1403 nominis
870 1343 970 1426 ipsius
1000 1339 1100 1404 facias
1124 1343 1208 1403 iuter
1230 1361 1323 1404 sacra
1346 1342 1516 1406 missarum
1541 1341 1687 1408 solennia
1710 1345 1916 1422 mentionem,
1941 1351 1980 1406 ut

289 1447 417 1509 animae
440 1455 514 1508 tuac
536 1443 589 1508 vel
613 1465 683 1510 sero
703 1454 734 1509 te
758 1444 800 1508 ab
824 1468 862 1509 en
886 1445 1090 1508 discordasse
1124 1445 1278 1530 proficiat,
1302 1447 1431 1530 scriptis
1454 1454 1485 1508 te
1508 1447 1733 1531 praesentibus
1756 1447 1978 1528 adhortemur,

290 1562 447 1635 quatenus
471 1548 514 1614 ad
538 1572 596 1614 uos
620 1572 710 1614 mora
742 1551 891 1614 submota
915 1551 1025 1614 venire
1056 1571 1118 1615 nou
1142 1549 1281 1630 differas,
1305 1551 1361 1615 sed
1386 1561 1418 1614 et
1441 1550 1520 1616 alios
1543 1561 1658 1632 tecum,
1682 1573 1765 1638 quos
1788 1561 1896 1616 tamem
1921 1575 1980 1638 po·

290 1659 400 1737 tueris,
425 1656 594 1741 episcopos
618 1665 806 1743 ceterosque
831 1655 998 1741 religiosus
1021 1655 1153 1720 festines
1177 1655 1346 1734 adducere,
1363 1665 1398 1720 ut
1420 1677 1536 1720 caussa
1551 1655 1701 1722 subtilius
1725 1659 1920 1739 examinata,
1945 1667 1981 1723 et

291 1773 411 1846 nostra,
435 1765 462 1827 si
491 1785 543 1826 rea
576 1764 732 1845 exegerit,
768 1783 910 1847 congrue
942 1763 1160 1848 decenterque
1189 1761 1307 1826 debeat
1337 1759 1496 1826 absolutio
1525 1763 1706 1846 prouenirc,
1730 1772 1762 1826 et
1796 1762 1830 1826 bi
1861 1765 1980 1848 quiin

292 1877 425 1953 peccato
446 1867 591 1932 eiusdem
613 1867 794 1930 temeritate
818 1866 951 1951 collapsi
975 1877 1058 1946 sunt,
1082 1865 1123 1929 ad
1157 1867 1241 1930 niam
1266 1864 1387 1946 salutis,
1411 1865 1588 1930 auxiliante
1611 1865 1706 1932 beato
1727 1867 1824 1932 Petro
1848 1879 1980 1954 aposto·

267 1983 281 2008 ⁸
293 1973 397 2039 lorum
422 1974 577 2059 principe,
602 1973 814 2056 dispositione
830 1971 891 2034 deo
908 1970 1025 2056 placita
1042 1981 1243 2037 reuocentur.
1268 1969 1356 2034 Sciat
1375 1981 1482 2035 autem
1506 1973 1653 2057 quisquis
1668 1971 1710 2035 ad
1726 1995 1785 2037 nos
1803 1975 1980 2060 episcopus

294 2078 347 2144 vel
371 2077 542 2163 religiosus
568 2078 705 2158 venerit,
742 2075 862 2140 nullum
897 2099 932 2140 se
963 2076 1194 2162 praeiudicium
1217 2074 1269 2140 vel
1293 2077 1480 2142 iniustitiam
1505 2078 1674 2158 sustinere,
1698 2076 1756 2142 sed
1779 2079 1824 2142 ita
1847 2080 1979 2144 interim

296 2186 425 2270 cognita
449 2184 585 2247 veritate
609 2203 693 2267 quae
715 2182 909 2267 redemptori
933 2195 1040 2246 nostro
1072 2180 1252 2266 placuerint
1270 2180 1421 2264 ordinari,
1437 2191 1596 2270 quatenus
1619 2205 1663 2246 ex
1684 2183 1756 2268 ipsa
1778 2193 1889 2248 nostm
1912 2183 1980 2250 dis·

292 2291 481 2377 pensatione
504 2288 635 2354 domiuo
664 2287 861 2370 suffragante
892 2289 1016 2351 cunctis
1047 2295 1208 2371 appareat,
1240 2308 1303 2349 uon
1334 2309 1393 2350 nos
1424 2289 1553 2373 proprio
1591 2287 1664 2352 odio
1688 2296 1801 2353 coutm
1823 2288 1980 2377 aliquem,

292 2396 349 2462 sed
373 2395 426 2460 dei
448 2393 519 2460 uelo
542 2401 576 2458 et
598 2391 811 2458 ecclesiastici
836 2392 958 2458 ordinis
978 2391 1147 2456 libramine
1172 2394 1378 2458 commoneri.

377 2531 391 2544 ·
451 2523 552 2579 blansi.
576 2523 714 2579 Collectio
738 2521 847 2578 concil.
871 2523 906 2576 T.
929 2521 965 2576 X
989 2526 1040 2580 atr.
1064 2521 1115 2575 59.

636 2799 817 2882 XXXV.
844 2799 933 2882 aar.
960 2799 1149 2899 mjeseca
1175 2799 1392 2898 prosince.
1420 2799 1457 2881 U
1487 2801 1633 2882 Rimu.

292 2998 395 3074 Grqur
418 2997 444 3054 I.
471 3014 557 3070 popo
576 2997 679 3069 primo
694 3014 715 3055 a
730 2995 1022 3069 mttostSabiaijono
1038 2995 1165 3068 btstupo
1189 2995 1570 3070 sadorskoyu‚toj1›orudi
1592 2997 1737 3072 trutenja
1759 3016 1774 3058 s
1797 2999 1983 3058 Motatorem

291 3105 411 3166 morode
433 3108 574 3162 aare-orca
597 3121 618 3162 u
640 3103 807 3160 monastirie
824 3103 942 3174 potura
958 3101 1062 3169 ereata
1077 3100 1201 3173 sojedno
1217 3118 1267 3158 mu
1283 3101 1388 3160 astute
1403 3103 1443 3160 do
1455 3121 1495 3176 qo
1516 3103 1631 3164 iaoicsti
1646 3105 1779 3176 ostonju
1803 3105 1983 3178 Floronciju

465 3210 593 3281 sisausa
616 3207 849 3285 dubrouor‘topu,
873 3208 977 3281 tojeyo
1004 3206 1104 3278 suase
1114 3223 1251 3280 prognoo
1271 3207 1396 3280 potojnt
1423 3208 1519 3266 Natat
1540 3209 1646 3281 bistrup
1668 3209 1803 3270 sorarai.

748 3377 937 3462 Gregorius,
963 3376 1140 3442 Sabiniano
1164 3377 1316 3461 episcopo
1339 3375 1517 3441 Jadertino.

446 3554 542 3626 ,Sicut
565 3556 785 3640 perseueranti
810 3553 933 3639 culpae,
957 3553 1094 3618 debetur
1117 3555 1186 3616 iure
1211 3552 1363 3632 uindicta,
1380 3553 1425 3616 ita
1441 3554 1705 3638 resipiscentibus
1721 3566 1771 3620 est
1790 3559 1885 3620 venia
1901 3579 1980 3622 con·

293 3661 448 3729 cedenda.
473 3661 555 3726 Nam
580 3671 615 3723 ut
638 3683 688 3724 res
711 3658 767 3722 illa
789 3641 901 3723 contra
932 3681 967 3723 se
999 3661 1113 3722 merito
1141 3657 1340 3722 iracundiam
1372 3641 1525 3740 excitare,
1554 3661 1581 3722 si
1600 3659 1680 3724 baec
1703 3662 1736 3724 in
1755 3684 1815 3726 sua
1846 3685 1982 3756 prossus

290 3767 464 3836 dilectione
498 3765 580 3829 solet
611 3763 817 3828 concordiam
847 3785 1036 3850 propagare.
1069 3761 1112 3826 Et
1141 3762 1214 3826 ideo
1247 3763 1323 3847 qnia
1349 3762 1581 3827 fraternitatem
1605 3773 1692 3828 tuam
1716 3789 1736 3830 a
1759 3773 1923 3834 consortio
1947 3779 1984 3834 et

292 3874 517 3960 commuuione
543 3869 688 3948 Maximi,
725 3867 781 3932 ubi
805 3880 836 3932 te
858 3869 947 3953 prius
971 3867 1137 3950 neglectus
1162 3866 1342 3952 impulerat,
1366 3869 1399 3930 iu
1422 3878 1545 3932 tautum
1570 3880 1682 3953 postea
1705 3875 1848 3954 grauitas
1873 3897 1982 3938 sacer·

291 3979 371 4043 dotii
394 3976 436 4050 ad
459 3977 602 4039 animum
627 3974 763 4038 reducta
797 3973 974 4058 suspendit,
1009 3985 1044 4036 ut
1074 3974 1143 4036 eius
1175 3971 1243 4036 sola
1275 3971 1456 4036 nullatenus
1477 3977 1632 4058 patereris
1656 3998 1728 4041 esse
1752 3982 1982 4063 segregatione

290 4093 470 4163 contentus,
496 4081 557 4143 nisi
581 4090 614 4143 ct
636 4081 668 4143 iu
693 4081 879 4146 monasterii
898 4089 929 4144 te
947 4079 1088 4142 claustra
1111 4079 1270 4162 recipiens
1296 4077 1417 4144 dudum
1434 4081 1606 4146 commissa
1628 4079 1781 4164 defleree;
1807 4097 1982 4169 eapropter

291 4191 324 4254 iu
349 4197 460 4252 nostra
484 4195 515 4250 te
538 4187 643 4269 gratia
665 4185 704 4248 ad
730 4187 991 4248 communionem
1016 4191 1179 4268 receptum
1204 4205 1354 4247 essenon
1372 4181 1509 4265 dubites,
1534 4207 1607 4248 nam
1625 4197 1778 4271 quantum
1805 4211 1863 4251 nos
1888 4193 1980 4276 prius

291 4293 386 4380 culpa
401 4304 474 4357 tuae
491 4291 634 4356 caritatis
652 4290 837 4370 offenderat,
856 4299 978 4354 tantum
996 4290 1193 4374 poenitentia
1209 4290 1377 4371 mitigauit.
1395 4287 1515 4352 Hortor
1527 4290 1633 4372 igitur,
1647 4291 1855 4357 dilectissime
1869 4296 1980 4378 frater,

291 4411 327 4465 ut
343 4399 436 4486 gregi
459 4397 621 4496 dominico
646 4394 857 4482 pastoralem
879 4393 1116 4460 solicitudinem
1151 4395 1308 4457 instanter
1332 4393 1509 4478 impendas,
1542 4393 1731 4489 lucrumque
1757 4399 1797 4462 de
1829 4403 1982 4468 comissis

294 4504 412 4570 ouibus
437 4503 544 4568 facere
576 4501 747 4586 diligenter
775 4500 936 4585 inuigiles,
956 4509 989 4563 ut
1018 4508 1140 4563 tantum
1173 4498 1231 4562 tibi
1259 4499 1408 4582 copiosae
1433 4497 1599 4563 retributio
1629 4502 1788 4566 mercedis
1809 4505 1980 4590 exuberet,

290 4620 445 4698 quantum
470 4611 502 4674 in
526 4607 699 4673 aduentum
722 4610 843 4673 aeterni
868 4606 983 4671 iudicis
997 4604 1188 4690 multiplices
1211 4602 1331 4666 laboris
1354 4601 1476 4666 fructus
1500 4603 1663 4669 obtuleris.
1688 4605 1789 4673 Stude
1812 4612 1921 4696 itaque
1945 4615 1981 4678 in

293 4715 390 4802 culpa
413 4714 523 4800 lapsos
546 4715 680 4798 erigere,
705 4714 797 4778 stude
826 4711 1008 4776 errantibus
1033 4707 1236 4796 regrediendi
1254 4709 1338 4771 viam
1355 4707 1533 4788 ostendere,
1557 4710 1650 4774 stude
1670 4717 1897 4781 commuuione
1915 4720 1982 4802 pri·

290 4831 383 4886 uatos
407 4818 450 4883 ad
475 4820 711 4883 communionis
745 4805 918 4884 salubriter
950 4818 1086 4901 gratiam
1117 4835 1277 4879 reuocare.
1306 4812 1356 4877 Sit
1385 4815 1502 4878 ceteris
1521 4816 1662 4880 caritatis
1687 4830 1812 4882 vestrae
1833 4826 1981 4890 reuersio

289 4927 468 5013 ereptionis
494 4923 648 5006 officium,
672 4926 714 4988 sit
737 4924 848 4988 salutis
873 4921 1077 5008 exemplum3
1100 4930 1257 5006 quatenus
1280 4917 1356 4982 dum
1391 4930 1533 4984 errantes
1555 4943 1685 5003 gressus
1702 4925 1810 4988 ouium
1827 4926 1868 4990 ad
1886 4941 1982 5012 septa

292 5032 409 5096 summi
423 5029 564 5118 pastoris
587 5028 800 5096 solicitudinis
817 5039 944 5093 vestrae
960 5050 1037 5092 cura
1055 5025 1219 5104 direxerit,
1245 5045 1304 5088 nec
1320 5025 1408 5108 ipsae
1424 5022 1571 5108 luporum
1589 5024 1739 5092 dentibus
1753 5029 1982 5116 relinquantur

290 5137 469 5223 expositae,
494 5144 527 5198 et
549 5143 580 5198 te
603 5135 636 5198 in
660 5146 791 5202 aeterua
808 5136 883 5216 vita,
901 5133 988 5220 quod
1005 5151 1209 5216 summopere
1230 5129 1403 5214 petendum
1427 5137 1485 5209 est,
1511 5128 1628 5213 dignae
1648 5138 1868 5217 compensatio
1885 5142 1980 5204 retri-

291 5242 431 5306 butionis
458 5240 609 5324 excipiat.
635 5239 685 5304 De
702 5263 817 5304 caussa
841 5263 917 5304 vcro
945 5261 1043 5325 quam
1068 5235 1162 5302 uobis
1183 5236 1366 5319 scripsistis,
1391 5243 1427 5298 ut
1449 5232 1634 5318 debeamus,
1659 5260 1700 5300 ne
1725 5241 1757 5302 iu
1782 5239 1863 5305 urbe
1886 5245 1983 5326 regia

290 5355 403 5412 contra
426 5367 485 5411 vos
510 5346 709 5430 surripiatur,
735 5368 806 5412 esse
838 5344 966 5427 soliciti,
990 5344 1115 5408 animos
1150 5351 1274 5406 vestros
1298 5361 1350 5404 res
1374 5341 1436 5406 ista
1458 5361 1522 5404 uon
1547 5341 1663 5408 turbet.
1687 5343 1770 5432 Nam
1795 5348 1981 5432 responsali
