4310 5918
298 367 362 436 122
430 391 445 409 ·

291 565 428 628 starium
447 563 643 629 construatis
658 561 761 645 vobis,
786 567 968 652 vestrisque
993 566 1241 647 successoribus,
1267 567 1350 630 sicut
1365 587 1458 630 sacra
1474 565 1650 630 beatissimi
1669 565 1836 629 Benedicti
1861 565 1977 629 edocet

292 668 405 752 regula
436 671 571 753 integre,
596 668 652 732 illa
676 672 859 736 veneranda
883 673 962 755 loca,
996 683 1031 736 ut
1061 674 1208 758 superius
1240 672 1480 752 constituimus,
1510 691 1583 734 cum
1616 671 1748 755 prelatis
1772 669 1918 734 ecelesiis
1942 679 1975 734 st

293 773 441 838 omnibus
465 774 669 839 inferioribus
692 799 731 840 ac
755 779 972 863 superioribus
1005 780 1080 859 suis,
1113 788 1145 840 et
1176 799 1247 841 cum
1272 777 1334 839 viis
1363 777 1439 856 suis,
1473 774 1672 860 ingrediendi
1709 784 1741 838 et
1775 773 1974 857 egrediendi,

290 876 439 961 habendi,
465 879 660 964 possidendi,
693 889 725 945 et
747 905 874 946 omnem
899 884 1043 948 ordinem
1068 880 1325 973 monasterialem
1350 880 1394 944 ibi
1419 879 1558 944 faciendi
1589 879 1817 954 concedimus;
1849 877 1971 943 nullam

289 1005 428 1069 namque
445 987 696 1050 reseruationem
722 985 854 1052 cuilibet
884 999 1052 1074 parentum
1066 988 1127 1052 .vel
1160 987 1312 1051 heredum
1331 985 1510 1072 aliquorum
1528 993 1709 1050 nostrorum
1733 984 1870 1048 facimus
1887 985 1974 1066 inde,

289 1098 343 1152 ant
361 1086 539 1175 quamlibet
558 1092 737 1175 portionem
769 1095 961 1179 requirendi,
994 1094 1059 1158 Sed
1084 1116 1122 1158 eo
1146 1093 1240 1158 modo
1264 1093 1488 1157 constituimus
1512 1101 1544 1156 et
1567 1089 1760 1155 stabiliendo
1792 1090 1971 1170 firmamus,

290 1201 325 1257 ut
358 1196 386 1256 si
418 1192 525 1280 aliquo
550 1205 693 1281 tempore
719 1196 771 1260 vel
792 1220 850 1261 nos
877 1199 928 1262 rel
945 1197 1061 1284 aliquis
1085 1207 1264 1265 nostrorum
1289 1205 1458 1283 parentum
1489 1219 1546 1260 scu
1577 1206 1768 1277 extraneus,
1799 1195 1893 1259 vobis
1923 1203 1981 1258 aut

289 1300 425 1384 posteris
455 1301 571 1365 vestris
605 1300 780 1366 molestiam
814 1303 964 1383 intulerit,
998 1303 1110 1393 volens
1133 1303 1207 1367 inde
1226 1301 1348 1388 aliquid
1373 1303 1405 1365 vi
1429 1301 1565 1382 auferre,
1591 1301 1642 1366 vel
1676 1303 1828 1380 minuere,
1853 1309 1886 1364 et
1909 1323 1975 1363 non

288 1405 407 1468 erimus
435 1405 529 1470 vobis
550 1406 591 1470 ab
620 1408 769 1471 omnibus
796 1407 993 1474 deffensoree
1025 1419 1057 1472 et
1086 1409 1426 1494 adiutores,vcsntum
1460 1407 1559 1471 libras
1582 1409 1652 1470 auri
1677 1427 1907 1493 componamus
1939 1407 1973 1468 in

163 1496 195 1532 ’·
289 1493 504 1578 monasterio:
529 1509 573 1575 Et
595 1510 656 1577 hoc
685 1512 887 1599 priuilegium
921 1523 952 1577 et
985 1515 1170 1578 constitutio
1201 1517 1293 1579 firma
1324 1523 1519 1599 permaneat.
1550 1511 1594 1576 Et
1624 1513 1649 1577 si
1682 1511 1791 1597 aliqua
1822 1521 1977 1598 proterua

288 1635 396 1696 causa,
427 1615 511 1680 inira
543 1615 625 1680 hanc
656 1628 797 1682 nostram
829 1620 1087 1684 constitutionem
1110 1618 1267 1682 adversus
1291 1641 1349 1682 vos
1381 1628 1450 1684 orta
1480 1617 1586 1702 fucrit,
1619 1617 1767 1682 iubemus
1800 1625 1835 1680 nt
1863 1637 1974 1680 coram

288 1719 440 1807 episcopo
464 1731 496 1812 et
518 1722 625 1806 priore
649 1745 706 1787 seu
729 1725 815 1788 omni
845 1722 973 1809 populo,
997 1723 1290 1808 proclamationem,
1320 1723 1418 1789 semel
1441 1723 1584 1802 faciatis3
1608 1732 1641 1787 et
1671 1723 1698 1785 si
1729 1720 1872 1786 secunda
1903 1721 1978 1784 vice

286 1821 407 1889 nullam
431 1826 524 1891 robis
542 1827 797 1894 emendationem
814 1829 888 1893 inde
903 1829 1084 1911 fecerimus,
1101 1828 1263 1894 licentiam
1280 1828 1414 1893 liberam
1445 1827 1594 1892 habetote
1611 1825 1797 1890 discedendi
1826 1848 1846 1890 a
1868 1823 1975 1906 nobis,

287 1939 319 1993 ct
348 1931 444 1995 eundi
473 1930 515 1996 ad
546 1955 673 2017 regem,
705 1943 736 1998 et
766 1935 849 1999 sicut
871 1957 930 1998 rex
942 1938 961 2010 ¹,
987 1934 1150 2016 docuerit,
1171 1934 1217 1999 ibi
1239 1933 1397 1998 emendet.
1423 1933 1491 1997 Hoc
1517 1931 1721 2018 priuilegium
1754 1930 1812 1994 tibi
1837 1928 1976 1994 Falconi

286 2044 318 2099 et
351 2037 415 2100 tuis
447 2038 687 2102 suecessoribus
727 2038 832 2103 taliter
865 2039 1007 2105 scribere
1045 2041 1204 2106 iubemus.
1239 2039 1356 2104 Actum
1389 2043 1421 2103 in
1453 2037 1532 2103 urbe
1568 2036 1718 2101 Arbensi.
1759 2036 1840 2100 Item
1874 2057 1974 2120 supra

290 2139 378 2204 dleta
408 2139 569 2206 hereditas
601 2145 703 2207 sancti
736 2143 890 2231 Cypriani
920 2148 961 2209 sit
984 2148 1164 2210 communie
1188 2167 1258 2210 cnm
1284 2153 1395 2210 sancto
1420 2143 1512 2207 Petro
1536 2143 1752 2220 affirmamus3
1788 2162 1852 2204 non
1876 2163 1896 2204 a
1919 2163 1973 2204 me

285 2243 353 2310 solo
376 2247 537 2332 episcopo,
554 2247 606 2311 vel
627 2271 647 2312 a
669 2251 783 2329 meist,
809 2251 1004 2335 parentibus,
1029 2251 1087 2315 sed
1111 2253 1212 2336 prImo
1237 2251 1370 2336 abipsa
1393 2245 1775 2330 ecclesiaetfratribus,
1812 2256 1845 2310 et
1879 2245 1968 2310 omni

286 2347 382 2432 clero,
414 2341 566 2438 omnique
596 2352 716 2438 populo
749 2354 923 2420 obtulimus
947 2355 1007 2420 deo
1031 2357 1250 2441 omnipotenti.
1276 2355 1347 2444 Ego
1379 2355 1491 2437 Drago
1515 2353 1694 2416 immeritus
1718 2351 1860 2414 omnium
1886 2351 1972 2435 epis·

286 2476 395 2540 copus,
419 2477 492 2520 cnm
516 2457 666 2522 omnibus
690 2461 807 2524 nostris
830 2459 956 2524 clericis
980 2460 1216 2542 confirmamus,
1242 2469 1274 2524 et
1296 2459 1531 2538 constituimus,
1557 2473 1590 2521 ut
1605 2458 1627 2538 ³,
1652 2457 1849 2543 quicumquo
1874 2454 1971 2517 homo

285 2582 342 2624 seu
366 2559 407 2624 de
432 2569 541 2626 nostra
571 2563 660 2645 urbe,
684 2563 735 2628 vel
760 2564 919 2646 alienus,⁴
941 2566 1098 2630 aduersus
1122 2565 1206 2630 hanc
1229 2575 1370 2630 nostram
1392 2563 1651 2628 constitutionem
1685 2561 1812 2646 litigare
1835 2569 1972 2645 tempta·

286 2669 376 2748 uerit,
390 2651 745 2736 anathematis'vincnlo
762 2681 915 2756 perpetuo
932 2669 1096 2756 religetur,
1121 2682 1151 2735 et
1175 2671 1400 2756 omnipotentis
1414 2669 1476 2751 dei,
1491 2653 1699 2752 omniumque
1725 2663 1968 2751 prophetarum,

286 2780 318 2834 at
330 2769 499 2836 dnodecIm
513 2771 739 2858 apostolorum,
752 2797 791 2838 ac
814 2773 1017 2840 CCCXVIII
1033 2785 1216 2839 sanctorum
1235 2787 1358 2860 patrum
1373 2777 1386 2815 ⁵
1400 2777 1543 2838 incurrat
1560 2773 1827 2852 maledictionem,
1843 2780 1875 2834 et
1891 2791 1967 2834 cum

286 2874 375 2940 Jnda
392 2875 553 2961 proditore
571 2880 806 2964 mancipetur,⁵
828 2882 861 2944 in
884 2879 1019 2962 inferno,
1044 2891 1075 2944 et
1098 2880 1184 2944 illam
1201 2879 1384 2964 terribilem,
1401 2902 1440 2944 ac
1463 2877 1650 2943 horribilem
1675 2899 1787 2942 vocem
1807 2875 1972 2940 mereatur

287 2979 408 3063 audire,
433 3003 528 3068 quam
553 2981 701 3049 Christus
733 2995 782 3049 est
812 2985 1116 3072 dicturnsiniquis:
1148 2987 1197 3050 Ite
1232 2985 1403 3049 maledicti
1439 2983 1483 3049 Et
1515 2985 1569 3070 qui
1600 2983 1751 3047 defensor
1781 2992 1814 3046 et
1842 2981 1973 3046 adiutor
2052 3063 2060 3067 .

284 3089 436 3166 extiterit,
458 3089 792 3154 suauissimam·illam
817 3113 927 3157 vocem
954 3101 1113 3156 mereatur
1128 3091 1238 3155 audire
1263 3113 1335 3155 cum
1359 3089 1470 3154 iustis:
1495 3087 1610 3153 Venite
1635 3087 1806 3152 benedieti.

285 3193 356 3278 Ego
382 3191 519 3278 Drago²
542 3197 711 3281 episcopus
733 3198 860 3281 signum
884 3203 905 3281 †
929 3198 998 3263 feci.
1169 3196 1239 3280 Ego
1264 3195 1368 3260 Maius
1394 3197 1480 3279 prior
1504 3195 1630 3278 signum
1652 3195 1676 3280 ¹†
1700 3192 1770 3258 feci.
1832 3223 1839 3238 ι

284 3298 355 3383 Ego
379 3299 524 3365 Joannea
546 3301 792 3366 archidiaconus
816 3306 943 3388 signum
968 3307 989 3385 †
1013 3303 1084 3367 fect.
1171 3301 1242 3385 Ego
1267 3299 1425 3364 Martinus
1450 3301 1576 3384 signum
1600 3301 1621 3380 †
1644 3297 1716 3362 feel.

285 3401 354 3487 Ego
378 3403 533 3470 diaconus
557 3405 717 3491 Georgius
742 3409 868 3490 signum
892 3411 913 3489 †
936 3408 997 3470 feci
1170 3406 1240 3490 Ego
1264 3403 1369 3469 Maius
1393 3405 1519 3488 signum
1543 3406 1564 3484 †
1586 3403 1658 3467 feci.

284 3507 356 3592 Ego
380 3509 487 3574 Barba
509 3511 681 3598 presbyter
703 3513 830 3596 signum
854 3517 875 3593 †
897 3511 969 3576 feci.
1167 3511 1238 3596 Ego
1263 3509 1493 3574 Constantinus
1518 3497 1645 3592 signnm
1669 3512 1690 3588 †
1714 3508 1785 3572 feel.

285 3612 357 3697 Ego
379 3613 524 3679 Joannes
547 3615 810 3704 archIpresbyter
834 3619 961 3701 siguum
985 3621 1006 3699 †
1027 3616 1100 3682 fici.
1169 3617 1241 3701 Ego
1265 3615 1370 3679 Maius
1395 3613 1511 3677 Cattos
1536 3615 1662 3698 signum
1688 3613 1802 3693 †fecI.

284 3718 356 3803 Ego
380 3719 594 3806 Lampredius
618 3722 706 3807 prior
730 3724 855 3806 elgnnm
880 3726 902 3803 †
926 3722 997 3789 feci.
1171 3721 1242 3805 Ego
1266 3719 1411 3782 Marinus
1435 3719 1560 3802 signum
1585 3721 1606 3798 †
1630 3717 1692 3781 feci

442 3841 485 3896 Od
506 3859 557 3895 ove
581 3841 677 3896 listine
701 3841 844 3898 saduvnna
867 3859 898 3896 su
922 3843 975 3896 dva
1000 3851 1076 3898 stara
1099 3843 1219 3914 prepisa,
1242 3841 1297 3895 oba
1320 3857 1337 3894 n
1361 3839 1450 3910 gradu
1472 3837 1562 3893 Rabu.
1583 3839 1685 3906 dedan,
1710 3837 1768 3907 koji
1787 3837 1818 3907 je
1842 3855 1878 3907 po
1902 3841 1963 3908 svoj

285 3927 376 3998 prilici
400 3928 489 3998 stariji
512 3929 521 3982 i
546 3927 623 3999 bolji,
659 3929 751 3984 nalaai
775 3947 806 3985 se
829 3948 847 3984 u
871 3931 1036 4000 rukopisnih
1069 3929 1199 4002 registrih
1235 3927 1350 3998 kaptola
1379 3927 1463 3982 crhve
1495 3925 1604 3996 rabske,
1627 3944 1645 3980 a
1668 3926 1749 3997 drugi
1774 3924 1908 3994 prepisan
1926 3943 1963 3994 po

286 4015 370 4070 Petru
387 4015 535 4086 Gozinidu,
560 4015 712 4072 Ianeelaru
735 4017 876 4089 rabslrom,
897 4017 968 4073 duva
992 4037 1022 4074 ae
1045 4038 1062 4073 u
1078 4018 1163 4073 sbirci
1186 4015 1419 4084 vcleeasludnoga
1440 4031 1520 4084 gosp.
1545 4015 1631 4070 Ivana
1650 4012 1760 4068 Curata
1787 4011 1959 4082 rabljanina,

282 4103 329 4173 lroj
355 4103 391 4157 mi
415 4103 471 4158 oba
493 4104 607 4175 prepisa
629 4104 746 4176 priobc'i.
779 4106 868 4162 Lucio
891 4107 901 4160 i
924 4106 1031 4162 Farlati
1056 4103 1197 4178 priobdibe
1220 4103 1349 4174 takodjer
1371 4119 1424 4157 ovu
1458 4101 1563 4172 listina,
1594 4102 1649 4158 oba
1671 4101 1727 4174 pod
1759 4118 1787 4172 g.
1812 4100 1896 4154 1062
1924 4099 1965 4154 ali

171 4189 190 4200 ”
281 4191 406 4246 velikimi
428 4191 627 4264 pogrietkami,
653 4195 772 4266 iapustiv
795 4211 897 4268 mnoge
919 4193 995 4252 rieti.

837 4381 1079 4464 cxxxlx.
1107 4379 1197 4462 Oko
1224 4401 1261 4479 g.
1290 4377 1410 4461 1060.

287 4512 373 4571 Srmo
396 4515 447 4572 ain
475 4514 677 4588 Pres'tonciieo
699 4518 793 4592 priur
813 4485 911 4592 prada
940 4517 1055 4590 Spttcto
1087 4515 1193 4588 duruje
1223 4517 1397 4573 samostaou
1419 4529 1460 4572 ευ.
1486 4511 1631 4592 Stiepoau
1652 4510 1710 4570 leod
1732 4509 1848 4584 Splieta
1870 4511 1966 4570 crkvu

392 4625 394 4629 ’
756 4638 800 4681 so.
826 4623 941 4695 Mar-ijs
965 4641 985 4681 a
1009 4621 1103 4680 Blatu
1126 4637 1161 4678 so
1185 4619 1273 4678 soimt
1290 4615 1496 4692 pristojalitc't.

439 4727 476 4791 ln
500 4731 627 4794 nomine
651 4730 772 4798 domini
798 4734 899 4797 nostri
924 4731 1004 4796 Jesu
1029 4707 1160 4794 Christi.
1184 4727 1256 4812 Ego
1280 4725 1407 4790 Zirmas
1431 4748 1517 4790 nunc
1538 4726 1625 4810 prior
1648 4723 1850 4809 spalatensis,
1873 4722 1962 4788 filius
2048 4743 2053 4752 ·

282 4830 458 4895 Prestancii
484 4833 564 4898 bono
592 4838 755 4916 memorie,
777 4836 851 4900 olim
877 4840 953 4900 item
978 4835 1169 4919 spalatensis
1193 4833 1317 4918 prioris.
1343 4831 1396 4895 Ex
1420 4853 1484 4916 quo
1509 4831 1656 4894 dominus
1689 4838 1800 4894 noster
1822 4851 1874 4892 me
1898 4827 1963 4893 cle·

257 4936 381 4998 ‘menti
417 4957 474 5004 sua
508 4951 704 5026 paternaque
737 4942 923 5007 visitatione
948 4941 1098 5025 dignatus
1131 4949 1197 5020 est,
1230 4937 1366 5002 adversa
1401 4935 1586 5001 valetudine
1618 4935 1781 5020 variisque
1816 4934 1963 5019 corporis

393 5131 443 5190 'U
466 5135 599 5192 rabskom
614 5145 741 5208 regestru
757 5119 850 5206 „real
870 5138 927 5193 hod
946 5139 1078 5194 Fsrlata:
1102 5136 1146 5190 lia.
1173 5131 1301 5206 ⁹Prepis
1324 5133 1495 5192 Cocinider:
1519 5133 1562 5188 vel
1585 5133 1640 5187 mei
1664 5131 1837 5203 parentibus.
1863 5125 1961 5185 3Ρη)-

279 5219 324 5289 pis
347 5217 504 5298 Comites:
528 5229 564 5278 et.
590 5217 702 5296 ⁴Prep.
726 5224 762 5283 G.
786 5227 910 5282 alterius.
937 5221 993 5282 ⁵U
1015 5224 1150 5295 rukopisn
1173 5221 1208 5278 G.
1224 5221 1372 5294 pogriesoo
1393 5229 1548 5280 trecentum
1572 5219 1762 5292 quadraginta
1793 5223 1915 5290 quatuor
1938 5235 1961 5272 s.

279 5311 401 5376 patrum.
426 5303 553 5379 ⁶Prepis
577 5309 645 5365 Gon.
670 5311 677 5364 i
700 5312 806 5368 Lucio:
832 5313 1017 5385 maopratus.
1044 5308 1144 5368 ⁷Ruk.
1168 5309 1236 5366 Gon.
1260 5310 1383 5381 Dregus.
