4292 5926
406 427 449 492 54

552 627 617 681 Dra
640 633 715 680 stara
740 625 853 695 prepisa
876 626 975 680 nalsze
998 641 1028 680 so
1051 643 1069 680 u
1093 625 1261 680 mletadlrom
1284 625 1383 679 arhivu
1407 625 1451 678 dei
1475 625 1565 679 Frsri.
1591 625 1677 678 Paeto
1708 625 1729 678 l.
1761 623 1861 680 chsrts
1894 624 1948 680 46.
1970 623 1980 678 i
2003 621 2078 677 Paeto

405 716 445 773 11.
470 713 568 770 charta
594 713 666 774 105.
690 713 753 771 Oru
776 715 919 784 prsrstnu
942 713 1024 768 buliu
1046 713 1104 784 nije
1125 713 1253 784 priobdio
1277 713 1386 768 Parlati
1403 730 1420 768 u
1437 713 1515 784 lllyr.
1533 713 1611 768 Sacr.
1624 731 1641 767 s
1656 711 1784 785 nebijsss
1800 718 1926 784 pennata
1942 711 1970 766 ni
1986 709 2078 766 osnes

754 1039 762 1054 ·
819 1003 994 1085 LXXV.
1024 1002 1436 1132 liberaveram.
1465 1003 1502 1086 U
1530 1003 1675 1086 Rimu.

407 1166 540 1241 Adrrjon
579 1163 596 1224 I
601 1167 631 1227 V.
661 1183 756 1246 popu,
780 1165 944 1240 podieljuje
977 1165 1116 1225 Heurilru
1138 1165 1295 1238 patriorlu‘
1322 1165 1503 1240 prodskomu
1532 1166 1544 1224 r·
1576 1166 1723 1241 njeoooim
1754 1166 1973 1238 uoshodnilcom
2015 1165 2078 1222 eluat

968 1270 1032 1330 nod
1053 1269 1231 1330 sudorshom
1253 1270 1503 1344 nodbislrupijom.

556 1476 720 1542 Adrianus
744 1479 915 1563 episeopus
940 1499 1053 1541 seruus
1078 1497 1245 1540 seruorum
1270 1475 1332 1558 dei,
1356 1475 1534 1540 venerabili
1568 1476 1658 1541 fratri
1691 1475 1995 1562 Enricogradensi
2034 1499 2077 1564 ps·

411 1582 560 1666 triarche,
584 1586 717 1670 eiusque
742 1583 983 1649 successoribus
1007 1584 1163 1648 canonico
1186 1581 1419 1647 substituendis
1444 1585 1475 1646 in
1501 1589 1702 1668 perpetuum.

553 1688 604 1754 Ne
628 1691 748 1776 passim
772 1699 804 1753 et
827 1690 1002 1756 indiscrete
1025 1690 1087 1754 sibi
1126 1710 1238 1753 omnes
1269 1686 1405 1752 ecclesie
1436 1689 1542 1752 omnia
1574 1688 1786 1768 vindicarent,
1818 1672 1967 1752 c'onsnlta
1998 1689 2076 1768 satis,

376 1815 378 1822 ·
406 1793 540 1880 utilique
585 1805 767 1859 sanctorum
805 1803 931 1880 patrum
967 1794 1199 1860 deliberatione
1230 1795 1339 1858 sanxit
1372 1795 1562 1874 auctoritas,
1597 1787 1633 1858 ut
1665 1793 1727 1858 ulia
1762 1791 1842 1858 alias
1879 1795 2080 1881 prorogatinr

408 1899 565 1983 dignitate
596 1899 803 1982 excellerent,
828 1909 860 1964 et
883 1902 929 1965 cis
953 1911 1019 1965 tam
1043 1899 1207 1965 iudicandi
1231 1901 1432 1985 auctoritate,
1456 1923 1551 1986 quam
1577 1908 1734 1986 potestate
1764 1900 1948 1984 corrigendi
1981 1922 2079 1986 prees·

406 2015 488 2071 sent.
513 2005 617 2092 Super
640 2027 751 2070 omnes
776 2016 882 2072 autem
908 2027 951 2070 ex
974 2005 1105 2092 superni
1128 2005 1339 2092 dispositione
1363 2005 1490 2070 consilii
1514 2015 1720 2072 sacrosancte
1736 2015 1785 2072 est
1800 2028 1936 2070 romana
1953 2005 2081 2071 ecclesia

406 2112 589 2189 constituta,
615 2111 656 2176 ad
681 2114 772 2176 cuius
796 2131 934 2176 examen
958 2112 1181 2176 uniuersarum
1208 2109 1419 2176 ecclesiarum
1444 2113 1573 2196 negotia
1601 2112 1807 2188 referrentur,
1840 2121 1873 2176 et
1903 2115 1996 2177 cuius
2026 2123 2080 2176 su-

405 2227 474 2280 tuta
495 2218 649 2282 uniuersa
672 2216 844 2282 multitudo
867 2217 1012 2282 fidelium
1038 2225 1235 2302 sequeretur.
1256 2217 1329 2282 Hec
1352 2218 1501 2282 nimirum
1527 2241 1570 2282 ex
1592 2217 1716 2283 indulto
1740 2217 1803 2282 sibi
1819 2241 1839 2282 a
1857 2219 1961 2304 prima
1977 2217 2079 2281 funda-

405 2325 492 2387 tione
516 2321 652 2388 ecclesie
676 2347 695 2386 s
718 2323 814 2388 beato
838 2321 935 2388 Petro
958 2320 1176 2410 apostolorum
1194 2324 1340 2409 principe
1357 2322 1528 2408 priuilegio
1544 2333 1698 2388 statutum
1715 2324 1858 2388 omnium
1877 2323 2078 2388 ecclesiarum

409 2427 543 2514 prouida
564 2428 820 2494 consideratione
844 2428 1011 2515 disposuit,
1037 2438 1070 2494 st
1093 2429 1220 2515 quoties
1245 2428 1400 2514 expedire
1423 2431 1585 2514 cognouit,
1609 2428 1690 2494 alias
1721 2428 1794 2492 aliis
1826 2429 1866 2492 ad
1898 2429 2079 2515 ampliorem

405 2555 516 2598 euram
541 2556 651 2598 earum
675 2533 898 2599 habendarum
922 2536 1034 2600 statuit
1057 2535 1269 2620 preeminere.
1292 2533 1374 2598 Inde
1404 2544 1462 2616 est,
1494 2533 1581 2621 quod
1614 2557 1672 2599 nos
1703 2534 1905 2600 honestatem
1944 2557 1983 2600 ac
2015 2557 2079 2620 pru·

405 2639 547 2705 dentiam
569 2649 667 2724 tuam,
693 2649 725 2705 et
744 2639 933 2707 deuocionis
957 2643 1185 2722 sinceritatem,
1210 2663 1305 2728 quam
1341 2663 1419 2728 erga
1449 2649 1689 2706 sacrosanctam
1719 2663 1885 2706 romanam
1917 2638 2079 2705 ecclesiam

406 2766 534 2832 semper
557 2743 710 2811 hahuisse
734 2743 944 2832 dignosceris,
969 2747 1182 2828 attendentes,
1215 2756 1247 2810 et
1277 2770 1318 2810 ne
1349 2748 1522 2811 commissa
1554 2739 1704 2832 regimini
1735 2755 1767 2811 et
1801 2745 2006 2833 dispositioni
2034 2757 2079 2810 tue

406 2849 576 2935 gradensis
600 2850 747 2934 ecclesia,
771 2873 836 2939 que
856 2851 897 2918 de
921 2852 1120 2938 benignitate
1150 2851 1327 2940 apostolice
1362 2853 1448 2919 aedis
1483 2855 1689 2939 prerogatiua
1721 2851 1842 2938 gaudet
1872 2853 2013 2934 honoris,
2044 2875 2079 2918 ex

405 2956 564 3022 breuitate
588 2957 861 3044 patriarchatuum
885 2958 1017 3025 inferior
1041 2969 1072 3025 et
1095 2958 1252 3024 abiectior
1276 2958 1383 3024 valeat
1407 2957 1492 3045 apud
1517 2959 1731 3046 simpliciores
1755 2957 1877 3040 haberi,
1910 2958 1953 3023 ad
1977 2957 2078 3045 ampli·

407 3062 525 3127 undam
549 3062 738 3149 dignitatem
761 3066 873 3152 ipsius,
897 3067 1071 3154 primatum
1098 3067 1128 3131 ei
1152 3088 1249 3153 super
1271 3064 1475 3130 Jadertinum
1500 3064 1813 3152 archiepiscopatum
1830 3073 1862 3129 et
1878 3065 2078 3152 episcopatus

405 3169 506 3254 ipsius
542 3168 719 3255 apostolica
749 3171 940 3236 auctoritate
973 3171 1198 3255 concedimus,
1227 3181 1259 3236 et
1287 3181 1352 3236 tam
1385 3181 1425 3254 te,
1458 3193 1555 3258 quam
1587 3193 1792 3236 successores
1824 3179 1898 3236 tuos
1929 3170 2076 3235 isdertino
2129 3251 2131 3280 4

406 3274 650 3362 archiepiscopo
673 3286 706 3341 et
728 3278 889 3364 episcopis
913 3279 991 3353 eius,
1028 3280 1083 3364 qui
1115 3301 1172 3366 pro
1206 3287 1351 3364 tempore
1374 3277 1502 3360 fuerint,
1538 3277 1695 3362 dignitate
1730 3278 1887 3363 primatus
1924 3275 2077 3362 presidere

404 3383 586 3464 statuimus,
607 3391 639 3448 et
661 3385 914 3450 consecrationis
938 3406 1055 3450 munus
1080 3383 1185 3451 eidem
1208 3381 1452 3470 archiepiscopo
1477 3385 1643 3469 impertiri,
1677 3405 1809 3448 romano
1845 3381 1978 3468 quidem
2008 3403 2075 3468 pon·
2129 3369 2131 3416 l

405 3487 482 3552 tifici
506 3487 679 3553 traditione
703 3488 791 3575 pallii
814 3498 952 3555 seruata.
987 3489 1032 3555 Ut
1054 3491 1152 3576 igitur
1175 3487 1235 3554 hec
1265 3499 1374 3555 nostra
1409 3490 1595 3554 constitutio
1631 3489 1724 3554 firma
1757 3490 1791 3552 in
1827 3497 2015 3576 perpetuum
2045 3496 2074 3550 et
2129 3513 2131 3532 2

403 3593 595 3660 inconcussa
617 3605 814 3680 permaneat,
838 3619 909 3663 earn
934 3598 1046 3684 scripti
1069 3598 1169 3662 nostri
1195 3596 1313 3682 pagina
1344 3596 1599 3678 communimus,
1626 3603 1659 3660 et
1686 3595 1878 3660 auctoritate
1909 3592 2075 3681 apostolica

406 3699 648 3778 confirmamus.
672 3700 906 3784 Decernentes,
930 3711 966 3768 ut
988 3700 1068 3766 nulli
1090 3721 1232 3788 unquam
1257 3699 1422 3765 hominum
1446 3699 1542 3766 liceat
1564 3701 1649 3766 hanc
1682 3703 1836 3788 paginam
1868 3711 1977 3768 nostre
2009 3721 2074 3764 con-

404 3806 580 3870 stitutionis
614 3815 646 3870 et
679 3806 934 3872 confirmationis
969 3805 1155 3893 infringere,
1192 3805 1244 3871 vel
1281 3808 1309 3872 ei
1346 3806 1450 3872 modis
1483 3807 1683 3894 quibuslibet
1717 3809 1896 3891 contraire,
1929 3806 2014 3872 salua
2043 3807 2073 3868 in

405 3911 556 3976 omnibus
583 3911 760 3999 apostolice
785 3911 872 3978 sedis
895 3913 1094 3980 auctoritate.
1121 3912 1156 3978 Si
1180 3913 1253 3999 quis
1277 3921 1384 3978 autem
1408 3913 1441 3978 id
1465 3923 1655 4000 attemptare
1679 3915 1924 4002 presumpserit,
1942 3909 2075 3977 secundo

405 4017 542 4082 tertioue
566 4019 790 4098 commonitus,
816 4019 876 4084 nisi
896 4027 1020 4083 reatum
1045 4040 1138 4083 suum
1162 4040 1306 4105 congrua
1327 4018 1546 4084 satisfactione
1569 4021 1757 4102 correxerit,
1782 4021 1949 4106 potestatis
1980 4017 2071 4081 hono-

405 4123 518 4210 risque
542 4123 591 4186 sui
611 4122 768 4208 dignitate
792 4133 908 4206 careat,
934 4145 1090 4210 reumque
1113 4147 1148 4189 se
1171 4123 1281 4188 diuino
1305 4123 1424 4189 iudicio
1449 4127 1588 4192 existere
1623 4125 1663 4192 de
1698 4133 1883 4214 perpetrata
1914 4124 2070 4211 iniquitate

405 4236 591 4313 cognoscat,
616 4237 713 4315 atque
737 4229 769 4292 in
795 4237 941 4295 extremo
964 4229 1114 4294 examine
1136 4227 1282 4294 districts
1306 4227 1423 4294 ulcioni
1447 4231 1623 4297 subiaceat.

554 4332 626 4417 Ego
650 4333 815 4399 Adrianus
837 4334 993 4401 catholice
1017 4335 1154 4400 ecclesie
1178 4336 1350 4422 episcopus
1375 4336 1566 4424 subscripsi.

554 4437 626 4522 Ego
650 4436 830 4523 Gregorius
854 4441 1036 4507 sabinensis
1060 4441 1196 4508 ecclesie
1219 4442 1390 4528 episcopus
1415 4465 1456 4506 ss.
1554 4481 1555 4484 =

552 4541 625 4627 Ego
650 4541 757 4609 Guido
782 4546 953 4634 presbyter
975 4547 1149 4614 cardinalis
1167 4546 1252 4614 tituli
1276 4571 1300 4613 s.
1327 4545 1532 4635 Chrysogoni
1557 4571 1600 4615 ss.

554 4647 626 4732 Ego
652 4649 826 4716 Hubaldus
852 4701 868 4737 „
1054 4703 1070 4739 „
1204 4704 1217 4736 „
1277 4703 1293 4740 „
1331 4653 1492 4718 Praxedis
1573 4705 1588 4738 „

555 4752 626 4838 Ego
651 4753 868 4840 Mant'redus„
1054 4807 1070 4842 „
1204 4807 1219 4844 „
1280 4807 1296 4845 „
1334 4757 1453 4824 Sabine
1569 4809 1584 4844 „

556 4857 626 4943 Ego
650 4858 873 4946 Aribertus¹„
1052 4911 1074 4948 „
1209 4915 1223 4946 ,
1286 4913 1302 4950 „
1340 4863 1513 4930 Anastasis
1569 4915 1585 4950 „

556 4961 628 5047 Ego
652 4962 759 5029 Julius
858 5015 873 5051 „
1059 5016 1075 5051 „
1211 5020 1225 5048 ,
1286 5018 1302 5054 „
1340 4969 1487 5035 Marcelli
1569 5019 1584 5055 „

555 5063 627 5150 Ego
651 5065 758 5134 Guido
858 5123 872 5150 „
1059 5123 1072 5154 ,
1193 5125 1223 5153 ‚‚,
1283 5121 1300 5157 „
1338 5073 1481 5141 Pastoris
1568 5126 1584 5162 „

570 5279 581 5314 ¹
604 5283 631 5339 U
653 5283 771 5358 drugom
791 5287 905 5360 prspisu
928 5287 1071 5350 lribertus.
