4350 5932
1795 388 1837 452 43

154 572 183 637 id
207 583 257 635 est
279 594 393 637 nouem
416 571 526 637 libros¹
539 575 607 637 auri
625 572 665 637 ad
687 571 840 660 palatium
858 583 1001 638 nostrum
1018 573 1135 639 debeat
1151 574 1285 654 soluere,
1303 587 1334 639 et
1359 585 1392 640 ut
1416 575 1494 640 haec
1513 579 1687 640 auctoritas
1705 579 1825 642 nostris

155 677 332 764 futurisque
356 677 564 778 temporibus,
587 679 646 742 deo
682 688 880 764 protegente,
907 679 1042 742 firmiter
1066 680 1230 762 habeatur,
1256 690 1287 744 et
1318 681 1506 766 perlatura
1544 693 1689 766 ternpore
1723 682 1836 747 melius

154 795 368 862 conseruetur,
394 805 481 847 more
507 795 614 847 nostro
638 782 788 862 scribere,
813 795 845 847 et
868 784 908 848 de
932 783 1020 847 bulla
1041 796 1150 848 nostra
1175 787 1327 850 iussimus
1352 786 1499 870 sigillari.

311 894 460 964 Vergottin
482 895 559 948 Bart.
593 897 684 950 Breue
717 895 822 966 Saggio
856 895 979 950 d’istoria
1011 895 1106 951 antica
1137 914 1152 951 e
1183 897 1320 952 moderna
1350 898 1424 951 della
1458 899 1526 954 cittis
1558 901 1587 953 di
1620 900 1743 954 Parenzo
1775 899 1839 954 nell'

156 982 247 1046 latria.
271 983 305 1036 ln
328 981 452 1037 Venazia
471 983 563 1037 1796.
589 1001 655 1052 pag,
683 983 730 1036 14.

532 1169 661 1250 Lvll.
690 1168 773 1250 817.
802 1171 986 1270 mlescoa
1013 1169 1169 1270 ltpnja.
1197 1169 1235 1252 U
1264 1171 1453 1251 Cehenu.

155 1328 292 1386 Ludoail·
315 1347 367 1388 car
387 1329 528 1400 fronotti
543 1329 613 1386 dicti
629 1331 706 1400 sooje
723 1334 838 1388 carstvo
862 1331 960 1403 mertia
983 1330 1061 1402 aooje
1084 1330 1184 1389 sinoce
1210 1331 1339 1409 Lotarc,
1368 1330 1483 1404 l’iptno
1510 1333 1702 1406 iLudorilrc,
1726 1336 1840 1410 bojemu

372 1435 588 1508 postiednjcmu
601 1434 732 1506 pripcde
753 1434 919 1508 stoujonstu
942 1436 1057 1507 semita,
1082 1435 1175 1494 triete
1199 1453 1240 1494 aa
1262 1438 1363 1494 tatota
1385 1438 1423 1495 ort
1445 1437 1611 1496 Boumelos.

316 1561 354 1626 ln
378 1561 653 1626 nominedomini
678 1561 729 1624 dei
754 1572 786 1625 et
809 1561 978 1625 saluatoris
1011 1563 1108 1624 nostri
1133 1560 1213 1624 Jesu
1239 1560 1369 1626 Christi.
1395 1562 1589 1640 Ludouicus,
1623 1563 1733 1628 diuina
1756 1566 1840 1630 ordi·

159 1677 252 1730 naute
290 1667 494 1752 prouidentia
528 1669 706 1751 imperator
742 1665 917 1749 Augustus.
952 1663 1034 1728 Cum
1070 1688 1128 1728 nos
1163 1667 1196 1728 in
1231 1666 1293 1730 Dei
1329 1670 1458 1732 nomine
1494 1691 1577 1732 anno
1611 1671 1840 1734 incarnationis

93 1835 96 1844 ,
138 1772 275 1834 domini
302 1773 587 1856 octingentessimo
605 1773 741 1856 septimo
765 1771 900 1850 decimo,
922 1770 1096 1834 indictione
1119 1770 1254 1846 decima,
1277 1794 1426 1858 annoque
1451 1775 1576 1858 imperii
1601 1776 1701 1838 nostri
1726 1787 1839 1860 quarto

157 1899 263 1940 mense
287 1876 386 1941 Julio.
411 1877 610 1962 Aquisgrani
646 1876 763 1961 palatio
798 1888 906 1940 nostro
933 1897 1021 1938 more
1046 1874 1139 1938 solito
1164 1898 1290 1940 sacrum
1324 1889 1515 1942 conuentum
1541 1889 1573 1940 et
1595 1877 1839 1963 generalitatem

158 1981 263 2067 populi
285 1985 387 2046 nostri
411 1991 542 2067 propter
566 1979 812 2060 ecclesiasticas,
838 1979 889 2044 vel
915 1981 1012 2044 totius
1042 1981 1168 2066 imperii
1186 1980 1285 2045 nostrl
1309 1980 1462 2045 utilitates
1487 1985 1740 2066 pertractandas,
1765 2007 1839 2048 con·

158 2109 394 2172 gregassemus‚
419 2098 450 2150 et
471 2089 502 2150 in
526 2085 577 2150 bis
608 2085 819 2167 studeremus,
856 2085 962 2150 subito
987 2087 1098 2150 diuina
1129 2087 1337 2170 inspiratione
1360 2097 1465 2150 actum
1499 2097 1556 2166 est,
1581 2098 1615 2152 ut
1638 2111 1696 2152 nos
1729 2089 1841 2154 fidelos
1926 2163 1934 2170 ,

70 2171 79 2186 ’
157 2195 252 2256 nostri
279 2200 528 2256 commonerent.
554 2202 711 2278 quatenus
730 2201 880 2256 manente
905 2201 1015 2254 nostra
1045 2189 1275 2272 incolomitate,
1301 2201 1333 2256 et
1361 2213 1439 2278 pace
1464 2192 1606 2278 undique
1630 2216 1649 2256 a
1673 2193 1745 2258 Deo
1767 2217 1840 2260 con·

158 2320 254 2378 cessa,
280 2297 322 2362 de
346 2307 430 2360 statu
453 2299 551 2362 totius
586 2299 676 2380 regni
702 2307 733 2360 et
753 2296 793 2360 de
818 2296 954 2360 liliorum
980 2305 1158 2360 nostrorum
1182 2317 1306 2378 caussa,
1331 2320 1421 2362 mora
1452 2311 1621 2384 parentum
1656 2311 1838 2366 nostrorum

158 2413 379 2466 tractaremus.
403 2401 467 2483 Sed
491 2403 639 2488 quamuis
664 2401 745 2466 haec
768 2403 943 2466 admonitio
960 2401 1076 2466 deuote
1099 2424 1137 2479 aa
1154 2401 1293 2466 fideliter
1310 2401 1409 2484 fieret,
1432 2424 1634 2490 nequaqnam
1658 2406 1761 2488 nobis,
1779 2430 1841 2473 nec
1948 2459 1952 2464 .

160 2507 206 2570 his
229 2511 284 2592 qui
310 2530 424 2570 sanum
449 2508 587 2592 sapiunt,
613 2509 718 2570 visum
745 2505 813 2587 fuit,
849 2517 883 2571 ut
911 2527 1021 2570 amore
1052 2506 1190 2570 filiorum
1216 2516 1271 2572 aut
1293 2508 1406 2592 gratia,
1439 2510 1545 2572 unitas
1579 2510 1703 2594 imperii
1727 2533 1746 2574 a
1770 2509 1841 2576 Deo

31 2647 37 2656 ·
122 2669 125 2680 .
159 2613 249 2676 nobis
266 2615 451 2676 conseruati
468 2613 626 2676 diuisione
649 2611 790 2676 hurnana
813 2613 1023 2694 scinderetur,
1043 2637 1081 2678 ne
1099 2613 1180 2677 forte
1205 2613 1266 2678 hac
1282 2615 1450 2677 occasione
1467 2613 1655 2678 scandalum
1678 2615 1709 2680 in
1727 2599 1839 2680 sancta

160 2716 295 2782 ecelesia
318 2719 463 2798 oriretur,
489 2729 520 2783 et
543 2717 697 2782 offensam
734 2717 829 2798 illius,
850 2720 883 2780 in
909 2720 999 2782 cuius
1025 2711 1181 2802 potestate
1205 2720 1347 2782 omnium
1371 2721 1440 2782 iura
1464 2741 1637 2802 regnorum
1661 2723 1843 2786 consistunt

160 2826 405 2888 incurreremus.
442 2822 567 2888 Idcirco
594 2824 812 2888 necessarium
844 2823 1006 2904 duximus,
1040 2833 1075 2886 ut
1099 2825 1226 2886 ieiuniis
1256 2833 1288 2888 et
1312 2824 1510 2888 orationibus
1535 2834 1566 2888 et
1592 2823 1842 2890 elemosinarum

160 2927 396 3012 largitionibus,
422 2929 507 3014 apud
533 2928 623 2992 illum
648 2931 874 3006 obtineremus,
911 2927 996 3014 quod
1021 2937 1131 2990 nostra
1155 2927 1323 2990 infirmitas
1347 2951 1410 2992 non
1443 2927 1681 3014 praesumebat.
1714 2928 1841 3010 Quibus

159 3037 217 3098 rite
240 3057 300 3120 per
323 3033 465 3098 triduum
490 3033 669 3114 celebratis,
695 3045 773 3097 nutu
803 3034 1030 3118 omnipotentis
1055 3031 1125 3107 Dei,
1150 3041 1185 3096 ut
1208 3033 1381 3112 credimus,
1405 3045 1512 3098 actum
1537 3045 1594 3116 cst,
1621 3045 1653 3098 ut
1677 3045 1708 3100 et
1732 3047 1841 3102 nostre

160 3152 190 3204 et
205 3143 303 3204 totius
329 3137 437 3224 populi
464 3139 564 3202 nostri
592 3139 621 3202 in
647 3138 756 3202 dilecti
781 3139 984 3224 primogeniti
1011 3139 1109 3201 uostii
1137 3137 1299 3202 Hlutharii
1324 3138 1480 3202 electione
1505 3153 1579 3204 vota
1603 3153 1841 3208 concurrerent.
1872 3203 1878 3210 .

159 3246 270 3331 ltaque
295 3243 403 3310 taliter
423 3244 534 3309 diuina
556 3243 796 3328 dispensatione
820 3245 1070 3322 rnenilcstatum,
1095 3241 1214 3326 placuit
1238 3251 1270 3306 et
1295 3243 1386 3308 nobis
1411 3254 1443 3308 et
1466 3235 1553 3308 omni
1578 3245 1694 3330 populo
1720 3258 1841 3330 nostro,

161 3373 245 3414 more
268 3348 404 3414 solemni
429 3349 588 3437 imperiali
612 3349 794 3412 diademato
812 3331 1008 3428 coronatum,
1026 3347 1120 3410 nobis
1148 3355 1179 3409 et
1195 3359 1374 3412 consortem
1400 3359 1432 3412 et
1455 3371 1673 3412 successorem
1699 3352 1833 3436 imperii,

161 3459 185 3520 si
211 3458 363 3520 dominus
389 3457 433 3519 ita
452 3455 598 3535 voluerit,
628 3457 787 3540 communi
815 3463 888 3518 voto
910 3454 1070 3517 constitui.
1096 3450 1230 3516 Ceteros
1256 3475 1331 3516 vcro
1356 3452 1470 3518 fratros
1495 3456 1572 3534 cius,
1597 3454 1769 3540 Pippinum
1795 3460 1839 3520 vi·

160 3561 276 3626 delicet
300 3571 334 3626 et
365 3560 593 3642 Hludouicum,
619 3561 829 3646 aequi—uocum
863 3568 1015 3638 nostrum,
1051 3559 1211 3620 communi
1244 3556 1377 3621 oonsilio
1410 3558 1528 3642 placuit
1561 3561 1658 3642 regiis
1691 3562 1841 3642 insigniri

161 3667 356 3750 nominibus,
380 3679 412 3732 et
435 3667 505 3732 loca
529 3667 663 3732 iuferius
695 3667 899 3730 denominata
931 3666 1134 3745 constituere,
1167 3665 1198 3726 in
1233 3662 1349 3748 quibus
1385 3671 1458 3747 post
1490 3663 1657 3728 decessum
1684 3677 1839 3748 nostrum,

161 3774 218 3838 sub
242 3775 373 3838 seniore
391 3772 498 3854 fratre,
520 3759 619 3855 regali
637 3781 794 3856 potestate
826 3771 986 3854 potiantur
1010 3771 1102 3832 iuxta
1120 3767 1252 3832 inferius
1269 3767 1421 3832 adnotata
1437 3771 1586 3854 capitula,
1608 3770 1842 3857 quibusquam

161 3881 325 3943 intereos
354 3879 586 3959 constituimus,
611 3876 751 3940 conditio
785 3877 974 3938 continetur.
1001 3872 1092 3952 Quae
1117 3871 1257 3957 capitula
1290 3882 1418 3958 propter
1449 3873 1616 3938 utilitatem
1648 3878 1784 3961 imperii,
1811 3887 1843 3942 et

162 3993 353 4069 perpetuam
378 3983 540 4045 intereos
566 4004 677 4066 pacem
712 3979 977 4060 concernendam,
1003 3995 1034 4042 et
1056 3981 1152 4043 totius
1178 3976 1334 4042 ecelesiae
1357 3989 1509 4060 tutamen,
1534 4002 1607 4044 cum
1632 3982 1782 4046 omnibus
1806 3983 1841 4046 fi-

160 4087 285 4153 delibus
314 4090 430 4150 nostris
456 4086 660 4150 considerare
684 4085 813 4171 placuit,
832 4096 863 4149 et
886 4083 1088 4150 considerata
1113 4084 1326 4164 conscribere,
1352 4094 1383 4148 et
1399 4079 1590 4170 ¹conscripta
1613 4088 1750 4172 propriis
1775 4111 1839 4150 ma·

160 4196 253 4258 nibus
285 4191 427 4270 firmare,
460 4201 495 4254 ut
526 4189 597 4254 Deo
629 4213 722 4276 opem
751 4188 883 4270 ferente,
917 4191 999 4252 sicut
1032 4187 1073 4252 ab
1102 4187 1250 4251 omnibus
1279 4190 1440 4252 cornmuni
1473 4203 1547 4253 voto
1570 4201 1677 4254 actum
1710 4199 1767 4268 est,
1797 4193 1843 4256 ita

160 4299 324 4364 communi
348 4297 518 4372 deuotione
541 4319 561 4359 a
584 4297 707 4359 eunctis
731 4292 960 4358 inuiolabiliter
983 4303 1213 4358 conserueutur
1228 4290 1420 4357 adillorum·
1439 4304 1469 4358 et
1493 4295 1590 4359 totius
1615 4294 1722 4380 populi
1747 4293 1839 4360 Chri·

162 4407 254 4468 stiani
292 4413 481 4489 perpetuam
513 4424 643 4487 pacem,
675 4401 765 4464 salua
797 4402 828 4464 in
860 4385 1009 4464 omnibus
1044 4409 1152 4464 nostra
1183 4399 1341 4483 imperiali
1374 4408 1532 4484 potestate
1565 4423 1661 4486 super
1692 4401 1773 4466 filios
1807 4412 1840 4466 et

161 4508 317 4596 populum
343 4517 495 4578 nostrum,
520 4529 591 4568 cum
616 4507 701 4570 omni
727 4506 924 4570 subiectione
946 4527 1028 4590 quae
1057 4506 1138 4590 patri
1162 4527 1181 4567 a
1202 4502 1285 4585 filiis,
1312 4514 1342 4568 et
1366 4506 1549 4590 imperatori
1574 4528 1613 4570 ac
1631 4507 1700 4590 regi
1723 4530 1743 4570 a
1766 4508 1833 4571 suis

161 4614 285 4700 populis
312 4611 412 4676 exhib
436 4621 494 4675 tur.
830 4617 940 4690 (Ostalo
962 4616 1167 4687 iaoatavljeno).
1814 4619 1817 4624 ‘

877 4783 1059 4870 Capitulum
1083 4783 1125 4848 II.

322 4901 403 4966 Itum
439 4899 640 4965 Hludouicus
671 4901 819 4965 volumus
852 4911 885 4962 ut
917 4897 1037 4963 habeat
1066 4897 1247 4961 Baioariam
1273 4907 1304 4962 et
1327 4895 1536 4980 Carentanos,
1562 4909 1593 4964 et
1616 4899 1787 4965 Bebeimos
1812 4911 1844 4968 et

163 5009 300 5090 Auaron,
326 5019 422 5092 atque
447 5007 580 5070 &clauos
601 5009 654 5094 qui
680 5006 720 5069 ab
746 5005 892 5069 orientali
930 5015 1019 5089 parto
1044 5003 1213 5068 Baioariae
1235 5014 1317 5087 sunt,
1342 5015 1374 5068 et
1398 5006 1529 5090 insuper
1560 5006 1639 5069 duas
1670 5005 1763 5070 villas
1788 5007 1842 5071 do·

166 5113 332 5182 minicalea
358 5111 397 5174 ad
424 5133 515 5173 suum
543 5113 706 5175 seruitium
731 5114 761 5174 in
789 5133 871 5196 pago
897 5109 1068 5196 Nortgaoe,
1093 5108 1250 5190 Luttraof,
1275 5119 1306 5172 et
1330 5109 1546 5195 lngoldesstat

325 5224 418 5277 Perta.
443 5223 625 5278 Monumeuta
641 5221 810 5278 Germaniae
828 5223 968 5278 historica.
985 5223 1102 5293 Legum.
1124 5223 1230 5276 Tamus
1249 5221 1269 5274 1.
1295 5229 1341 5274 str.
1361 5223 1432 5275 198.
1450 5222 1548 5278 Massi.
1573 5221 1710 5280 Collectio
1735 5221 1843 5305 Concil·

164 5331 196 5386 T.
220 5331 257 5386 X.
282 5339 332 5384 str.
359 5329 430 5384 118.
