4350 5932
648 696 798 777 xvlll.
827 695 917 779 592.
943 697 1132 798 mjcscca
1157 697 1381 780 kolovona.

168 891 275 968 Grpur
298 893 325 950 l.
351 911 437 968 popa
466 893 614 970 odpoouro
643 892 760 954 Notata
789 893 917 967 occupa
943 893 1125 954 sottnstoma
1151 893 1233 970 pleds
1264 891 1403 970 pettenjo
1424 891 1543 966 trojujc
1574 893 1642 965 conj
1664 892 1721 952 tao
1743 889 1853 952 neuim

167 997 286 1070 bronio¹
308 999 322 1058 t
344 998 458 1074 obedrrr'c
479 1017 530 1058 mu
563 999 603 1058 do
634 998 665 1060 de
687 1015 799 1074 ruopru
821 997 866 1058 tto
890 999 928 1072 ju
958 1001 1020 1058 ima
1049 1015 1064 1058 a
1094 999 1315 1072 rruddtukonom
1344 997 1529 1058 Honoratom
1562 996 1658 1058 riettts'
1690 997 1769 1056 cndu
1792 995 1853 1056 tad

744 1104 859 1179 clepset
875 1105 1026 1178 postuoici
1047 1121 1069 1164 a
1092 1105 1162 1165 Itim
1184 1106 1295 1184 stipou.

642 1274 830 1362 Gregorius,
859 1273 966 1341 Natali
998 1277 1148 1364 episcopo
1183 1273 1371 1342 salonitano.
1452 1259 1454 1264 ,

331 1450 432 1530 Quasi
457 1450 556 1516 oblita
578 1450 841 1538 praecedentium
865 1453 1057 1538 scriptorum
1070 1437 1163 1532 serie,
1188 1450 1257 1516 sola
1272 1461 1401 1517 vestrae
1421 1451 1611 1518 beatitudini
1627 1471 1711 1538 quae
1727 1447 1769 1514 ad
1783 1445 1852 1512 dul·

171 1553 320 1620 cedinem
335 1557 533 1642 pertinerent
544 1555 630 1642 loqui
644 1555 861 1640 decreueram,
885 1557 941 1622 sed
956 1557 1031 1622 dum
1044 1566 1152 1622 vestra
1164 1557 1299 1644 epistola
1315 1557 1355 1622 ad
1372 1559 1480 1644 priora
1496 1559 1615 1643 scripta
1630 1553 1852 1620 ratiocinando

166 1669 311 1744 reuocat,
336 1663 450 1726 itanum
474 1661 608 1726 forsitan
630 1661 798 1748 quaedam,
819 1683 902 1748 quae
925 1661 1031 1726 minus
1056 1661 1185 1744 libeant,
1210 1683 1339 1727 narrare
1362 1663 1545 1750 compellor.
1569 1662 1608 1726 In
1631 1661 1853 1726 conuiuiorum

162 1768 284 1830 etenim
309 1765 529 1832 defensionem
554 1776 662 1832 vestra
696 1765 881 1833 fraternitas
914 1765 1067 1833 Abrahae
1100 1769 1284 1833 conuiuium
1318 1777 1484 1852 memorat,
1511 1771 1543 1832 in
1567 1788 1631 1854 quo
1655 1776 1736 1831 teste
1761 1785 1853 1828 sacro

166 1868 308 1956 eloquio,
333 1882 398 1937 tres
428 1871 560 1956 angelos
593 1875 774 1958 suscepisse
801 1872 997 1960 perhibetur.
1030 1873 1095 1938 Sed
1124 1873 1185 1938 hoc
1215 1873 1365 1958 exemplo
1398 1896 1502 1962 neque
1533 1895 1593 1956 uos
1618 1869 1851 1937 beatitudinem

166 1986 311 2041 vestram
330 1977 371 2042 da
388 1979 537 2043 conuiuio
553 1977 829 2064 reprehendimus,
854 1979 881 2042 si
898 1977 980 2042 hunc
997 1979 1160 2064 suscipere
1184 1979 1317 2062 angelos
1333 1981 1365 2042 in
1384 1977 1601 2066 hospitalitate
1615 1977 1851 2063 cognoscimus.
1973 2037 1976 2050 ,

165 2081 309 2148 Rursum
333 2093 443 2148 narrat
465 2084 557 2148 lsaac
580 2085 730 2148 satiatum
744 2083 1000 2148 benedictionem
1023 2083 1090 2148 filio
1106 2083 1243 2149 dedisse.
1262 2083 1354 2164 Quae
1370 2094 1505 2171 utraque
1520 2085 1640 2149 veteris
1658 2079 1852 2158 testamenti,

168 2187 247 2272 quia
267 2191 314 2252 ita
333 2199 408 2253 sunt
432 2200 524 2274 gesta
545 2211 603 2275 per
625 2189 801 2271 historiam,
830 2198 866 2254 ut
888 2199 994 2252 tamen
1018 2191 1183 2273 signarent
1206 2187 1326 2276 aliquid
1352 2191 1628 2276 perallegoriam,
1654 2190 1774 2252 utinam
1799 2205 1853 2248 va·

167 2291 294 2357 leamus
312 2293 360 2358 sic
382 2317 435 2360 rsa
459 2303 566 2379 gestas
583 2293 720 2379 legendo
744 2315 940 2380 percurrere,
958 2304 993 2358 ut
1009 2296 1170 2380 possimus
1194 2297 1289 2359 etiam
1315 2295 1473 2379 gerendas
1499 2293 1699 2381 procidendo
1724 2291 1852 2356 sentire.

166 2395 228 2462 Illa
252 2399 372 2485 quippe
394 2401 427 2463 in
453 2401 556 2464 trihus
579 2399 704 2484 angelis
730 2423 828 2464 unum
848 2399 1000 2482 salutans,
1023 2401 1174 2464 trinitatis
1191 2401 1419 2464 subsistentias
1442 2403 1537 2465 unius
1561 2399 1760 2466 substantiae
1782 2416 1854 2460 esse

170 2503 360 2570 declarauit.
393 2505 457 2570 lste
492 2527 570 2570 vero
606 2507 740 2570 satiatus
771 2505 939 2572 benedixit
968 2505 1079 2588 filium,
1111 2507 1187 2592 quia
1215 2507 1271 2592 qui
1306 2505 1426 2570 diuinis
1458 2505 1561 2592 epulis
1585 2503 1736 2590 repletur,
1767 2500 1853 2564 illius

171 2631 285 2674 sensus
310 2611 342 2692 ip
367 2611 553 2698 prophetiae
577 2613 728 2676 virtutem
763 2610 913 2676 tenditur.
946 2609 1087 2676 Diuinae
1119 2622 1225 2676 autem
1258 2609 1372 2697 epulae
1397 2613 1480 2676 sacri
1503 2610 1621 2698 eloquii
1646 2609 1747 2674 verba
1769 2615 1852 2672 sunt.

174 2715 209 2780 Si
229 2717 333 2800 igitur
355 2717 485 2781 assiduo
509 2715 626 2802 legitis,
651 2718 678 2780 si
701 2716 884 2803 exemplum
908 2717 949 2781 ab
974 2717 1190 2782 exterioribus
1214 2715 1379 2784 trahentes
1402 2719 1530 2802 ipterna
1551 2714 1738 2802 penetratis,
1762 2711 1853 2798 quasi

172 2820 213 2884 de
232 2824 303 2906 agri
326 2823 497 2886 venatione
516 2823 628 2886 satiati
659 2823 776 2887 mentis
798 2830 944 2886 uentrem
970 2821 1111 2907 repletis,
1147 2833 1182 2886 ut
1212 2825 1393 2908 anteposito
1423 2823 1500 2906 filio,
1531 2823 1671 2908 suscepti
1703 2817 1855 2884 videlicet

174 2925 301 3011 populo,
326 2927 456 3012 possitis
481 2937 618 2992 ventura
640 2929 799 2992 nuntiare.
823 2926 889 2992 Sed
905 2929 968 2992 iam
989 2929 1023 2992 in
1040 2925 1101 2994 hoc
1117 2927 1247 2993 saeculo
1267 2927 1386 3012 caligat
1409 2931 1463 3015 qui
1487 2928 1528 2994 de
1552 2928 1612 2993 deo
1635 2923 1759 3012 aliquid
1783 2943 1854 3010 pro-

174 3029 300 3116 phetat:
325 3033 401 3117 quia
432 3031 575 3119 profecto
606 3031 740 3117 dignum
775 3041 825 3098 est
857 3042 892 3097 ut
914 3031 967 3098 hic
997 3033 1060 3097 iam
1093 3055 1150 3119 per
1180 3035 1477 3123 concupiscentiam
1501 3033 1740 3113 minosvideat,
1761 3031 1854 3094 euius

174 3157 287 3200 sensus
311 3123 576 3223 perallegoriam
598 3139 685 3202 intus
716 3141 874 3205 coruscat.
907 3137 999 3202 Haec
1029 3161 1107 3223 ergo
1137 3139 1178 3204 ad
1201 3142 1415 3226 vosmetipsos
1444 3138 1569 3221 trahite,
1592 3141 1669 3203 etsi
1693 3157 1751 3201 ros
1774 3133 1855 3199 tales

175 3243 378 3325 cognoscitis,
402 3241 481 3306 nihil
502 3252 551 3307 est
574 3243 659 3328 quod
683 3242 724 3308 do
746 3251 855 3307 vestra
876 3245 1098 3308 aestimatione
1117 3243 1284 3311 dubitetis.
1303 3245 1454 3311 Gaudere
1470 3267 1599 3332 quoque
1621 3239 1853 3309 beatitudinem

174 3356 313 3411 vestram
339 3349 477 3430 inuenio,
495 3349 522 3412 si
544 3349 671 3412 voracis
688 3369 805 3412 nomen
829 3371 1024 3414 cumrerum
1041 3359 1171 3414 auctora
1189 3354 1354 3416 sustineat.
1373 3350 1468 3431 Quod
1486 3371 1546 3436 ego
1563 3350 1704 3414 breuiter
1727 3365 1854 3432 expono

175 3455 251 3539 quia
274 3455 302 3516 si
325 3451 366 3518 de
390 3454 484 3518 vobis
506 3452 623 3518 falsum
647 3453 773 3536 dicitur,
806 3475 923 3520 nomen
948 3454 1010 3519 hoc
1031 3457 1192 3522 veraciter
1220 3477 1293 3522 cum
1324 3479 1432 3522 rerum
1466 3465 1596 3520 auctore
1621 3453 1795 3518 sustinetis.
1820 3450 1854 3516 Si

175 3579 252 3623 vero
276 3558 316 3622 de
340 3558 434 3624 vobis
454 3579 566 3624 verum
590 3569 648 3641 ast,
673 3557 735 3624 hoc
756 3559 796 3624 de
819 3558 875 3624 illo
898 3559 1015 3625 falsum
1031 3561 1131 3627 fuisse
1151 3565 1222 3648 quis
1244 3561 1393 3627 dubitet?
1410 3561 1579 3626 absoluere
1603 3581 1662 3623 vos
1681 3579 1745 3622 non
1768 3555 1856 3622 valet

76 3663 84 3670 '
173 3685 233 3748 par
255 3683 382 3745 nomen,
403 3685 538 3750 quorum
555 3664 666 3750 dispar
681 3674 731 3730 est
746 3687 870 3747 mussa.
886 3664 971 3729 Nam
989 3687 1062 3730 cum
1085 3687 1123 3730 eo
1144 3689 1273 3732 crucem
1297 3669 1393 3733 otiam
1417 3669 1579 3755 periturus
1597 3665 1677 3730 latro
1702 3663 1852 3748 suscepit,

174 3767 231 3832 sed
254 3789 352 3854 quern
375 3779 484 3834 reatus
514 3759 662 3856 proprius
692 3771 804 3853 tenuit,
836 3792 894 3855 par
924 3770 1091 3836 crucifixio
1121 3793 1185 3836 non
1218 3773 1367 3839 absoluit.
1390 3773 1463 3858 Ego
1484 3781 1591 3837 autem
1608 3770 1736 3856 quantis
1760 3765 1853 3831 valeo

174 3874 327 3958 precibus
348 3873 498 3960 deposco,
523 3883 559 3938 ut
582 3876 817 3940 sanctissimam
834 3875 1067 3973 fraternitatem
1082 3885 1222 3943 vestram
1240 3881 1364 3944 auctori
1387 3887 1496 3942 nostro
1521 3897 1584 3940 non
1606 3873 1709 3940 solum
1727 3891 1852 3953 nomen,

174 3979 233 4044 aed
257 3981 353 4044 etiam
378 4000 493 4044 caussa
516 3981 700 4068 coniungat.
726 3979 885 4046 Conuiuia
906 3991 1014 4046 autem
1042 3983 1232 4066 communia,
1252 4005 1335 4069 quae
1357 4005 1400 4049 ex
1416 3969 1597 4047 intentione
1618 3975 1854 4065 impendendae

174 4087 319 4150 caritatis
343 4085 432 4166 fiunt,
455 4095 543 4150 recto
568 4071 721 4150 sanctitas
756 4095 864 4152 vestra
884 4088 916 4150 in
950 4089 1017 4152 suis
1056 4086 1200 4173 epistolis
1230 4087 1350 4153 laudat.
1382 4088 1447 4154 Sed
1474 4097 1581 4152 tamen
1605 4085 1770 4150 solendum
1795 4089 1853 4162 est,

173 4193 252 4276 quia
274 4199 352 4256 tuno
374 4215 417 4256 ex
440 4194 574 4257 caritate
597 4193 756 4257 verenter
778 4192 946 4279 prodeunt,
963 4215 1036 4258 cum
1052 4195 1086 4258 iu
1102 4195 1149 4258 eis
1165 4193 1253 4259 nulla
1269 4193 1451 4260 absentium
1467 4195 1534 4258 vita
1550 4191 1722 4272 mordetur,
1746 4187 1854 4254 nullus

173 4317 218 4361 ex
240 4297 389 4361 irrisione
411 4296 666 4383 reprehenditur,
689 4307 722 4362 et
736 4319 800 4362 non
815 4301 929 4364 inanes
946 4301 978 4362 in
995 4299 1041 4363 eis
1057 4299 1270 4365 saecularium
1287 4302 1490 4384 negotiorum
1506 4297 1648 4380 fabulae,
1673 4295 1730 4362 sed
1754 4293 1856 4359 verba

173 4419 286 4466 sacrae
299 4401 446 4466 lectionis
459 4401 643 4483 audiuntur,
677 4425 749 4467 cum
774 4424 838 4467 non
855 4402 928 4488 plus
951 4425 1049 4490 quum
1072 4425 1205 4470 necesse
1220 4415 1270 4470 est
1297 4407 1436 4471 seruitur
1459 4405 1594 4491 corpori,
1619 4403 1676 4469 sed
1700 4401 1770 4468 sola
1785 4401 1854 4465 eius

172 4508 345 4572 infirmitas
367 4507 518 4591 reficitur,
541 4517 575 4572 ut
597 4508 640 4573 ad
663 4529 757 4574 usum
771 4508 973 4576 exercendae
989 4511 1118 4576 virtutis
1141 4509 1307 4576 habeatur.
1325 4511 1415 4576 Haec
1432 4512 1539 4598 itaque
1555 4511 1582 4574 si
1605 4530 1664 4574 vos
1684 4509 1717 4572 in
1736 4505 1854 4570 vestris

172 4614 334 4678 conuiuiis
358 4615 463 4697 agitis,
488 4613 718 4679 abstinentium
739 4613 844 4680 fateor
867 4617 1012 4700 magistri
1036 4617 1123 4682 estis.
1150 4614 1245 4694 Quod
1264 4639 1342 4704 ergo
1360 4616 1451 4683 Pauli
1469 4615 1611 4704 'apostoli
1634 4613 1852 4680 testimouium

172 4719 217 4783 ed
240 4739 292 4782 me
316 4720 479 4804 posuistis,
495 4721 608 4806 inquo
624 4721 686 4784 ait:
704 4718 767 4799 Qui
785 4743 849 4786 non
865 4720 1046 4803 manducat,
1063 4721 1308 4788 manducantem
1328 4743 1392 4786 non
1409 4723 1538 4805 iudicet,
1555 4723 1685 4787 omnino
1701 4718 1854 4814 existimo

171 4827 389 4908 incongruum
421 4824 538 4889 fuisses
562 4826 638 4911 quia
661 4847 766 4910 neque
789 4847 849 4910 ego
874 4847 938 4890 non
968 4825 1111 4908 comedo,
1147 4849 1252 4914 neque
1275 4827 1398 4893 adhoc
1421 4851 1440 4893 a
1463 4827 1564 4893 Paulo
1591 4829 1714 4893 dictum
1738 4833 1796 4906 cst,
1819 4831 1855 4886 ut

174 4927 321 4994 membra
345 4927 474 5009 Christi,
497 4943 582 5016 quae
604 4933 638 4994 in
661 4932 731 4995 eius
748 4951 890 5018 corpore,
915 4929 948 4996 id
972 4941 1030 5015 est,
1053 4934 1087 4996 in
1111 4931 1248 4997 ecclesia
1283 4934 1422 4999 inuicem
1447 4933 1508 4998 sibi
1532 4933 1674 5014 caritptis
1698 4947 1853 5015 compage

173 5055 325 5100 connexa
348 5033 575 5117 sunt-nullam
600 5035 640 5100 de
664 5057 699 5100 so
721 5035 787 5101 ullo
810 5035 905 5101 modo
929 5057 1038 5102 curam
1066 5047 1190 5124 gerant.
1215 5037 1279 5103 sed
1303 5040 1330 5102 si
1353 5061 1457 5126 neque
1480 5059 1541 5123 ego
1564 5037 1605 5102 ad
1628 5045 1669 5117 te,
1691 5053 1795 5120 neque
1818 5040 1853 5096 tu

172 5137 298 5226 aliquid
325 5142 503 5226 pertineres
518 5141 560 5207 ad
577 5163 638 5226 me,
656 5144 725 5208 iure
738 5151 845 5208 tacere
861 5143 1081 5230 compellerer,
1103 5153 1139 5208 ut
1155 5165 1227 5208 eum
1241 5167 1304 5208 non
1320 5143 1597 5230 reprehenderem,
1618 5143 1672 5228 qui
1688 5137 1866 5206 emandari‘

172 5267 241 5309 non
264 5254 382 5330 posset.
405 5245 497 5310 Haec
517 5267 594 5332 ergo
618 5249 777 5312 sententia
793 5247 993 5314 solummodo
1005 5258 1136 5335 propter
1150 5271 1206 5314 eos
1222 5249 1308 5314 dicta
1323 5260 1380 5333 est,
1397 5251 1451 5336 qui
1468 5247 1540 5314 illos
1554 5246 1696 5312 iudicare
1713 5245 1852 5326 student,

168 5372 309 5437 quorum
332 5351 394 5416 sibi
419 5371 496 5416 cura
519 5353 691 5418 commissa
714 5375 778 5420 non
802 5363 859 5420 est.
894 5354 939 5419 At
962 5363 1131 5440 postquam
1156 5377 1214 5422 nos
1247 5363 1379 5420 auctore
1411 5353 1472 5419 deo
1496 5375 1595 5418 unum
1619 5371 1739 5434 sumus,
1764 5352 1790 5415 si
1814 5371 1854 5416 ea
