4310 5918
1893 4 2134 243 Ὗ

330 629 455 695 comitis
477 641 509 696 ct
531 629 666 697 aliorum
693 639 874 699 nostrorum
900 633 1052 698 comitum
1076 631 1297 714 et'baronum,
1314 633 1368 698 ubi
1382 633 1443 697 fuit
1465 631 1606 698 fidelium
1625 633 1765 698 maxima
1789 631 2010 717 congregatio.

329 735 392 801 Pro
417 737 534 824 quibus
557 737 706 803 omnibus
731 751 762 804 et
785 738 921 825 singulis
947 749 1140 827 perpetuum
1166 739 1264 804 robur
1282 737 1483 821 habentibus,
1502 742 1661 826 presentis
1675 737 1838 826 priuilegii
1856 740 2010 825 paginam

328 844 428 908 nostri
452 843 550 928 sigilli
574 844 760 933 charactere
783 846 918 911 fecimus
953 849 1078 914 muniri.

485 949 695 1040 (Exemplum
720 963 881 1039 sumptum
908 975 950 1019 ex
974 953 1120 1038 originali
1148 953 1178 1016 in
1214 952 1400 1018 membrana
1435 975 1507 1016 oum
1544 949 1650 1036 sigillo
1686 971 1802 1036 magno
1838 949 2012 1037 pendente,

328 1077 399 1120 curn
424 1057 555 1123 cordula
578 1058 667 1124 rubri
692 1069 724 1124 et
739 1061 843 1126 crocei
868 1059 985 1125 coloris
1010 1063 1169 1125 existente
1194 1061 1224 1123 in
1249 1059 1381 1124 archivo
1402 1052 1693 1146 archiepiscopali.)

331 433 393 534 res

485 1207 620 1280 Prepisao
643 1208 668 1264 ia
692 1208 844 1280 rukopisae.
869 1208 1046 1266 Donationes
1069 1209 1241 1282 Principum,
1265 1227 1284 1264 u
1307 1209 1404 1264 srlrivu
1429 1207 1570 1280 biskupijc
1596 1205 1735 1281 spletslre„

777 1502 1100 1586 CLXXXVIII.
1129 1505 1242 1588 1076.
1273 1505 1307 1588 U
1337 1501 1561 1602 Belgradu.

329 1683 481 1758 Grodjom
503 1685 670 1759 belqrodslei
693 1655 834 1758 obuesrrju
856 1701 887 1744 sc
907 1684 1011 1776 dovoti
1034 1685 1168 1743 descttnu
1191 1685 1230 1742 od
1252 1679 1402 1744 muslr'nolr
1426 1691 1598 1746 somostunu
1621 1705 1664 1749 su.
1688 1689 1786 1746 Ivanu
1810 1686 2012 1760 eucaristiam.

485 1839 604 1904 Notum
630 1841 671 1902 sit
694 1839 842 1904 omnibus
861 1837 1009 1906 fidelihus
1028 1848 1092 1902 tam
1107 1841 1243 1924 posteris
1262 1862 1357 1926 quam
1377 1841 1591 1927 presentibus,
1607 1843 1683 1929 quia
1700 1864 1759 1907 uos
1776 1839 2012 1926 belgradenses

328 1945 446 2010 diuites
469 1969 508 2010 ac
529 1947 651 2032 inopes,
676 1943 763 2010 nullo
784 1955 928 2030 cogente,
954 1943 1040 2009 nullo
1065 1955 1223 2026 monente,
1249 1947 1345 2009 immo
1369 1959 1545 2033 spontanea
1569 1947 1743 2028 voluntate,
1763 1949 1867 2034 gratia
1891 1945 2013 2009 deuote

328 2053 523 2134 intentionis,
541 2052 746 2138 promisimus
770 2050 847 2116 dare
871 2050 1007 2136 singulis
1028 2053 1121 2115 annis
1143 2051 1284 2116 decimas
1309 2063 1488 2118 nostrarum
1505 2053 1664 2118 oliuarum
1683 2053 1877 2118 monasterio
1903 2051 2011 2116 sancti

328 2156 486 2222 Iohannis
502 2156 638 2244 apostoli
664 2167 696 2221 et
719 2157 929 2242 euangeliste,
953 2157 1005 2222 die
1029 2156 1178 2222 uidelicet
1211 2157 1421 2223 dedicationis
1445 2157 1589 2224 eiusdem
1625 2158 1771 2242 ecclesie,
1811 2181 1907 2246 quam
1946 2157 2012 2220 viri

329 2263 562 2348 religiosissimi
587 2263 735 2328 dominus
759 2263 864 2329 silicet
887 2263 1089 2346 Laurentius,
1115 2263 1291 2349 spalatinus
1314 2263 1585 2350 archiepiscopus,
1604 2287 1666 2329 uns
1690 2287 1764 2330 cum
1780 2263 2012 2352 apochrisariis

331 2393 462 2436 romane
487 2369 572 2436 sedis
595 2371 745 2457 episcopo
767 2369 919 2436 Fulcoino
944 2383 975 2433 et
1000 2369 1166 2435 Gehinone
1189 2370 1305 2434 abbate
1330 2380 1512 2435 sanctorum
1537 2369 1696 2436 Bonifacii
1727 2383 1759 2435 et
1793 2369 1912 2452 Alexii,
1949 2392 2013 2433 nec

329 2499 393 2542 non
417 2486 449 2540 et
471 2475 657 2540 Prestancio
680 2475 823 2541 eiusdem
848 2476 936 2542 urbis
961 2478 1122 2563 episcopis
1146 2477 1389 2559 dedicauerunt,
1423 2476 1544 2541 eisdem
1580 2479 1675 2542 etiam
1699 2475 1818 2542 donum
1842 2475 2014 2562 supradie-

329 2592 395 2648 tum
420 2581 689 2664 collaudantibus,
714 2605 753 2647 ac
771 2583 905 2648 firmiter
927 2582 1219 2666 corroborantibus,
1243 2595 1273 2648 et
1296 2585 1486 2648 auctoritate
1521 2583 1699 2670 apostolica
1732 2580 2011 2663 interdicentibus,

330 2712 370 2753 ne
393 2711 544 2776 umquam
570 2688 743 2776 abaliquo
768 2689 882 2754 violari
906 2699 1117 2776 presumatur,
1142 2689 1237 2770 Quod
1262 2692 1288 2754 si
1310 2691 1391 2754 forte
1417 2690 1534 2776 aliquis
1559 2691 1730 2755 temerario
1761 2699 1878 2755 conatu
1908 2687 2013 2754 abne-

329 2797 466 2880 gauerit‚
491 2798 570 2860 iram
595 2817 733 2882 superne
757 2797 943 2880 mayestatis
961 2799 1168 2882 omniumque
1192 2809 1373 2862 sanctorum
1403 2797 1660 2862 maledictionem
1685 2797 1856 2885 possideat.
1881 2795 1923 2860 Et
1951 2795 2014 2860 hec

331 2902 460 2968 donatio
484 2911 557 2968 acta
580 2903 768 2990 sancitaque
791 2902 851 2968 fuit
874 2925 958 2966 anuo
983 2902 1024 2967 ab
1049 2905 1245 2968 incarnatioe
1269 2903 1390 2968 domini
1415 2904 1513 2968 nostri
1545 2903 1648 2969 Jhesu
1681 2901 1801 2968 Christi
1835 2901 2013 2966 millesimo

332 3009 570 3095 septuagesimo
595 3019 697 3088 sexto,
721 3007 896 3072 indictione
920 3030 996 3071 uero
1021 3007 1095 3073 XV.
1120 3007 1227 3094 (XIV)
1251 3021 1283 3074 et
1304 3009 1365 3074 hoc
1397 3009 1596 3096 apostolante
1629 3009 1788 3095 Gregorio
1822 3009 1882 3074 VII
1914 3033 2012 3095 papa,

330 3115 415 3201 apud
432 3113 556 3180 Grecos
581 3114 711 3180 Michail
724 3118 911 3202 imperante,
927 3115 1012 3200 apud
1030 3113 1163 3179 Sclsuos
1179 3117 1374 3180 Suuinimiro
1399 3127 1562 3202 regnante,
1588 3115 1684 3180 Petro
1708 3119 1739 3180 in
1764 3114 1875 3180 eodem
1901 3138 2014 3180 mona·

330 3223 427 3288 sterio
450 3221 646 3304 abbatisnte,
669 3222 840 3286 Dominioo
859 3221 954 3287 Iusto
978 3220 1129 3307 Belgradi
1155 3223 1325 3308 priorante.

490 3391 680 3447 Polichorion.
703 3391 728 3448 U
751 3391 850 3447 urlrivu
873 3390 1048 3462 nadarskogs
1071 3389 1227 3461 gubernija.

464 3684 740 3768 CLXXXIX.
770 3685 859 3767 (tho
892 3684 1001 3767 litto.
1031 3685 1063 3766 [ἶ
1095 3683 1388 3784 lirulJevskom
1419 3682 1584 3763 dvoreu
1612 3680 1699 3764 kod
1726 3677 1888 3762 Solius.

212 3899 215 3908 =
329 3865 478 3924 Socnr‘mir
501 3866 582 3939 leratj
605 3866 740 3924 hruolslti
762 3866 868 3938 dorsale
890 3869 1063 3924 aomostunu
1088 3863 1291 3937 kaladjerr'ealr
1308 3881 1350 3922 su.
1368 3839 1536 3922 Benedilcta
1551 3879 1570 3920 u
1587 3862 1704 3936 Spljetu
1719 3861 1862 3934 tembittc
1885 3861 2011 3920 Latione

1065 3971 1122 4029 leod
1146 3967 1277 4029 Pustirc.

417 4189 427 4208 1
490 4145 527 4209 In
552 4143 672 4209 Christi
696 4147 834 4210 nomine.
860 4145 930 4231 Ego
964 4144 1117 4208 Suinimir
1151 4151 1228 4206 nutu
1260 4143 1311 4208 dei
1345 4139 1556 4208 Obroatorum
1588 4152 1620 4205 et
1654 4141 1911 4206 Dalmatinorum
1943 4161 2012 4220 rex,

330 4253 423 4320 nobis
441 4252 552 4317 diuina
566 4250 741 4316 clemencia
757 4251 951 4316 concedente
974 4252 1005 4313 in
1022 4248 1122 4333 regali
1139 4246 1218 4314 solio
1235 4247 1701 4327 inuiolabiliterresidentibus,
1719 4247 1860 4333 undique
1876 4256 2013 4332 uterque

331 4381 438 4439 sexus,
476 4357 611 4422 militum
648 4356 807 4438 videlicet,
844 4359 1009 4444 utriusque
1046 4358 1109 4418 uite
1135 4347 1298 4436 laicorum,
1324 4377 1500 4436 seruorum,
1538 4365 1569 4417 et
1600 4352 1789 4418 ancillarum
1823 4361 2010 4426 ¹nostrarum

329 4465 475 4546 affluens,
500 4488 557 4551 pro
581 4463 678 4530 rebus
702 4463 762 4528 sibi
789 4465 953 4549 oportunis
985 4464 1117 4541 curiam,
1151 4485 1190 4526 ac
1213 4463 1319 4526 causis
1343 4461 1404 4525 sibi
1437 4462 1639 4530 necessariis¹
1663 4462 1851 4546 perquirens
1881 4482 2010 4546 semper

331 4571 468 4641 astabat,
493 4571 583 4636 inter
606 4591 687 4657 quos
703 4568 840 4656 quedam
865 4569 1156 4635 sanctimonialium
1182 4579 1292 4650 mater,
1316 4569 1419 4633 Maria
1441 4566 1601 4648 videlicet,
1627 4565 1754 4634 cenobii
1778 4567 1878 4632 sancti
1905 4566 2008 4631 Bene·

331 4677 421 4760 dicti,
446 4679 477 4742 in
508 4677 732 4764 solempnitate
763 4677 1019 4741 consecracionis
1051 4675 1187 4741 ecclesie
1217 4677 1315 4740 nostri
1344 4677 1547 4762 episcopatus
1574 4683 1682 4738 sancte
1716 4673 1818 4738 hier-ie
1841 4670 2009 4754 vocabulo,

332 4783 498 4865 auxilium,
521 4786 619 4848 immo
643 4782 824 4848 subsidium
850 4785 1016 4848 memorati
1042 4781 1168 4847 cenobii
1200 4806 1219 4845 a
1251 4782 1344 4846 nobis
1374 4782 1571 4867 perquirens,
1603 4791 1635 4844 et
1665 4778 1766 4864 regali
1791 4778 1905 4843 throno
1937 4800 2008 4843 cum

333 4893 400 4957 suis
431 4889 623 4977 quibusdam
649 4889 814 4955 sororibus
845 4911 952 4953 coram
978 4889 1070 4952 nobis
1103 4889 1214 4953 astitit.
1245 4887 1338 4952 Unde
1369 4886 1516 4952 consultu
1540 4887 1682 4950 omnium
1700 4907 1866 4950 seruorum
1892 4884 1953 4965 dei,
1979 4893 2010 4948 et

334 4995 488 5062 nobilium
521 5005 713 5077 nostrorum,
749 4996 804 5083 qui
829 4995 1013 5080 supradicte
1043 4993 1257 5078 solempnitati
1295 4993 1502 5073 aduenerant,
1539 4993 1752 5079 propensione
1783 5001 1814 5055 et
1845 4991 2008 5055 uoluntate

333 5103 457 5192 prefate
480 5102 653 5186 abbatisse,
686 5111 718 5168 et
739 5104 817 5189 quia
835 5100 925 5166 locus
949 5103 1097 5166 territorii
1131 5100 1234 5166 eidem
1268 5101 1459 5166 monasterio
1491 5100 1661 5182 contiguus
1693 5097 1875 5178 videbatur,
1900 5105 2009 5160 nostre

334 5209 435 5298 regali
459 5217 616 5298 potestate
648 5207 735 5297 quod
758 5209 890 5276 Pustiaa
922 5209 1113 5288 nominatur,
1138 5217 1290 5294 perpetuo
1322 5209 1392 5272 iure
1420 5203 1650 5294 possidendum
1686 5203 1748 5268 sibi
1782 5201 2009 5268 inuiolabiliter

336 5319 555 5385 concessimus
578 5317 610 5381 in
633 5315 767 5384 Lansni.
790 5314 908 5382 Actum
940 5326 990 5382 est
1022 5315 1083 5380 hoc
1110 5313 1243 5379 invilla
1275 5313 1471 5400 regalique
1499 5315 1531 5376 in
1563 5311 1634 5376 loco
1664 5313 1727 5376 iam
1759 5309 1845 5376 diota
1875 5307 2010 5375 ecclesis

339 5434 448 5491 sancte
471 5424 573 5491 Maria
596 5424 676 5510 (sita
698 5421 837 5506 videtur,
861 5421 926 5512 his)
960 5445 1067 5489 coram
1101 5419 1245 5486 testibus.
1282 5419 1434 5508 Inprimis
1469 5441 1576 5484 coram
1612 5417 1796 5483 Laurencio
1831 5411 2006 5482 venerabili
