<?xml version="1.0" encoding="UTF-8"?>
<!DOCTYPE html PUBLIC "-//W3C//DTD XHTML 1.0 Transitional//EN"
    "http://www.w3.org/TR/xhtml1/DTD/xhtml1-transitional.dtd">
<html xmlns="http://www.w3.org/1999/xhtml" xml:lang="en" lang="en">
 <head>
  <title>
</title>
<meta http-equiv="Content-Type" content="text/html;charset=utf-8" />
  <meta name='ocr-system' content='tesseract 3.04.00' />
  <meta name='ocr-capabilities' content='ocr_page ocr_carea ocr_par ocr_line ocrx_word'/>
</head>
<body>
  <div class='ocr_page' id='page_1' title='image "./codexdiplomatic00unkngoog_0042.png"; bbox 0 0 4350 5932; ppageno 0'>
   <div class='ocr_carea' id='block_1_1' title="bbox 311 471 333 538">
    <p class='ocr_par' dir='ltr' id='par_1_1' title="bbox 311 471 333 538">
     <span class='ocr_line' id='line_1_1' title="bbox 311 471 333 538; baseline 0 0"><span class='ocrx_word' id='word_1_1' title='bbox 311 471 333 538; x_wconf 81' lang='grc'><em>2</em></span> 
     </span>
    </p>
   </div>
   <div class='ocr_carea' id='block_1_2' title="bbox 311 661 1994 1151">
    <p class='ocr_par' dir='ltr' id='par_1_2' title="bbox 311 661 1994 1151">
     <span class='ocr_line' id='line_1_2' title="bbox 312 661 1991 751; baseline 0 -23"><span class='ocrx_word' id='word_1_2' title='bbox 312 687 353 729; x_wconf 92' lang='lat' dir='ltr'><strong>ne</strong></span> <span class='ocrx_word' id='word_1_3' title='bbox 375 685 472 751; x_wconf 91' lang='lat' dir='ltr'><strong>quem</strong></span> <span class='ocrx_word' id='word_1_4' title='bbox 494 665 576 730; x_wconf 85' lang='lat' dir='ltr'><strong>forte</strong></span> <span class='ocrx_word' id='word_1_5' title='bbox 610 663 652 729; x_wconf 90' lang='lat' dir='ltr'><strong>ad</strong></span> <span class='ocrx_word' id='word_1_6' title='bbox 676 672 810 728; x_wconf 87' lang='lat' dir='ltr'><strong>mortem</strong></span> <span class='ocrx_word' id='word_1_7' title='bbox 842 662 990 728; x_wconf 88' lang='lat' dir='ltr'><strong>videatur</strong></span> <span class='ocrx_word' id='word_1_8' title='bbox 1015 663 1227 749; x_wconf 86' lang='lat' dir='ltr'><strong>praecipitare</strong></span> <span class='ocrx_word' id='word_1_9' title='bbox 1261 671 1443 750; x_wconf 79' lang='lat' dir='ltr'>paupertas,</span> <span class='ocrx_word' id='word_1_10' title='bbox 1468 661 1568 728; x_wconf 83' lang='lat' dir='ltr'>redde</span> <span class='ocrx_word' id='word_1_11' title='bbox 1589 685 1645 750; x_wconf 92' lang='lat' dir='ltr'><strong>pro</strong></span> <span class='ocrx_word' id='word_1_12' title='bbox 1670 661 1788 728; x_wconf 88' lang='lat' dir='ltr'><strong>talibus</strong></span> <span class='ocrx_word' id='word_1_13' title='bbox 1814 661 1991 749; x_wconf 87' lang='lat' dir='ltr'><strong>gloriosum</strong></span> 
     </span>
     <span class='ocr_line' id='line_1_3' title="bbox 312 766 1993 856; baseline -0.002 -22"><span class='ocrx_word' id='word_1_14' title='bbox 312 769 408 856; x_wconf 90' lang='lat' dir='ltr'><strong>plane</strong></span> <span class='ocrx_word' id='word_1_15' title='bbox 431 769 594 834; x_wconf 90' lang='lat' dir='ltr'><strong>damnum.</strong></span> <span class='ocrx_word' id='word_1_16' title='bbox 618 769 777 834; x_wconf 80' lang='lat' dir='ltr'><strong>Lecturus</strong></span> <span class='ocrx_word' id='word_1_17' title='bbox 802 792 821 832; x_wconf 87' lang='lat' dir='ltr'><strong>a</strong></span> <span class='ocrx_word' id='word_1_18' title='bbox 846 767 938 832; x_wconf 92' lang='lat' dir='ltr'><strong>nobis</strong></span> <span class='ocrx_word' id='word_1_19' title='bbox 972 769 1150 833; x_wconf 88' lang='lat' dir='ltr'><strong>uberimum</strong></span> <span class='ocrx_word' id='word_1_20' title='bbox 1174 768 1323 850; x_wconf 88' lang='lat' dir='ltr'><strong>fructum,</strong></span> <span class='ocrx_word' id='word_1_21' title='bbox 1348 770 1374 833; x_wconf 90' lang='lat' dir='ltr'><strong>si</strong></span> <span class='ocrx_word' id='word_1_22' title='bbox 1398 766 1494 832; x_wconf 91' lang='lat' dir='ltr'><strong>ciuile</strong></span> <span class='ocrx_word' id='word_1_23' title='bbox 1517 769 1562 832; x_wconf 93' lang='lat' dir='ltr'><strong>ibi</strong></span> <span class='ocrx_word' id='word_1_24' title='bbox 1586 770 1729 854; x_wconf 90' lang='lat' dir='ltr'><strong>potueris</strong></span> <span class='ocrx_word' id='word_1_25' title='bbox 1751 768 1899 854; x_wconf 87' lang='lat' dir='ltr'><strong>plantare</strong></span> <span class='ocrx_word' id='word_1_26' title='bbox 1921 790 1993 854; x_wconf 93' lang='lat' dir='ltr'><strong>pro-</strong></span> 
     </span>
     <span class='ocr_line' id='line_1_4' title="bbox 311 873 1994 961; baseline -0.002 -22"><span class='ocrx_word' id='word_1_27' title='bbox 311 877 461 961; x_wconf 90' lang='lat' dir='ltr'><strong>positum,</strong></span> <span class='ocrx_word' id='word_1_28' title='bbox 482 886 515 940; x_wconf 91' lang='lat' dir='ltr'><strong>et</strong></span> <span class='ocrx_word' id='word_1_29' title='bbox 538 877 656 940; x_wconf 89' lang='lat' dir='ltr'><strong>nostris</strong></span> <span class='ocrx_word' id='word_1_30' title='bbox 679 897 756 939; x_wconf 86' lang='lat' dir='ltr'><strong>vere</strong></span> <span class='ocrx_word' id='word_1_31' title='bbox 781 873 908 939; x_wconf 92' lang='lat' dir='ltr'><strong>iudiciis</strong></span> <span class='ocrx_word' id='word_1_32' title='bbox 931 873 1074 958; x_wconf 88' lang='lat' dir='ltr'><strong>dignum.</strong></span> <span class='ocrx_word' id='word_1_33' title='bbox 1099 873 1132 936; x_wconf 87' lang='lat' dir='ltr'><strong>Si</strong></span> <span class='ocrx_word' id='word_1_34' title='bbox 1156 873 1360 958; x_wconf 83' lang='lat' dir='ltr'><strong>dispendium</strong></span> <span class='ocrx_word' id='word_1_35' title='bbox 1384 873 1484 938; x_wconf 87' lang='lat' dir='ltr'><strong>iudex</strong></span> <span class='ocrx_word' id='word_1_36' title='bbox 1504 873 1627 954; x_wconf 90' lang='lat' dir='ltr'><strong>subeat,</strong></span> <span class='ocrx_word' id='word_1_37' title='bbox 1651 883 1686 938; x_wconf 89' lang='lat' dir='ltr'><strong>ut</strong></span> <span class='ocrx_word' id='word_1_38' title='bbox 1708 876 1808 938; x_wconf 88' lang='lat' dir='ltr'><strong>vitem</strong></span> <span class='ocrx_word' id='word_1_39' title='bbox 1832 875 1994 960; x_wconf 87' lang='lat' dir='ltr'><strong>periturus</strong></span> 
     </span>
     <span class='ocr_line' id='line_1_5' title="bbox 312 955 1992 1088; baseline -0.001 -44"><span class='ocrx_word' id='word_1_40' title='bbox 312 981 459 1066; x_wconf 88' lang='lat' dir='ltr'><strong>accipiat.</strong></span> <span class='ocrx_word' id='word_1_41' title='bbox 484 979 689 1066; x_wconf 77' lang='lat' dir='ltr'><strong>Quapropter</strong></span> <span class='ocrx_word' id='word_1_42' title='bbox 712 979 910 1044; x_wconf 88' lang='lat' dir='ltr'><strong>consuetudo</strong></span> <span class='ocrx_word' id='word_1_43' title='bbox 930 989 1039 1044; x_wconf 92' lang='lat' dir='ltr'><strong>nostra</strong></span> <span class='ocrx_word' id='word_1_44' title='bbox 1061 955 1148 1083; x_wconf 71' lang='lat' dir='ltr'><strong>t&#39;dris¹</strong></span> <span class='ocrx_word' id='word_1_45' title='bbox 1163 976 1323 1088; x_wconf 48' lang='lat' dir='ltr'><strong>amitibus</strong></span> <span class='ocrx_word' id='word_1_46' title='bbox 1339 981 1509 1060; x_wconf 89' lang='lat' dir='ltr'><strong>inseratur,</strong></span> <span class='ocrx_word' id='word_1_47' title='bbox 1527 979 1631 1044; x_wconf 90' lang='lat' dir='ltr'><strong>donec</strong></span> <span class='ocrx_word' id='word_1_48' title='bbox 1643 979 1842 1044; x_wconf 89' lang='lat' dir='ltr'><strong>truculentus</strong></span> <span class='ocrx_word' id='word_1_49' title='bbox 1863 979 1992 1043; x_wconf 90' lang='lat' dir='ltr'><strong>animus</strong></span> 
     </span>
     <span class='ocr_line' id='line_1_6' title="bbox 312 1085 648 1151; baseline -0.009 -1"><span class='ocrx_word' id='word_1_50' title='bbox 312 1085 423 1150; x_wconf 85' lang='lat' dir='ltr'><strong>viuere</strong></span> <span class='ocrx_word' id='word_1_51' title='bbox 450 1094 648 1151; x_wconf 78' lang='lat' dir='ltr'><strong>consuescat.</strong></span> 
     </span>
    </p>
   </div>
   <div class='ocr_carea' id='block_1_3' title="bbox 469 1209 1781 1294">
    <p class='ocr_par' dir='ltr' id='par_1_3' title="bbox 469 1209 1781 1294">
     <span class='ocr_line' id='line_1_7' title="bbox 469 1209 1781 1294; baseline -0.005 -22"><span class='ocrx_word' id='word_1_52' title='bbox 469 1215 630 1272; x_wconf 78' lang='lat' dir='ltr'><strong>Cassiodori</strong></span> <span class='ocrx_word' id='word_1_53' title='bbox 652 1215 798 1286; x_wconf 73' lang='lat' dir='ltr'><strong>Epistulae</strong></span> <span class='ocrx_word' id='word_1_54' title='bbox 820 1215 979 1271; x_wconf 84' lang='lat' dir='ltr'><strong>Variarum.</strong></span> <span class='ocrx_word' id='word_1_55' title='bbox 1000 1213 1064 1269; x_wconf 91' lang='lat' dir='ltr'><strong>Lib.</strong></span> <span class='ocrx_word' id='word_1_56' title='bbox 1089 1213 1131 1268; x_wconf 93' lang='lat' dir='ltr'><strong>lll</strong></span> <span class='ocrx_word' id='word_1_57' title='bbox 1153 1214 1234 1286; x_wconf 85' lang='lat' dir='ltr'><strong>epist.</strong></span> <span class='ocrx_word' id='word_1_58' title='bbox 1257 1213 1306 1268; x_wconf 80' lang='lat'><strong>23.</strong></span> <span class='ocrx_word' id='word_1_59' title='bbox 1331 1209 1426 1270; x_wconf 83' lang='lat' dir='ltr'><strong>Editio</strong></span> <span class='ocrx_word' id='word_1_60' title='bbox 1443 1214 1553 1269; x_wconf 87' lang='lat' dir='ltr'><strong>Veneta</strong></span> <span class='ocrx_word' id='word_1_61' title='bbox 1578 1213 1670 1267; x_wconf 76' lang='lat'><strong>1722.</strong></span> <span class='ocrx_word' id='word_1_62' title='bbox 1778 1287 1781 1294; x_wconf 31' lang='lat'>¹</span> 
     </span>
    </p>
   </div>
   <div class='ocr_carea' id='block_1_4' title="bbox 1049 1349 1258 1485">
    <p class='ocr_par' dir='ltr' id='par_1_4' title="bbox 1049 1349 1258 1485">
     <span class='ocr_line' id='line_1_8' title="bbox 1049 1349 1258 1485; baseline 0 -3"><span class='ocrx_word' id='word_1_63' title='bbox 1049 1402 1131 1482; x_wconf 91' lang='lat'><strong>111.</strong></span> <span class='ocrx_word' id='word_1_64' title='bbox 1164 1349 1258 1485; x_wconf 71' lang='lat' dir='ltr'><strong>aar.</strong></span> 
     </span>
    </p>
   </div>
   <div class='ocr_carea' id='block_1_5' title="bbox 312 1595 1995 1779">
    <p class='ocr_par' dir='ltr' id='par_1_5' title="bbox 312 1595 1995 1779">
     <span class='ocr_line' id='line_1_9' title="bbox 312 1595 1995 1673; baseline -0.003 -15"><span class='ocrx_word' id='word_1_65' title='bbox 312 1597 404 1673; x_wconf 81' lang='lat' dir='ltr'><strong>Kralj</strong></span> <span class='ocrx_word' id='word_1_66' title='bbox 427 1597 571 1658; x_wconf 83' lang='lat' dir='ltr'><strong>Tcodorit</strong></span> <span class='ocrx_word' id='word_1_67' title='bbox 595 1597 700 1659; x_wconf 69' lang='lat' dir='ltr'><strong>ualuis</strong></span> <span class='ocrx_word' id='word_1_68' title='bbox 732 1597 931 1658; x_wconf 77' lang='lat' dir='ltr'><strong>Sriemtcuom</strong></span> <span class='ocrx_word' id='word_1_69' title='bbox 954 1599 994 1658; x_wconf 85' lang='lat' dir='ltr'><strong>da</strong></span> <span class='ocrx_word' id='word_1_70' title='bbox 1010 1599 1170 1673; x_wconf 68' lang='lat' dir='ltr'><strong>postach&#39;u</strong></span> <span class='ocrx_word' id='word_1_71' title='bbox 1203 1613 1292 1672; x_wconf 69' lang='lat' dir='ltr'><strong>scopa</strong></span> <span class='ocrx_word' id='word_1_72' title='bbox 1313 1613 1426 1672; x_wconf 77' lang='lat' dir='ltr'><strong>ascopa</strong></span> <span class='ocrx_word' id='word_1_73' title='bbox 1444 1596 1611 1672; x_wconf 75' lang='lat' dir='ltr'><strong>poptauara</strong></span> <span class='ocrx_word' id='word_1_74' title='bbox 1640 1595 1775 1664; x_wconf 80' lang='lat' dir='ltr'><strong>Kelossa,</strong></span> <span class='ocrx_word' id='word_1_75' title='bbox 1799 1595 1995 1669; x_wconf 74' lang='lat' dir='ltr'><strong>iporijetjujc</strong></span> 
     </span>
     <span class='ocr_line' id='line_1_10' title="bbox 833 1703 1472 1779; baseline 0 -17"><span class='ocrx_word' id='word_1_76' title='bbox 833 1705 875 1763; x_wconf 82' lang='lat' dir='ltr'><strong>im</strong></span> <span class='ocrx_word' id='word_1_77' title='bbox 896 1707 992 1779; x_wconf 79' lang='lat' dir='ltr'><strong>auujet</strong></span> <span class='ocrx_word' id='word_1_78' title='bbox 1014 1706 1091 1764; x_wconf 78' lang='lat' dir='ltr'><strong>tuito</strong></span> <span class='ocrx_word' id='word_1_79' title='bbox 1113 1706 1153 1763; x_wconf 86' lang='lat' dir='ltr'><strong>da</strong></span> <span class='ocrx_word' id='word_1_80' title='bbox 1175 1721 1206 1764; x_wconf 85' lang='lat' dir='ltr'><strong>se</strong></span> <span class='ocrx_word' id='word_1_81' title='bbox 1228 1704 1324 1777; x_wconf 67' lang='lat' dir='ltr'><strong>imaJ&#39;u</strong></span> <span class='ocrx_word' id='word_1_82' title='bbox 1346 1703 1472 1764; x_wconf 84' lang='lat' dir='ltr'><strong>vladoti.</strong></span> 
     </span>
    </p>
   </div>
   <div class='ocr_carea' id='block_1_6' title="bbox 249 1871 1998 3536">
    <p class='ocr_par' dir='ltr' id='par_1_6' title="bbox 249 1871 1998 3536">
     <span class='ocr_line' id='line_1_11' title="bbox 470 1871 1992 1960; baseline -0.003 -22"><span class='ocrx_word' id='word_1_83' title='bbox 470 1874 658 1939; x_wconf 91' lang='lat' dir='ltr'><strong>Institutum</strong></span> <span class='ocrx_word' id='word_1_84' title='bbox 690 1897 783 1940; x_wconf 92' lang='lat' dir='ltr'><strong>suum</strong></span> <span class='ocrx_word' id='word_1_85' title='bbox 815 1873 1018 1960; x_wconf 87' lang='lat' dir='ltr'><strong>prouidentia</strong></span> <span class='ocrx_word' id='word_1_86' title='bbox 1041 1883 1151 1939; x_wconf 87' lang='lat' dir='ltr'><strong>nostra</strong></span> <span class='ocrx_word' id='word_1_87' title='bbox 1180 1896 1244 1939; x_wconf 92' lang='lat' dir='ltr'><strong>non</strong></span> <span class='ocrx_word' id='word_1_88' title='bbox 1266 1873 1394 1954; x_wconf 87' lang='lat' dir='ltr'><strong>deserit,</strong></span> <span class='ocrx_word' id='word_1_89' title='bbox 1428 1894 1500 1936; x_wconf 92' lang='lat' dir='ltr'><strong>cum</strong></span> <span class='ocrx_word' id='word_1_90' title='bbox 1531 1872 1686 1938; x_wconf 87' lang='lat' dir='ltr'><strong>subiectis</strong></span> <span class='ocrx_word' id='word_1_91' title='bbox 1710 1894 1836 1958; x_wconf 86' lang='lat' dir='ltr'><strong>semper</strong></span> <span class='ocrx_word' id='word_1_92' title='bbox 1858 1871 1992 1952; x_wconf 89' lang='lat' dir='ltr'><strong>intenta,</strong></span> 
     </span>
     <span class='ocr_line' id='line_1_12' title="bbox 313 1974 1994 2067; baseline -0.003 -24"><span class='ocrx_word' id='word_1_93' title='bbox 313 1978 482 2067; x_wconf 88' lang='lat' dir='ltr'><strong>profutura</strong></span> <span class='ocrx_word' id='word_1_94' title='bbox 506 1979 664 2065; x_wconf 82' lang='lat' dir='ltr'><strong>disponit3</strong></span> <span class='ocrx_word' id='word_1_95' title='bbox 688 1987 723 2044; x_wconf 91' lang='lat' dir='ltr'><strong>ut</strong></span> <span class='ocrx_word' id='word_1_96' title='bbox 741 1977 781 2043; x_wconf 88' lang='lat' dir='ltr'><strong>ad</strong></span> <span class='ocrx_word' id='word_1_97' title='bbox 806 1981 959 2044; x_wconf 88' lang='lat' dir='ltr'><strong>maiorem</strong></span> <span class='ocrx_word' id='word_1_98' title='bbox 993 1979 1196 2046; x_wconf 88' lang='lat' dir='ltr'><strong>devotionem</strong></span> <span class='ocrx_word' id='word_1_99' title='bbox 1230 1981 1439 2060; x_wconf 83' lang='lat' dir='ltr'><strong>concitentur,</strong></span> <span class='ocrx_word' id='word_1_100' title='bbox 1463 1979 1518 2063; x_wconf 91' lang='lat' dir='ltr'><strong>qui</strong></span> <span class='ocrx_word' id='word_1_101' title='bbox 1542 1979 1591 2042; x_wconf 90' lang='lat' dir='ltr'><strong>sui</strong></span> <span class='ocrx_word' id='word_1_102' title='bbox 1615 2001 1726 2044; x_wconf 89' lang='lat' dir='ltr'><strong>curam</strong></span> <span class='ocrx_word' id='word_1_103' title='bbox 1749 1999 1807 2040; x_wconf 89' lang='lat' dir='ltr'><strong>nos</strong></span> <span class='ocrx_word' id='word_1_104' title='bbox 1830 1974 1994 2056; x_wconf 89' lang='lat' dir='ltr'><strong>babuisse,</strong></span> 
     </span>
     <span class='ocr_line' id='line_1_13' title="bbox 316 2079 1996 2170; baseline -0.004 -22"><span class='ocrx_word' id='word_1_105' title='bbox 316 2093 524 2170; x_wconf 88' lang='lat' dir='ltr'><strong>cognoscunt.</strong></span> <span class='ocrx_word' id='word_1_106' title='bbox 549 2084 636 2149; x_wconf 93' lang='lat' dir='ltr'><strong>Hinc</strong></span> <span class='ocrx_word' id='word_1_107' title='bbox 651 2093 708 2167; x_wconf 89' lang='lat' dir='ltr'><strong>est,</strong></span> <span class='ocrx_word' id='word_1_108' title='bbox 734 2084 820 2170; x_wconf 90' lang='lat' dir='ltr'><strong>quod</strong></span> <span class='ocrx_word' id='word_1_109' title='bbox 845 2083 1009 2168; x_wconf 82' lang='lat' dir='ltr'><strong>Colossae,</strong></span> <span class='ocrx_word' id='word_1_110' title='bbox 1030 2086 1099 2150; x_wconf 89' lang='lat' dir='ltr'><strong>viro</strong></span> <span class='ocrx_word' id='word_1_111' title='bbox 1124 2084 1248 2168; x_wconf 85' lang='lat' dir='ltr'><strong>illustri,</strong></span> <span class='ocrx_word' id='word_1_112' title='bbox 1265 2086 1403 2167; x_wconf 92' lang='lat' dir='ltr'><strong>nomine,</strong></span> <span class='ocrx_word' id='word_1_113' title='bbox 1427 2083 1614 2168; x_wconf 88' lang='lat' dir='ltr'><strong>viribusque</strong></span> <span class='ocrx_word' id='word_1_114' title='bbox 1643 2083 1854 2170; x_wconf 89' lang='lat' dir='ltr'><strong>praepotenti,</strong></span> <span class='ocrx_word' id='word_1_115' title='bbox 1880 2079 1996 2165; x_wconf 87' lang='lat' dir='ltr'><strong>guber-</strong></span> 
     </span>
     <span class='ocr_line' id='line_1_14' title="bbox 312 2184 1993 2275; baseline -0.004 -21"><span class='ocrx_word' id='word_1_116' title='bbox 312 2191 475 2255; x_wconf 85' lang='lat' dir='ltr'><strong>nationem</strong></span> <span class='ocrx_word' id='word_1_117' title='bbox 498 2198 649 2272; x_wconf 83' lang='lat' dir='ltr'><strong>vestram,</strong></span> <span class='ocrx_word' id='word_1_118' title='bbox 674 2189 958 2275; x_wconf 81' lang='lat' dir='ltr'><strong>defensionemque</strong></span> <span class='ocrx_word' id='word_1_119' title='bbox 992 2191 1237 2271; x_wconf 83' lang='lat' dir='ltr'><strong>commissimus,</strong></span> <span class='ocrx_word' id='word_1_120' title='bbox 1271 2199 1307 2254; x_wconf 92' lang='lat' dir='ltr'><strong>ut</strong></span> <span class='ocrx_word' id='word_1_121' title='bbox 1337 2190 1392 2274; x_wconf 93' lang='lat' dir='ltr'><strong>qni</strong></span> <span class='ocrx_word' id='word_1_122' title='bbox 1423 2211 1500 2252; x_wconf 89' lang='lat' dir='ltr'><strong>suae</strong></span> <span class='ocrx_word' id='word_1_123' title='bbox 1524 2187 1679 2252; x_wconf 89' lang='lat' dir='ltr'><strong>hactenus</strong></span> <span class='ocrx_word' id='word_1_124' title='bbox 1703 2187 1803 2250; x_wconf 88' lang='lat' dir='ltr'><strong>multa</strong></span> <span class='ocrx_word' id='word_1_125' title='bbox 1826 2184 1915 2248; x_wconf 84' lang='lat' dir='ltr'><strong>dedit</strong></span> <span class='ocrx_word' id='word_1_126' title='bbox 1938 2207 1993 2248; x_wconf 85' lang='lat' dir='ltr'><strong>ex-</strong></span> 
     </span>
     <span class='ocr_line' id='line_1_15' title="bbox 249 2291 1994 2381; baseline -0.003 -21"><span class='ocrx_word' id='word_1_127' title='bbox 249 2303 253 2314; x_wconf 90' lang='lat'>&#39;</span> <span class='ocrx_word' id='word_1_128' title='bbox 312 2297 493 2381; x_wconf 86' lang='lat' dir='ltr'><strong>periments</strong></span> <span class='ocrx_word' id='word_1_129' title='bbox 521 2295 649 2359; x_wconf 88' lang='lat' dir='ltr'><strong>virtutis</strong></span> <span class='ocrx_word' id='word_1_130' title='bbox 658 2343 667 2378; x_wconf 98' lang='lat'><strong>,</strong></span> <span class='ocrx_word' id='word_1_131' title='bbox 702 2304 859 2379; x_wconf 86' lang='lat' dir='ltr'><strong>angeatur</strong></span> <span class='ocrx_word' id='word_1_132' title='bbox 890 2296 997 2380; x_wconf 89' lang='lat' dir='ltr'><strong>potius</strong></span> <span class='ocrx_word' id='word_1_133' title='bbox 1020 2297 1052 2359; x_wconf 93' lang='lat' dir='ltr'><strong>in</strong></span> <span class='ocrx_word' id='word_1_134' title='bbox 1076 2294 1203 2360; x_wconf 84' lang='lat' dir='ltr'><strong>futuris.</strong></span> <span class='ocrx_word' id='word_1_135' title='bbox 1233 2293 1342 2381; x_wconf 90' lang='lat' dir='ltr'><strong>Atque</strong></span> <span class='ocrx_word' id='word_1_136' title='bbox 1365 2293 1438 2358; x_wconf 91' lang='lat' dir='ltr'><strong>ideo</strong></span> <span class='ocrx_word' id='word_1_137' title='bbox 1471 2294 1649 2380; x_wconf 88' lang='lat' dir='ltr'><strong>parentiam</strong></span> <span class='ocrx_word' id='word_1_138' title='bbox 1679 2301 1838 2373; x_wconf 87' lang='lat' dir='ltr'><strong>vestram,</strong></span> <span class='ocrx_word' id='word_1_139' title='bbox 1863 2291 1994 2376; x_wconf 83' lang='lat' dir='ltr'><strong>saepius</strong></span> 
     </span>
     <span class='ocr_line' id='line_1_16' title="bbox 312 2397 1993 2486; baseline -0.002 -22"><span class='ocrx_word' id='word_1_140' title='bbox 312 2399 535 2486; x_wconf 81' lang='lat' dir='ltr'><strong>adprobatam,</strong></span> <span class='ocrx_word' id='word_1_141' title='bbox 560 2421 647 2464; x_wconf 90' lang='lat' dir='ltr'><strong>nunc</strong></span> <span class='ocrx_word' id='word_1_142' title='bbox 671 2421 799 2486; x_wconf 91' lang='lat' dir='ltr'><strong>quoque</strong></span> <span class='ocrx_word' id='word_1_143' title='bbox 832 2399 943 2465; x_wconf 90' lang='lat' dir='ltr'><strong>eodem</strong></span> <span class='ocrx_word' id='word_1_144' title='bbox 976 2409 1144 2486; x_wconf 88' lang='lat' dir='ltr'><strong>praesente</strong></span> <span class='ocrx_word' id='word_1_145' title='bbox 1174 2409 1365 2480; x_wconf 89' lang='lat' dir='ltr'><strong>monstrate;</strong></span> <span class='ocrx_word' id='word_1_146' title='bbox 1389 2409 1548 2486; x_wconf 87' lang='lat' dir='ltr'><strong>quatenus</strong></span> <span class='ocrx_word' id='word_1_147' title='bbox 1571 2397 1687 2480; x_wconf 82' lang='lat' dir='ltr'><strong>inhia,</strong></span> <span class='ocrx_word' id='word_1_148' title='bbox 1711 2419 1795 2483; x_wconf 90' lang='lat' dir='ltr'><strong>quae</strong></span> <span class='ocrx_word' id='word_1_149' title='bbox 1818 2419 1876 2483; x_wconf 90' lang='lat' dir='ltr'><strong>pro</strong></span> <span class='ocrx_word' id='word_1_150' title='bbox 1900 2397 1993 2480; x_wconf 91' lang='lat' dir='ltr'><strong>regni</strong></span> 
     </span>
     <span class='ocr_line' id='line_1_17' title="bbox 313 2501 1993 2592; baseline -0.002 -24"><span class='ocrx_word' id='word_1_151' title='bbox 313 2507 417 2569; x_wconf 89' lang='lat' dir='ltr'><strong>nostri</strong></span> <span class='ocrx_word' id='word_1_152' title='bbox 442 2505 580 2570; x_wconf 81' lang='lat' dir='ltr'><strong>utilitate</strong></span> <span class='ocrx_word' id='word_1_153' title='bbox 613 2504 848 2570; x_wconf 87' lang='lat' dir='ltr'><strong>rationabiliter</strong></span> <span class='ocrx_word' id='word_1_154' title='bbox 879 2505 1006 2590; x_wconf 87' lang='lat' dir='ltr'><strong>agenda</strong></span> <span class='ocrx_word' id='word_1_155' title='bbox 1036 2508 1244 2592; x_wconf 79' lang='lat' dir='ltr'><strong>praeceperit,</strong></span> <span class='ocrx_word' id='word_1_156' title='bbox 1275 2504 1445 2570; x_wconf 88' lang='lat' dir='ltr'><strong>deuotione</strong></span> <span class='ocrx_word' id='word_1_157' title='bbox 1467 2501 1624 2590; x_wconf 73' lang='lat' dir='ltr'><strong>probabili</strong></span> <span class='ocrx_word' id='word_1_158' title='bbox 1649 2503 1892 2588; x_wconf 85' lang='lat' dir='ltr'><strong>compleantur:</strong></span> <span class='ocrx_word' id='word_1_159' title='bbox 1916 2502 1993 2587; x_wconf 84' lang='lat' dir='ltr'><strong>quia</strong></span> 
     </span>
     <span class='ocr_line' id='line_1_18' title="bbox 312 2607 1994 2702; baseline -0.004 -27"><span class='ocrx_word' id='word_1_160' title='bbox 312 2608 409 2675; x_wconf 89' lang='lat' dir='ltr'><strong>fidem</strong></span> <span class='ocrx_word' id='word_1_161' title='bbox 435 2611 616 2675; x_wconf 90' lang='lat' dir='ltr'><strong>constantia</strong></span> <span class='ocrx_word' id='word_1_162' title='bbox 639 2610 761 2694; x_wconf 92' lang='lat' dir='ltr'><strong>probat,</strong></span> <span class='ocrx_word' id='word_1_163' title='bbox 787 2621 818 2674; x_wconf 90' lang='lat' dir='ltr'><strong>et</strong></span> <span class='ocrx_word' id='word_1_164' title='bbox 841 2609 894 2674; x_wconf 92' lang='lat' dir='ltr'><strong>ille</strong></span> <span class='ocrx_word' id='word_1_165' title='bbox 920 2612 1138 2694; x_wconf 86' lang='lat' dir='ltr'><strong>integritatem</strong></span> <span class='ocrx_word' id='word_1_166' title='bbox 1154 2613 1303 2697; x_wconf 89' lang='lat' dir='ltr'><strong>propriae</strong></span> <span class='ocrx_word' id='word_1_167' title='bbox 1330 2611 1447 2702; x_wconf 76' lang='lat' dir='ltr'><strong>asserit</strong></span> <span class='ocrx_word' id='word_1_168' title='bbox 1469 2611 1595 2690; x_wconf 85' lang='lat' dir='ltr'><strong>mantia,</strong></span> <span class='ocrx_word' id='word_1_169' title='bbox 1620 2609 1673 2692; x_wconf 91' lang='lat' dir='ltr'><strong>qui</strong></span> <span class='ocrx_word' id='word_1_170' title='bbox 1698 2607 1827 2693; x_wconf 91' lang='lat' dir='ltr'><strong>iugibus</strong></span> <span class='ocrx_word' id='word_1_171' title='bbox 1851 2609 1994 2693; x_wconf 86' lang='lat' dir='ltr'><strong>persistit</strong></span> 
     </span>
     <span class='ocr_line' id='line_1_19' title="bbox 313 2711 1996 2806; baseline -0.001 -29"><span class='ocrx_word' id='word_1_172' title='bbox 313 2713 441 2780; x_wconf 76' lang='lat' dir='ltr'><strong>officiis.</strong></span> <span class='ocrx_word' id='word_1_173' title='bbox 464 2713 550 2780; x_wconf 91' lang='lat' dir='ltr'><strong>lllud</strong></span> <span class='ocrx_word' id='word_1_174' title='bbox 569 2723 737 2800; x_wconf 89' lang='lat' dir='ltr'><strong>praetcrea</strong></span> <span class='ocrx_word' id='word_1_175' title='bbox 753 2737 811 2778; x_wconf 89' lang='lat' dir='ltr'><strong>vos</strong></span> <span class='ocrx_word' id='word_1_176' title='bbox 831 2715 1243 2806; x_wconf 30' lang='lat' dir='ltr'><strong>credimusnadmoncndos,</strong></span> <span class='ocrx_word' id='word_1_177' title='bbox 1268 2725 1302 2780; x_wconf 92' lang='lat' dir='ltr'><strong>ut</strong></span> <span class='ocrx_word' id='word_1_178' title='bbox 1324 2735 1388 2778; x_wconf 91' lang='lat' dir='ltr'><strong>non</strong></span> <span class='ocrx_word' id='word_1_179' title='bbox 1412 2714 1445 2777; x_wconf 93' lang='lat' dir='ltr'><strong>in</strong></span> <span class='ocrx_word' id='word_1_180' title='bbox 1468 2734 1536 2794; x_wconf 87' lang='lat' dir='ltr'><strong>vos,</strong></span> <span class='ocrx_word' id='word_1_181' title='bbox 1561 2711 1668 2776; x_wconf 91' lang='lat' dir='ltr'><strong>sedin</strong></span> <span class='ocrx_word' id='word_1_182' title='bbox 1690 2711 1814 2776; x_wconf 85' lang='lat' dir='ltr'><strong>hostem</strong></span> <span class='ocrx_word' id='word_1_183' title='bbox 1832 2713 1996 2776; x_wconf 83' lang='lat' dir='ltr'><strong>secuistis.</strong></span> 
     </span>
     <span class='ocr_line' id='line_1_20' title="bbox 312 2816 1995 2905; baseline -0.001 -23"><span class='ocrx_word' id='word_1_184' title='bbox 312 2816 378 2882; x_wconf 89' lang='lat' dir='ltr'><strong>Res</strong></span> <span class='ocrx_word' id='word_1_185' title='bbox 402 2841 503 2904; x_wconf 89' lang='lat' dir='ltr'><strong>parua</strong></span> <span class='ocrx_word' id='word_1_186' title='bbox 520 2840 582 2884; x_wconf 92' lang='lat' dir='ltr'><strong>non</strong></span> <span class='ocrx_word' id='word_1_187' title='bbox 601 2841 659 2884; x_wconf 89' lang='lat' dir='ltr'><strong>vos</strong></span> <span class='ocrx_word' id='word_1_188' title='bbox 677 2818 775 2882; x_wconf 89' lang='lat' dir='ltr'><strong>ducat</strong></span> <span class='ocrx_word' id='word_1_189' title='bbox 790 2819 831 2882; x_wconf 91' lang='lat' dir='ltr'><strong>ad</strong></span> <span class='ocrx_word' id='word_1_190' title='bbox 848 2829 995 2884; x_wconf 89' lang='lat' dir='ltr'><strong>extrema</strong></span> <span class='ocrx_word' id='word_1_191' title='bbox 1009 2818 1204 2885; x_wconf 88' lang='lat' dir='ltr'><strong>discrimina.</strong></span> <span class='ocrx_word' id='word_1_192' title='bbox 1219 2819 1426 2905; x_wconf 88' lang='lat' dir='ltr'><strong>Acquiescite</strong></span> <span class='ocrx_word' id='word_1_193' title='bbox 1443 2819 1594 2900; x_wconf 90' lang='lat' dir='ltr'><strong>iustitiae,</strong></span> <span class='ocrx_word' id='word_1_194' title='bbox 1612 2840 1676 2904; x_wconf 85' lang='lat' dir='ltr'><strong>qua</strong></span> <span class='ocrx_word' id='word_1_195' title='bbox 1692 2816 1830 2882; x_wconf 90' lang='lat' dir='ltr'><strong>mundus</strong></span> <span class='ocrx_word' id='word_1_196' title='bbox 1847 2817 1995 2882; x_wconf 88' lang='lat' dir='ltr'><strong>laetatur.</strong></span> 
     </span>
     <span class='ocr_line' id='line_1_21' title="bbox 314 2915 1995 3010; baseline -0.001 -22"><span class='ocrx_word' id='word_1_197' title='bbox 314 2921 381 2988; x_wconf 76' lang='lat' dir='ltr'><strong>Cur</strong></span> <span class='ocrx_word' id='word_1_198' title='bbox 408 2923 450 2988; x_wconf 89' lang='lat' dir='ltr'><strong>ad</strong></span> <span class='ocrx_word' id='word_1_199' title='bbox 483 2923 740 2988; x_wconf 88' lang='lat' dir='ltr'><strong>monomachiam</strong></span> <span class='ocrx_word' id='word_1_200' title='bbox 772 2923 962 2988; x_wconf 84' lang='lat' dir='ltr'><strong>recurritis?</strong></span> <span class='ocrx_word' id='word_1_201' title='bbox 991 2926 1045 3010; x_wconf 93' lang='lat' dir='ltr'><strong>qui</strong></span> <span class='ocrx_word' id='word_1_202' title='bbox 1077 2915 1224 2990; x_wconf 63' lang='lat' dir='ltr'><strong>v&#39;enalcm</strong></span> <span class='ocrx_word' id='word_1_203' title='bbox 1255 2925 1393 2990; x_wconf 91' lang='lat' dir='ltr'><strong>iudicem</strong></span> <span class='ocrx_word' id='word_1_204' title='bbox 1428 2945 1491 2988; x_wconf 90' lang='lat' dir='ltr'><strong>non</strong></span> <span class='ocrx_word' id='word_1_205' title='bbox 1516 2921 1650 2986; x_wconf 88' lang='lat' dir='ltr'><strong>habetis.</strong></span> <span class='ocrx_word' id='word_1_206' title='bbox 1681 2921 1842 3008; x_wconf 90' lang='lat' dir='ltr'><strong>Deponite</strong></span> <span class='ocrx_word' id='word_1_207' title='bbox 1865 2921 1995 3003; x_wconf 87' lang='lat' dir='ltr'><strong>ferrum,</strong></span> 
     </span>
     <span class='ocr_line' id='line_1_22' title="bbox 313 3027 1998 3122; baseline 0.001 -32"><span class='ocrx_word' id='word_1_208' title='bbox 313 3029 369 3113; x_wconf 92' lang='lat' dir='ltr'><strong>qui</strong></span> <span class='ocrx_word' id='word_1_209' title='bbox 391 3049 455 3092; x_wconf 90' lang='lat' dir='ltr'><strong>non</strong></span> <span class='ocrx_word' id='word_1_210' title='bbox 479 3027 604 3092; x_wconf 91' lang='lat' dir='ltr'><strong>habetis</strong></span> <span class='ocrx_word' id='word_1_211' title='bbox 620 3029 800 3122; x_wconf 82' lang='lat' dir='ltr'><strong>inimicum.</strong></span> <span class='ocrx_word' id='word_1_212' title='bbox 818 3027 963 3094; x_wconf 89' lang='lat' dir='ltr'><strong>Pessime</strong></span> <span class='ocrx_word' id='word_1_213' title='bbox 978 3039 1089 3094; x_wconf 90' lang='lat' dir='ltr'><strong>contra</strong></span> <span class='ocrx_word' id='word_1_214' title='bbox 1113 3039 1262 3116; x_wconf 89' lang='lat' dir='ltr'><strong>parentes</strong></span> <span class='ocrx_word' id='word_1_215' title='bbox 1282 3030 1422 3114; x_wconf 87' lang='lat' dir='ltr'><strong>arrigitis</strong></span> <span class='ocrx_word' id='word_1_216' title='bbox 1447 3027 1624 3108; x_wconf 88' lang='lat' dir='ltr'><strong>brachium,</strong></span> <span class='ocrx_word' id='word_1_217' title='bbox 1649 3049 1706 3113; x_wconf 94' lang='lat' dir='ltr'><strong>pro</strong></span> <span class='ocrx_word' id='word_1_218' title='bbox 1730 3027 1847 3113; x_wconf 89' lang='lat' dir='ltr'><strong>quibus</strong></span> <span class='ocrx_word' id='word_1_219' title='bbox 1871 3036 1998 3092; x_wconf 88' lang='lat' dir='ltr'><strong>constat</strong></span> 
     </span>
     <span class='ocr_line' id='line_1_23' title="bbox 314 3131 1994 3220; baseline -0.001 -24"><span class='ocrx_word' id='word_1_220' title='bbox 314 3131 455 3217; x_wconf 84' lang='lat' dir='ltr'><strong>gloriose</strong></span> <span class='ocrx_word' id='word_1_221' title='bbox 479 3131 690 3198; x_wconf 92' lang='lat' dir='ltr'><strong>moriendum.</strong></span> <span class='ocrx_word' id='word_1_222' title='bbox 726 3132 812 3214; x_wconf 79' lang='lat' dir='ltr'><strong>Quid</strong></span> <span class='ocrx_word' id='word_1_223' title='bbox 836 3155 916 3218; x_wconf 91' lang='lat' dir='ltr'><strong>opus</strong></span> <span class='ocrx_word' id='word_1_224' title='bbox 949 3143 998 3198; x_wconf 88' lang='lat' dir='ltr'><strong>est</strong></span> <span class='ocrx_word' id='word_1_225' title='bbox 1023 3133 1144 3199; x_wconf 91' lang='lat' dir='ltr'><strong>homini</strong></span> <span class='ocrx_word' id='word_1_226' title='bbox 1174 3134 1293 3220; x_wconf 85' lang='lat' dir='ltr'><strong>lingua,</strong></span> <span class='ocrx_word' id='word_1_227' title='bbox 1317 3136 1373 3218; x_wconf 92' lang='lat' dir='ltr'><strong>sic,</strong></span> <span class='ocrx_word' id='word_1_228' title='bbox 1399 3143 1434 3198; x_wconf 87' lang='lat' dir='ltr'><strong>ut</strong></span> <span class='ocrx_word' id='word_1_229' title='bbox 1456 3156 1587 3198; x_wconf 86' lang='lat' dir='ltr'><strong>causam</strong></span> <span class='ocrx_word' id='word_1_230' title='bbox 1612 3155 1725 3196; x_wconf 90' lang='lat' dir='ltr'><strong>manus</strong></span> <span class='ocrx_word' id='word_1_231' title='bbox 1749 3141 1825 3218; x_wconf 87' lang='lat' dir='ltr'><strong>agat</strong></span> <span class='ocrx_word' id='word_1_232' title='bbox 1847 3131 1994 3196; x_wconf 79' lang='lat' dir='ltr'><strong>armata?</strong></span> 
     </span>
     <span class='ocr_line' id='line_1_24' title="bbox 313 3236 1998 3326; baseline 0.001 -26"><span class='ocrx_word' id='word_1_233' title='bbox 313 3236 381 3300; x_wconf 82' lang='lat' dir='ltr'><strong>Aut</strong></span> <span class='ocrx_word' id='word_1_234' title='bbox 404 3237 488 3302; x_wconf 92' lang='lat' dir='ltr'><strong>unde</strong></span> <span class='ocrx_word' id='word_1_235' title='bbox 512 3261 578 3324; x_wconf 84' lang='lat' dir='ltr'><strong>pax</strong></span> <span class='ocrx_word' id='word_1_236' title='bbox 600 3260 672 3302; x_wconf 87' lang='lat' dir='ltr'><strong>esse</strong></span> <span class='ocrx_word' id='word_1_237' title='bbox 705 3237 855 3321; x_wconf 91' lang='lat' dir='ltr'><strong>creditur,</strong></span> <span class='ocrx_word' id='word_1_238' title='bbox 880 3240 907 3301; x_wconf 88' lang='lat' dir='ltr'><strong>si</strong></span> <span class='ocrx_word' id='word_1_239' title='bbox 931 3239 991 3304; x_wconf 92' lang='lat' dir='ltr'><strong>sub</strong></span> <span class='ocrx_word' id='word_1_240' title='bbox 1013 3239 1166 3304; x_wconf 88' lang='lat' dir='ltr'><strong>ciuilitate</strong></span> <span class='ocrx_word' id='word_1_241' title='bbox 1198 3244 1382 3326; x_wconf 76' lang='lat' dir='ltr'><strong>pugnetur?</strong></span> <span class='ocrx_word' id='word_1_242' title='bbox 1403 3239 1578 3304; x_wconf 90' lang='lat' dir='ltr'><strong>Imitamini</strong></span> <span class='ocrx_word' id='word_1_243' title='bbox 1611 3249 1698 3304; x_wconf 91' lang='lat' dir='ltr'><strong>certe</strong></span> <span class='ocrx_word' id='word_1_244' title='bbox 1721 3236 1844 3302; x_wconf 85' lang='lat' dir='ltr'><strong>Gothos</strong></span> <span class='ocrx_word' id='word_1_245' title='bbox 1872 3247 1998 3302; x_wconf 89' lang='lat' dir='ltr'><strong>nostros</strong></span> 
     </span>
     <span class='ocr_line' id='line_1_25' title="bbox 313 3339 1997 3429; baseline 0.001 -23"><span class='ocrx_word' id='word_1_246' title='bbox 313 3343 369 3428; x_wconf 89' lang='lat' dir='ltr'><strong>qui</strong></span> <span class='ocrx_word' id='word_1_247' title='bbox 393 3341 471 3406; x_wconf 84' lang='lat' dir='ltr'><strong>ioris</strong></span> <span class='ocrx_word' id='word_1_248' title='bbox 499 3339 629 3428; x_wconf 89' lang='lat' dir='ltr'><strong>praelia,</strong></span> <span class='ocrx_word' id='word_1_249' title='bbox 659 3342 746 3406; x_wconf 89' lang='lat' dir='ltr'><strong>intus</strong></span> <span class='ocrx_word' id='word_1_250' title='bbox 781 3355 898 3408; x_wconf 90' lang='lat' dir='ltr'><strong>norunt</strong></span> <span class='ocrx_word' id='word_1_251' title='bbox 930 3366 1082 3408; x_wconf 86' lang='lat' dir='ltr'><strong>exercerc</strong></span> <span class='ocrx_word' id='word_1_252' title='bbox 1115 3345 1316 3410; x_wconf 88' lang='lat' dir='ltr'><strong>modestiam.</strong></span> <span class='ocrx_word' id='word_1_253' title='bbox 1350 3343 1405 3408; x_wconf 85' lang='lat' dir='ltr'><strong>Sic</strong></span> <span class='ocrx_word' id='word_1_254' title='bbox 1426 3367 1486 3408; x_wconf 82' lang='lat' dir='ltr'><strong>vos</strong></span> <span class='ocrx_word' id='word_1_255' title='bbox 1517 3343 1665 3408; x_wconf 88' lang='lat' dir='ltr'><strong>volumus</strong></span> <span class='ocrx_word' id='word_1_256' title='bbox 1698 3344 1818 3426; x_wconf 87' lang='lat' dir='ltr'><strong>viuere,</strong></span> <span class='ocrx_word' id='word_1_257' title='bbox 1843 3343 1997 3429; x_wconf 89' lang='lat' dir='ltr'><strong>quemad-</strong></span> 
     </span>
     <span class='ocr_line' id='line_1_26' title="bbox 313 3447 1487 3536; baseline 0.001 -24"><span class='ocrx_word' id='word_1_258' title='bbox 313 3447 446 3514; x_wconf 92' lang='lat' dir='ltr'><strong>modum</strong></span> <span class='ocrx_word' id='word_1_259' title='bbox 471 3457 624 3534; x_wconf 89' lang='lat' dir='ltr'><strong>parentes</strong></span> <span class='ocrx_word' id='word_1_260' title='bbox 647 3455 783 3530; x_wconf 89' lang='lat' dir='ltr'><strong>nostros,</strong></span> <span class='ocrx_word' id='word_1_261' title='bbox 806 3448 935 3514; x_wconf 91' lang='lat' dir='ltr'><strong>domino</strong></span> <span class='ocrx_word' id='word_1_262' title='bbox 959 3459 1152 3536; x_wconf 87' lang='lat' dir='ltr'><strong>praestante,</strong></span> <span class='ocrx_word' id='word_1_263' title='bbox 1175 3451 1307 3516; x_wconf 89' lang='lat' dir='ltr'><strong>cernitis</strong></span> <span class='ocrx_word' id='word_1_264' title='bbox 1330 3449 1487 3514; x_wconf 88' lang='lat' dir='ltr'><strong>floruisse.</strong></span> 
     </span>
    </p>
   </div>
   <div class='ocr_carea' id='block_1_7' title="bbox 473 3593 999 3664">
    <p class='ocr_par' dir='ltr' id='par_1_7' title="bbox 473 3593 999 3664">
     <span class='ocr_line' id='line_1_27' title="bbox 473 3593 999 3664; baseline 0 -14"><span class='ocrx_word' id='word_1_265' title='bbox 473 3593 658 3650; x_wconf 82' lang='lat' dir='ltr'><strong>Cassiodorus</strong></span> <span class='ocrx_word' id='word_1_266' title='bbox 680 3594 772 3664; x_wconf 86' lang='lat' dir='ltr'><strong>Epist.</strong></span> <span class='ocrx_word' id='word_1_267' title='bbox 797 3595 859 3650; x_wconf 90' lang='lat' dir='ltr'><strong>Lib.</strong></span> <span class='ocrx_word' id='word_1_268' title='bbox 884 3595 935 3655; x_wconf 88' lang='lat'><strong>111.</strong></span> <span class='ocrx_word' id='word_1_269' title='bbox 959 3596 999 3650; x_wconf 83' lang='lat'><strong>24</strong></span> 
     </span>
    </p>
   </div>
   <div class='ocr_carea' id='block_1_8' title="bbox 1062 3781 1252 3866">
    <p class='ocr_par' dir='ltr' id='par_1_8' title="bbox 1062 3781 1252 3866">
     <span class='ocr_line' id='line_1_28' title="bbox 1062 3781 1252 3866; baseline 0.011 -4"><span class='ocrx_word' id='word_1_270' title='bbox 1062 3783 1134 3864; x_wconf 84' lang='lat' dir='ltr'><strong>IV.</strong></span> <span class='ocrx_word' id='word_1_271' title='bbox 1162 3781 1252 3866; x_wconf 74' lang='lat'><strong>526.</strong></span> 
     </span>
    </p>
   </div>
   <div class='ocr_carea' id='block_1_9' title="bbox 314 3954 1993 4156">
    <p class='ocr_par' dir='ltr' id='par_1_9' title="bbox 314 3954 1993 4156">
     <span class='ocr_line' id='line_1_29' title="bbox 314 3954 1993 4056; baseline 0.004 -20"><span class='ocrx_word' id='word_1_272' title='bbox 314 3975 458 4036; x_wconf 81' lang='lat' dir='ltr'><strong>Atatarit</strong></span> <span class='ocrx_word' id='word_1_273' title='bbox 481 3973 563 4047; x_wconf 66' lang='lat' dir='ltr'><strong>arati</strong></span> <span class='ocrx_word' id='word_1_274' title='bbox 586 3974 713 4035; x_wconf 77' lang='lat' dir='ltr'><strong>istotutt</strong></span> <span class='ocrx_word' id='word_1_275' title='bbox 738 3975 835 4036; x_wconf 79' lang='lat' dir='ltr'><strong>Gotals</strong></span> <span class='ocrx_word' id='word_1_276' title='bbox 852 3977 978 4049; x_wconf 78' lang='lat' dir='ltr'><strong>predqje</strong></span> <span class='ocrx_word' id='word_1_277' title='bbox 1000 3977 1030 4036; x_wconf 79' lang='lat' dir='ltr'><strong>is</strong></span> <span class='ocrx_word' id='word_1_278' title='bbox 1051 3954 1128 4037; x_wconf 72' lang='lat' dir='ltr'><strong>noba</strong></span> <span class='ocrx_word' id='word_1_279' title='bbox 1160 3980 1254 4040; x_wconf 70' lang='lat' dir='ltr'><strong>tractu</strong></span> <span class='ocrx_word' id='word_1_280' title='bbox 1279 3975 1395 4040; x_wconf 83' lang='lat' dir='ltr'><strong>Oscinu</strong></span> <span class='ocrx_word' id='word_1_281' title='bbox 1416 3997 1535 4052; x_wconf 78' lang='lat' dir='ltr'><strong>scpraou</strong></span> <span class='ocrx_word' id='word_1_282' title='bbox 1558 3980 1726 4054; x_wconf 79' lang='lat' dir='ltr'><strong>Dalmacije</strong></span> <span class='ocrx_word' id='word_1_283' title='bbox 1741 3981 1753 4040; x_wconf 87' lang='lat' dir='ltr'><strong>i</strong></span> <span class='ocrx_word' id='word_1_284' title='bbox 1768 3979 1919 4055; x_wconf 79' lang='lat' dir='ltr'><strong>Slacouije</strong></span> <span class='ocrx_word' id='word_1_285' title='bbox 1935 3983 1993 4056; x_wconf 80' lang='lat' dir='ltr'><strong>tj.</strong></span> 
     </span>
     <span class='ocr_line' id='line_1_30' title="bbox 1020 4083 1302 4156; baseline 0.004 -14"><span class='ocrx_word' id='word_1_286' title='bbox 1020 4083 1167 4156; x_wconf 82' lang='lat' dir='ltr'><strong>Panouije</strong></span> <span class='ocrx_word' id='word_1_287' title='bbox 1190 4087 1302 4145; x_wconf 82' lang='lat' dir='ltr'><strong>sauata.</strong></span> 
     </span>
    </p>
   </div>
   <div class='ocr_carea' id='block_1_10' title="bbox 231 4249 1999 5506">
    <p class='ocr_par' dir='ltr' id='par_1_10' title="bbox 231 4249 1999 5506">
     <span class='ocr_line' id='line_1_31' title="bbox 472 4249 1992 4342; baseline 0.006 -29"><span class='ocrx_word' id='word_1_288' title='bbox 472 4249 575 4315; x_wconf 89' lang='lat' dir='ltr'><strong>Osuin</strong></span> <span class='ocrx_word' id='word_1_289' title='bbox 599 4251 670 4315; x_wconf 87' lang='lat' dir='ltr'><strong>viro</strong></span> <span class='ocrx_word' id='word_1_290' title='bbox 693 4249 819 4332; x_wconf 90' lang='lat' dir='ltr'><strong>illustri,</strong></span> <span class='ocrx_word' id='word_1_291' title='bbox 844 4254 963 4336; x_wconf 89' lang='lat' dir='ltr'><strong>comiti,</strong></span> <span class='ocrx_word' id='word_1_292' title='bbox 987 4253 1194 4321; x_wconf 89' lang='lat' dir='ltr'><strong>Athalaricus</strong></span> <span class='ocrx_word' id='word_1_293' title='bbox 1217 4278 1286 4321; x_wconf 87' lang='lat' dir='ltr'><strong>rex.</strong></span> <span class='ocrx_word' id='word_1_294' title='bbox 1311 4255 1472 4342; x_wconf 90' lang='lat' dir='ltr'><strong>Propositi</strong></span> <span class='ocrx_word' id='word_1_295' title='bbox 1496 4259 1595 4321; x_wconf 91' lang='lat' dir='ltr'><strong>nostri</strong></span> <span class='ocrx_word' id='word_1_296' title='bbox 1613 4251 1672 4341; x_wconf 76' lang='lat' dir='ltr'><strong>est,</strong></span> <span class='ocrx_word' id='word_1_297' title='bbox 1689 4255 1840 4322; x_wconf 85' lang='lat' dir='ltr'><strong>honestos</strong></span> <span class='ocrx_word' id='word_1_298' title='bbox 1865 4256 1992 4322; x_wconf 89' lang='lat' dir='ltr'><strong>labores</strong></span> 
     </span>
     <span class='ocr_line' id='line_1_32' title="bbox 231 4354 1995 4450; baseline 0.006 -35"><span class='ocrx_word' id='word_1_299' title='bbox 231 4403 234 4415; x_wconf 87' lang='lat'><strong>.</strong></span> <span class='ocrx_word' id='word_1_300' title='bbox 316 4354 423 4442; x_wconf 86' lang='lat' dir='ltr'><strong>palma</strong></span> <span class='ocrx_word' id='word_1_301' title='bbox 446 4357 714 4422; x_wconf 87' lang='lat' dir='ltr'><strong>remunerationis</strong></span> <span class='ocrx_word' id='word_1_302' title='bbox 735 4381 859 4443; x_wconf 88' lang='lat' dir='ltr'><strong>ornare,</strong></span> <span class='ocrx_word' id='word_1_303' title='bbox 881 4370 915 4424; x_wconf 91' lang='lat' dir='ltr'><strong>ut</strong></span> <span class='ocrx_word' id='word_1_304' title='bbox 936 4363 1168 4445; x_wconf 87' lang='lat' dir='ltr'><strong>vicissitudine,</strong></span> <span class='ocrx_word' id='word_1_305' title='bbox 1193 4385 1258 4449; x_wconf 90' lang='lat' dir='ltr'><strong>qua</strong></span> <span class='ocrx_word' id='word_1_306' title='bbox 1280 4363 1425 4450; x_wconf 91' lang='lat' dir='ltr'><strong>prouecti</strong></span> <span class='ocrx_word' id='word_1_307' title='bbox 1448 4363 1599 4447; x_wconf 89' lang='lat' dir='ltr'><strong>gaudent,</strong></span> <span class='ocrx_word' id='word_1_308' title='bbox 1624 4363 1752 4429; x_wconf 88' lang='lat' dir='ltr'><strong>desides</strong></span> <span class='ocrx_word' id='word_1_309' title='bbox 1776 4363 1995 4446; x_wconf 89' lang='lat' dir='ltr'><strong>mordeantur,</strong></span> 
     </span>
     <span class='ocr_line' id='line_1_33' title="bbox 316 4460 1998 4555; baseline 0.005 -30"><span class='ocrx_word' id='word_1_310' title='bbox 316 4460 442 4546; x_wconf 91' lang='lat' dir='ltr'><strong>sibique</strong></span> <span class='ocrx_word' id='word_1_311' title='bbox 466 4461 625 4546; x_wconf 88' lang='lat' dir='ltr'><strong>imputare</strong></span> <span class='ocrx_word' id='word_1_312' title='bbox 645 4465 777 4548; x_wconf 90' lang='lat' dir='ltr'><strong>possint,</strong></span> <span class='ocrx_word' id='word_1_313' title='bbox 801 4465 887 4549; x_wconf 92' lang='lat' dir='ltr'><strong>quod</strong></span> <span class='ocrx_word' id='word_1_314' title='bbox 911 4464 1169 4534; x_wconf 87' lang='lat' dir='ltr'><strong>clementissimis</strong></span> <span class='ocrx_word' id='word_1_315' title='bbox 1188 4468 1385 4555; x_wconf 91' lang='lat' dir='ltr'><strong>temporibus</strong></span> <span class='ocrx_word' id='word_1_316' title='bbox 1417 4469 1529 4533; x_wconf 91' lang='lat' dir='ltr'><strong>iudicii</strong></span> <span class='ocrx_word' id='word_1_317' title='bbox 1554 4471 1653 4534; x_wconf 89' lang='lat' dir='ltr'><strong>nostri</strong></span> <span class='ocrx_word' id='word_1_318' title='bbox 1678 4473 1822 4555; x_wconf 88' lang='lat' dir='ltr'><strong>praemia</strong></span> <span class='ocrx_word' id='word_1_319' title='bbox 1845 4489 1908 4534; x_wconf 89' lang='lat' dir='ltr'><strong>non</strong></span> <span class='ocrx_word' id='word_1_320' title='bbox 1932 4491 1998 4534; x_wconf 91' lang='lat' dir='ltr'><strong>mc·</strong></span> 
     </span>
     <span class='ocr_line' id='line_1_34' title="bbox 315 4563 1996 4661; baseline 0.005 -31"><span class='ocrx_word' id='word_1_321' title='bbox 315 4572 435 4648; x_wconf 80' lang='lat' dir='ltr'><strong>lentur,</strong></span> <span class='ocrx_word' id='word_1_322' title='bbox 467 4575 564 4652; x_wconf 90' lang='lat' dir='ltr'><strong>atque</strong></span> <span class='ocrx_word' id='word_1_323' title='bbox 592 4567 665 4630; x_wconf 87' lang='lat' dir='ltr'><strong>ideo</strong></span> <span class='ocrx_word' id='word_1_324' title='bbox 697 4563 854 4633; x_wconf 90' lang='lat' dir='ltr'><strong>illustrem</strong></span> <span class='ocrx_word' id='word_1_325' title='bbox 888 4572 1140 4656; x_wconf 84' lang='lat' dir='ltr'><strong>magnitudinem</strong></span> <span class='ocrx_word' id='word_1_326' title='bbox 1173 4583 1270 4656; x_wconf 86' lang='lat' dir='ltr'><strong>tuam,</strong></span> <span class='ocrx_word' id='word_1_327' title='bbox 1303 4574 1363 4638; x_wconf 90' lang='lat' dir='ltr'><strong>deo</strong></span> <span class='ocrx_word' id='word_1_328' title='bbox 1387 4577 1527 4657; x_wconf 90' lang='lat' dir='ltr'><strong>iuuante,</strong></span> <span class='ocrx_word' id='word_1_329' title='bbox 1559 4575 1601 4640; x_wconf 88' lang='lat' dir='ltr'><strong>ad</strong></span> <span class='ocrx_word' id='word_1_330' title='bbox 1631 4574 1868 4640; x_wconf 87' lang='lat' dir='ltr'><strong>Dalmatiarum</strong></span> <span class='ocrx_word' id='word_1_331' title='bbox 1898 4584 1996 4661; x_wconf 87' lang='lat' dir='ltr'><strong>atque</strong></span> 
     </span>
     <span class='ocr_line' id='line_1_35' title="bbox 316 4671 1998 4768; baseline 0.004 -31"><span class='ocrx_word' id='word_1_332' title='bbox 316 4671 455 4737; x_wconf 85' lang='lat' dir='ltr'><strong>Suauiae</strong></span> <span class='ocrx_word' id='word_1_333' title='bbox 487 4673 670 4756; x_wconf 85' lang='lat' dir='ltr'><strong>provincias</strong></span> <span class='ocrx_word' id='word_1_334' title='bbox 702 4674 818 4738; x_wconf 91' lang='lat' dir='ltr'><strong>iterum</strong></span> <span class='ocrx_word' id='word_1_335' title='bbox 852 4675 1048 4742; x_wconf 87' lang='lat' dir='ltr'><strong>credidimus</strong></span> <span class='ocrx_word' id='word_1_336' title='bbox 1072 4678 1305 4762; x_wconf 88' lang='lat' dir='ltr'><strong>destinandam,</strong></span> <span class='ocrx_word' id='word_1_337' title='bbox 1332 4689 1366 4744; x_wconf 93' lang='lat' dir='ltr'><strong>ut</strong></span> <span class='ocrx_word' id='word_1_338' title='bbox 1389 4679 1546 4766; x_wconf 90' lang='lat' dir='ltr'><strong>quidquid</strong></span> <span class='ocrx_word' id='word_1_339' title='bbox 1582 4703 1639 4768; x_wconf 93' lang='lat' dir='ltr'><strong>pro</strong></span> <span class='ocrx_word' id='word_1_340' title='bbox 1663 4680 1854 4746; x_wconf 89' lang='lat' dir='ltr'><strong>utilitatibus</strong></span> <span class='ocrx_word' id='word_1_341' title='bbox 1878 4681 1998 4745; x_wconf 91' lang='lat' dir='ltr'><strong>nostris</strong></span> 
     </span>
     <span class='ocr_line' id='line_1_36' title="bbox 315 4779 1999 4872; baseline 0.003 -28"><span class='ocrx_word' id='word_1_342' title='bbox 315 4797 388 4844; x_wconf 85' lang='lat' dir='ltr'><strong>csse</strong></span> <span class='ocrx_word' id='word_1_343' title='bbox 421 4797 608 4862; x_wconf 84' lang='lat' dir='ltr'><strong>cognosces,</strong></span> <span class='ocrx_word' id='word_1_344' title='bbox 641 4779 802 4863; x_wconf 87' lang='lat' dir='ltr'><strong>aequabili</strong></span> <span class='ocrx_word' id='word_1_345' title='bbox 835 4781 1036 4847; x_wconf 86' lang='lat' dir='ltr'><strong>ordinatione</strong></span> <span class='ocrx_word' id='word_1_346' title='bbox 1069 4783 1232 4870; x_wconf 84' lang='lat' dir='ltr'><strong>disponas,</strong></span> <span class='ocrx_word' id='word_1_347' title='bbox 1264 4785 1487 4871; x_wconf 91' lang='lat' dir='ltr'><strong>populumque</strong></span> <span class='ocrx_word' id='word_1_348' title='bbox 1519 4784 1612 4851; x_wconf 90' lang='lat' dir='ltr'><strong>nobis</strong></span> <span class='ocrx_word' id='word_1_349' title='bbox 1644 4785 1796 4852; x_wconf 90' lang='lat' dir='ltr'><strong>deuotum</strong></span> <span class='ocrx_word' id='word_1_350' title='bbox 1819 4809 1878 4872; x_wconf 90' lang='lat' dir='ltr'><strong>per</strong></span> <span class='ocrx_word' id='word_1_351' title='bbox 1911 4795 1999 4850; x_wconf 86' lang='lat' dir='ltr'><strong>tuam</strong></span> 
     </span>
     <span class='ocr_line' id='line_1_37' title="bbox 315 4881 1999 4978; baseline 0.005 -33"><span class='ocrx_word' id='word_1_352' title='bbox 315 4881 469 4945; x_wconf 89' lang='lat' dir='ltr'><strong>iustitiam</strong></span> <span class='ocrx_word' id='word_1_353' title='bbox 494 4881 596 4946; x_wconf 85' lang='lat' dir='ltr'><strong>facias</strong></span> <span class='ocrx_word' id='word_1_354' title='bbox 619 4903 691 4947; x_wconf 88' lang='lat' dir='ltr'><strong>esse</strong></span> <span class='ocrx_word' id='word_1_355' title='bbox 708 4886 944 4968; x_wconf 86' lang='lat' dir='ltr'><strong>gratissimum:</strong></span> <span class='ocrx_word' id='word_1_356' title='bbox 962 4889 1039 4974; x_wconf 91' lang='lat' dir='ltr'><strong>quia</strong></span> <span class='ocrx_word' id='word_1_357' title='bbox 1055 4888 1257 4955; x_wconf 91' lang='lat' dir='ltr'><strong>dominorum</strong></span> <span class='ocrx_word' id='word_1_358' title='bbox 1274 4890 1423 4956; x_wconf 90' lang='lat' dir='ltr'><strong>laudibus</strong></span> <span class='ocrx_word' id='word_1_359' title='bbox 1444 4891 1631 4978; x_wconf 88' lang='lat' dir='ltr'><strong>applicatur,</strong></span> <span class='ocrx_word' id='word_1_360' title='bbox 1648 4913 1719 4957; x_wconf 91' lang='lat' dir='ltr'><strong>eum</strong></span> <span class='ocrx_word' id='word_1_361' title='bbox 1737 4915 1771 4957; x_wconf 89' lang='lat' dir='ltr'><strong>se</strong></span> <span class='ocrx_word' id='word_1_362' title='bbox 1787 4889 1999 4978; x_wconf 89' lang='lat' dir='ltr'><strong>probabiliter</strong></span> 
     </span>
     <span class='ocr_line' id='line_1_38' title="bbox 315 4983 1997 5082; baseline 0.006 -32"><span class='ocrx_word' id='word_1_363' title='bbox 315 4995 432 5050; x_wconf 88' lang='lat' dir='ltr'><strong>tractat</strong></span> <span class='ocrx_word' id='word_1_364' title='bbox 453 4985 585 5050; x_wconf 89' lang='lat' dir='ltr'><strong>electus.</strong></span> <span class='ocrx_word' id='word_1_365' title='bbox 609 4985 682 5052; x_wconf 87' lang='lat' dir='ltr'><strong>Non</strong></span> <span class='ocrx_word' id='word_1_366' title='bbox 706 4983 856 5076; x_wconf 85' lang='lat' dir='ltr'><strong>exempla</strong></span> <span class='ocrx_word' id='word_1_367' title='bbox 879 4993 984 5057; x_wconf 89' lang='lat' dir='ltr'><strong>alicua</strong></span> <span class='ocrx_word' id='word_1_368' title='bbox 1006 4996 1185 5081; x_wconf 89' lang='lat' dir='ltr'><strong>perquiras,</strong></span> <span class='ocrx_word' id='word_1_369' title='bbox 1217 5003 1428 5061; x_wconf 89' lang='lat' dir='ltr'><strong>memoresto</strong></span> <span class='ocrx_word' id='word_1_370' title='bbox 1463 5019 1546 5082; x_wconf 86' lang='lat' dir='ltr'><strong>quae</strong></span> <span class='ocrx_word' id='word_1_371' title='bbox 1569 4995 1695 5079; x_wconf 79' lang='lat' dir='ltr'><strong>feceris,</strong></span> <span class='ocrx_word' id='word_1_372' title='bbox 1727 5005 1760 5061; x_wconf 93' lang='lat' dir='ltr'><strong>st</strong></span> <span class='ocrx_word' id='word_1_373' title='bbox 1781 5019 1845 5060; x_wconf 91' lang='lat' dir='ltr'><strong>non</strong></span> <span class='ocrx_word' id='word_1_374' title='bbox 1868 4996 1997 5080; x_wconf 90' lang='lat' dir='ltr'><strong>indiges</strong></span> 
     </span>
     <span class='ocr_line' id='line_1_39' title="bbox 315 5089 1997 5188; baseline 0.008 -34"><span class='ocrx_word' id='word_1_375' title='bbox 315 5091 491 5156; x_wconf 85' lang='lat' dir='ltr'><strong>admoneri.</strong></span> <span class='ocrx_word' id='word_1_376' title='bbox 518 5089 608 5171; x_wconf 79' lang='lat' dir='ltr'><strong>Quid</strong></span> <span class='ocrx_word' id='word_1_377' title='bbox 632 5101 682 5157; x_wconf 90' lang='lat' dir='ltr'><strong>est</strong></span> <span class='ocrx_word' id='word_1_378' title='bbox 698 5095 893 5180; x_wconf 85' lang='lat' dir='ltr'><strong>enim&#39;quod</strong></span> <span class='ocrx_word' id='word_1_379' title='bbox 917 5095 958 5161; x_wconf 90' lang='lat' dir='ltr'><strong>de</strong></span> <span class='ocrx_word' id='word_1_380' title='bbox 981 5107 1037 5162; x_wconf 88' lang='lat' dir='ltr'><strong>tua</strong></span> <span class='ocrx_word' id='word_1_381' title='bbox 1063 5101 1232 5187; x_wconf 87' lang='lat' dir='ltr'><strong>quisquam</strong></span> <span class='ocrx_word' id='word_1_382' title='bbox 1263 5101 1380 5166; x_wconf 89' lang='lat' dir='ltr'><strong>debeat</strong></span> <span class='ocrx_word' id='word_1_383' title='bbox 1402 5104 1528 5168; x_wconf 88' lang='lat' dir='ltr'><strong>actione</strong></span> <span class='ocrx_word' id='word_1_384' title='bbox 1560 5102 1717 5186; x_wconf 89' lang='lat' dir='ltr'><strong>dubitare,</strong></span> <span class='ocrx_word' id='word_1_385' title='bbox 1741 5100 1870 5188; x_wconf 87' lang='lat' dir='ltr'><strong>quando</strong></span> <span class='ocrx_word' id='word_1_386' title='bbox 1893 5103 1997 5188; x_wconf 89' lang='lat' dir='ltr'><strong>ipsius</strong></span> 
     </span>
     <span class='ocr_line' id='line_1_40' title="bbox 315 5194 1995 5292; baseline 0.005 -31"><span class='ocrx_word' id='word_1_387' title='bbox 315 5197 491 5283; x_wconf 88' lang='lat' dir='ltr'><strong>provinciis</strong></span> <span class='ocrx_word' id='word_1_388' title='bbox 524 5194 630 5261; x_wconf 89' lang='lat' dir='ltr'><strong>adhuc</strong></span> <span class='ocrx_word' id='word_1_389' title='bbox 660 5200 792 5284; x_wconf 87' lang='lat' dir='ltr'><strong>propria</strong></span> <span class='ocrx_word' id='word_1_390' title='bbox 823 5199 907 5264; x_wconf 94' lang='lat' dir='ltr'><strong>bona</strong></span> <span class='ocrx_word' id='word_1_391' title='bbox 938 5201 1083 5269; x_wconf 88' lang='lat' dir='ltr'><strong>redolere</strong></span> <span class='ocrx_word' id='word_1_392' title='bbox 1115 5208 1293 5292; x_wconf 88' lang='lat' dir='ltr'><strong>cognoscis.</strong></span> <span class='ocrx_word' id='word_1_393' title='bbox 1329 5205 1575 5287; x_wconf 80' lang='lat' dir='ltr'><strong>Quodammodo</strong></span> <span class='ocrx_word' id='word_1_394' title='bbox 1602 5209 1665 5272; x_wconf 92' lang='lat' dir='ltr'><strong>iam</strong></span> <span class='ocrx_word' id='word_1_395' title='bbox 1690 5207 1832 5273; x_wconf 89' lang='lat' dir='ltr'><strong>debitum</strong></span> <span class='ocrx_word' id='word_1_396' title='bbox 1867 5215 1917 5272; x_wconf 90' lang='lat' dir='ltr'><strong>est</strong></span> <span class='ocrx_word' id='word_1_397' title='bbox 1947 5205 1995 5271; x_wconf 89' lang='lat' dir='ltr'><strong>illi</strong></span> 
     </span>
     <span class='ocr_line' id='line_1_41' title="bbox 314 5301 1994 5398; baseline 0.006 -32"><span class='ocrx_word' id='word_1_398' title='bbox 314 5301 400 5367; x_wconf 87' lang='lat' dir='ltr'><strong>velle</strong></span> <span class='ocrx_word' id='word_1_399' title='bbox 423 5308 595 5387; x_wconf 87' lang='lat' dir='ltr'><strong>praestare,</strong></span> <span class='ocrx_word' id='word_1_400' title='bbox 619 5301 706 5386; x_wconf 87' lang='lat' dir='ltr'><strong>apud</strong></span> <span class='ocrx_word' id='word_1_401' title='bbox 729 5325 824 5388; x_wconf 86' lang='lat' dir='ltr'><strong>quem</strong></span> <span class='ocrx_word' id='word_1_402' title='bbox 850 5306 912 5370; x_wconf 89' lang='lat' dir='ltr'><strong>scis</strong></span> <span class='ocrx_word' id='word_1_403' title='bbox 934 5315 966 5372; x_wconf 92' lang='lat' dir='ltr'><strong>te</strong></span> <span class='ocrx_word' id='word_1_404' title='bbox 988 5307 1088 5374; x_wconf 87' lang='lat' dir='ltr'><strong>fuisse</strong></span> <span class='ocrx_word' id='word_1_405' title='bbox 1104 5309 1311 5378; x_wconf 88' lang='lat' dir='ltr'><strong>laudabilem.</strong></span> <span class='ocrx_word' id='word_1_406' title='bbox 1334 5311 1570 5380; x_wconf 90' lang='lat' dir='ltr'><strong>Obedientibus</strong></span> <span class='ocrx_word' id='word_1_407' title='bbox 1594 5314 1679 5377; x_wconf 91' lang='lat' dir='ltr'><strong>enim</strong></span> <span class='ocrx_word' id='word_1_408' title='bbox 1703 5313 1785 5377; x_wconf 87' lang='lat' dir='ltr'><strong>iuste</strong></span> <span class='ocrx_word' id='word_1_409' title='bbox 1800 5311 1994 5398; x_wconf 87' lang='lat' dir='ltr'><strong>indulgetur</strong></span> 
     </span>
     <span class='ocr_line' id='line_1_42' title="bbox 314 5407 1998 5506; baseline 0.006 -34"><span class='ocrx_word' id='word_1_410' title='bbox 314 5409 450 5492; x_wconf 87' lang='lat' dir='ltr'><strong>animus,</strong></span> <span class='ocrx_word' id='word_1_411' title='bbox 475 5413 507 5470; x_wconf 93' lang='lat' dir='ltr'><strong>et</strong></span> <span class='ocrx_word' id='word_1_412' title='bbox 530 5427 611 5492; x_wconf 88' lang='lat' dir='ltr'><strong>quos</strong></span> <span class='ocrx_word' id='word_1_413' title='bbox 635 5407 754 5472; x_wconf 85' lang='lat' dir='ltr'><strong>scimus</strong></span> <span class='ocrx_word' id='word_1_414' title='bbox 789 5431 948 5476; x_wconf 84' lang='lat' dir='ltr'><strong>memores</strong></span> <span class='ocrx_word' id='word_1_415' title='bbox 978 5411 1145 5499; x_wconf 90' lang='lat' dir='ltr'><strong>bonorum,</strong></span> <span class='ocrx_word' id='word_1_416' title='bbox 1181 5416 1401 5482; x_wconf 88' lang='lat' dir='ltr'><strong>indubitanter</strong></span> <span class='ocrx_word' id='word_1_417' title='bbox 1423 5419 1469 5483; x_wconf 86' lang='lat' dir='ltr'><strong>eis</strong></span> <span class='ocrx_word' id='word_1_418' title='bbox 1493 5417 1598 5482; x_wconf 90' lang='lat' dir='ltr'><strong>denuo</strong></span> <span class='ocrx_word' id='word_1_419' title='bbox 1622 5417 1814 5506; x_wconf 86' lang='lat' dir='ltr'><strong>praebemus</strong></span> <span class='ocrx_word' id='word_1_420' title='bbox 1836 5416 1998 5482; x_wconf 86' lang='lat' dir='ltr'><strong>affectum.</strong></span> 
     </span>
    </p>
   </div>
   <div class='ocr_carea' id='block_1_11' title="bbox 0 0 2183 5924">
    <p class='ocr_par' dir='ltr' id='par_1_11' title="bbox 0 0 2183 5924">
     <span class='ocr_line' id='line_1_43' title="bbox 0 0 2183 5924; baseline 0 0"><span class='ocrx_word' id='word_1_421' title='bbox 0 0 2183 5924; x_wconf 95' lang='lat' dir='ltr'><strong> </strong></span> 
     </span>
    </p>
   </div>
  </div>
 </body>
</html>
