4350 5932
1824 405 1865 468 31

184 594 287 656 omnis
311 615 429 658 rancor
452 593 600 658 sinistrae
623 593 815 678 suspicionis
844 589 975 656 euulsus
1000 601 1058 656 est.
1083 589 1144 656 Pro
1168 613 1233 677 qua
1256 614 1291 656 re
1310 591 1510 678 Stephanum
1537 615 1738 658 communem
1762 592 1865 658 filium

184 697 355 762 diaconum
383 707 524 762 vestrum
550 719 622 762 cunr
647 719 773 762 summa
805 696 892 762 volui
925 695 1088 762 celeritate
1111 695 1231 760 laxare.
1267 696 1331 762 Sed
1363 696 1449 761 bunc
1479 697 1564 782 apud
1589 719 1641 761 me
1679 697 1731 761 vel
1755 701 1866 784 paucis

185 801 300 866 diebus
323 803 498 884 immorari,
524 802 652 866 dolores
684 804 787 867 crebri
820 825 962 866 mearum
988 801 1226 886 aegritudinum
1245 800 1477 888 compulerunt.
1496 804 1540 866 At
1561 813 1730 889 postquam
1757 803 1866 868 melio·

184 909 248 971 reri
274 907 327 972 vel
348 908 509 972 modicum
528 909 629 992 coepi,
652 931 724 971 eum
755 909 900 993 protinus
924 930 996 972 cum
1021 906 1144 998 gaudio
1170 913 1422 971 retransmittere
1446 909 1567 972 curaui.
1592 907 1708 994 Itaque
1733 906 1865 993 pallium

183 1012 224 1077 ad
248 1035 343 1078 sacra
366 1015 536 1078 missarum
571 1011 715 1077 solennia
750 1012 903 1077 utendum
936 1035 978 1077 ex
1012 1034 1099 1078 more
1138 1013 1389 1095 transmisimus,
1422 1016 1512 1078 ouius
1547 1037 1605 1080 nos
1637 1014 1785 1080 volumus
1809 1037 1865 1102 per

183 1121 292 1182 omnia
316 1120 446 1204 genium
471 1118 653 1183 vendicare.
678 1117 784 1183 Huius
808 1121 894 1182 enim
918 1119 1097 1184 indumenti
1122 1118 1234 1202 honor,
1260 1118 1423 1184 humilitas
1448 1123 1546 1205 atque
1563 1121 1685 1186 iustitia
1707 1131 1764 1186 est.
1782 1120 1866 1188 Tota

184 1245 260 1308 ergo
287 1235 395 1288 mente
418 1223 601 1289 fraternitas
625 1233 734 1288 vestra
758 1248 792 1288 se
816 1223 972 1288 exhibere
1006 1225 1136 1290 festinet
1159 1227 1192 1288 iu
1224 1226 1387 1311 prosperis
1418 1223 1581 1306 humilem,
1606 1237 1639 1290 et
1661 1227 1694 1290 iu
1718 1225 1864 1292 aduersis

182 1329 359 1415 siquando
384 1331 545 1411 eueniunt,
570 1351 641 1394 cum
666 1331 788 1394 iustitia
811 1341 969 1412 erectam3
985 1333 1120 1396 amicam
1140 1329 1241 1412 bonis,
1267 1339 1299 1394 et
1323 1331 1482 1414 peruersis
1508 1331 1711 1396 contrariam.
1736 1330 1864 1396 Nullius

183 1457 326 1521 unquam
356 1435 471 1500 faciem
505 1457 563 1521 pro
597 1437 731 1500 veritate
761 1435 922 1521 loquentis
955 1458 1114 1522 premens,
1148 1434 1389 1500 misericordiae
1423 1435 1574 1520 operibus
1599 1437 1690 1499 iuxta
1713 1437 1864 1502 virtutem

183 1541 382 1604 substantiae
406 1541 567 1620 insistens,
593 1549 751 1604 ettamen
779 1543 926 1606 insistere
940 1543 1035 1604 etiam
1058 1540 1139 1606 ultra
1156 1543 1306 1606 virtutem
1326 1543 1469 1625 cupiens,
1496 1539 1631 1604 infirmis
1656 1543 1863 1626 compatiens,

183 1643 266 1710 bene
292 1645 473 1712 valentibus
498 1647 715 1731 congaudens,
740 1645 846 1710 aliena
869 1646 986 1711 damna
1003 1648 1133 1732 propria
1156 1646 1322 1731 deputans,
1349 1644 1389 1708 de
1413 1644 1526 1708 alienis
1551 1644 1683 1728 gaudiis·
1701 1632 1889 1731 tamquam

183 1751 222 1815 de
246 1753 385 1837 propriis
409 1751 576 1830 exultans3
600 1754 632 1815 in
650 1752 850 1836 corrigendis
876 1761 982 1816 autem
997 1753 1084 1814 vitiis
1102 1755 1259 1832 saeuiens,
1277 1753 1308 1813 in
1326 1747 1474 1813 fouendis
1494 1749 1667 1814 virtutibus
1683 1749 1865 1814 adiuturum

185 1858 310 1920 animos
335 1856 531 1938 demulcens,
557 1859 587 1920 in
615 1859 662 1921 ira
686 1856 837 1922 iudicium
863 1858 934 1922 sine
957 1859 1141 1936 iratenens,
1165 1859 1195 1919 in
1215 1854 1447 1942 tranquillitate
1464 1865 1571 1918 autem
1590 1856 1770 1919 seueritatis
1788 1877 1865 1920 suae

181 1983 350 2026 censuram
376 1985 438 2027 non
462 1962 623 2028 deferens.
648 1961 740 2026 Haeo
763 1973 820 2045 est,
845 1961 945 2058 frater
968 1964 1145 2044 carissime,
1171 1961 1259 2047 pallii
1283 1962 1406 2046 accepti
1438 1961 1649 2046 relinquam
1682 1961 1707 2022 si
1741 1960 1864 2025 solicite

181 2071 375 2150 seruaueris,
397 2069 484 2154 quod
508 2067 585 2133 foria
609 2070 775 2154 accepisse
798 2068 986 2141 ostenderis.
1004 2070 1089 2132 intus
1104 2066 1213 2132 habes.
1231 2067 1403 2132 Praeterea
1426 2064 1557 2161 fratrem
1582 2074 1614 2130 et
1637 2067 1862 2152 coepiscopum

181 2185 326 2238 nostrum
350 2173 561 2239 Sabinianum
586 2173 778 2238 fraternitati
812 2183 939 2238 vestrae
965 2175 995 2236 in
1020 2171 1170 2238 omnibus
1194 2171 1395 2253 commendo,
1420 2179 1453 2234 et
1475 2172 1501 2235 si
1526 2185 1609 2256 quae
1632 2193 1766 2236 caussae
1790 2173 1863 2254 sint,

179 2281 306 2344 interim
332 2287 575 2365 postponantur.
596 2277 723 2344 Caritas
747 2281 909 2342 intervos
933 2280 1000 2344 fixa
1022 2286 1217 2362 permaneat,
1241 2288 1277 2342 ut
1299 2279 1346 2342 sic
1368 2277 1409 2342 de
1433 2276 1659 2352 exterioribus,
1683 2277 1863 2364 siquando

179 2386 344 2449 contentio
368 2385 511 2466 vertitur,
536 2407 672 2467 examen
710 2386 827 2464 veniat,
852 2393 1010 2470 quatenus
1039 2395 1178 2448 mentem
1211 2385 1328 2448 caritas
1360 2407 1424 2448 non
1456 2383 1625 2470 relinquat.
1651 2381 1861 2448 Communem

179 2513 308 2576 quoque
332 2489 433 2554 filium
453 2489 654 2555 Honoratum
678 2489 940 2554 archidiaconum
957 2488 1229 2553 commendamus.
1269 2488 1320 2552 De
1356 2511 1419 2575 quo
1443 2491 1470 2552 si
1496 2490 1539 2552 ita
1563 2497 1621 2571 est,
1646 2489 1729 2553 sicut
1749 2486 1863 2554 Casto·

179 2597 261 2658 rium
286 2594 517 2658 chartularium
542 2603 685 2660 nostrum
710 2594 891 2675 didicimus,
916 2595 990 2680 quia
1018 2616 1074 2679 per
1098 2615 1170 2658 eum
1195 2594 1258 2656 iam
1282 2603 1347 2659 tres
1371 2601 1467 2658 autea
1490 2593 1708 2658 archidiaconi
1733 2615 1863 2660 seruare

178 2701 445 2766 consuetudinem
470 2700 732 2781 ecclesiasticam,
756 2702 975 2786 quinquennio
1008 2699 1138 2786 expleto
1161 2697 1309 2763 exeundo
1334 2698 1481 2785 conpulsi
1506 2709 1589 2781 sunt,
1622 2707 1696 2765 tuae
1729 2699 1858 2787 quidem

180 2805 329 2872 volumus
362 2816 397 2871 ut
428 2808 593 2871 caritatem
621 2808 800 2870 sanctitatis
832 2807 984 2870 inueniat.
1019 2803 1100 2868 Nam
1136 2803 1275 2890 flagitari
1299 2805 1452 2869 iudicium
1476 2827 1538 2870 nou
1563 2804 1660 2869 debet
1683 2803 1723 2871 de
1744 2827 1859 2870 caussa
1937 2849 1941 2859 ·

176 2934 272 2998 quam
298 2914 369 2998 ipse
392 2911 556 2976 iudicauit.
581 2910 637 2976 Sin
667 2934 743 2976 vero
774 2912 819 2976 ita
850 2933 913 2975 non
937 2920 994 2994 est,
1020 2911 1107 2975 omni
1131 2913 1249 2976 mentis
1273 2919 1401 2976 tumore
1424 2910 1587 2996 depresso,
1611 2904 1762 2997 omnique
1786 2911 1860 2976 odio

177 3019 368 3106 postposito,
397 3017 495 3082 debet
526 3020 558 3081 iu
591 3021 723 3082 caritate
754 3018 854 3103 recipi
887 3028 919 3083 et
950 3016 1130 3081 nullatenus
1161 3040 1180 3080 a
1212 3016 1281 3081 loco
1306 3019 1337 3080 in
1362 3039 1425 3103 quo
1461 3018 1610 3081 inuentus
1634 3025 1683 3082 est
1704 3019 1859 3084 amoueri.

179 3127 379 3190 Massianum
404 3144 533 3208 quoque
557 3121 720 3203 clericum,
755 3125 809 3209 qui
849 3123 889 3187 ad
921 3145 979 3188 nos
1010 3122 1207 3206 confugerat,
1243 3125 1403 3187 communi
1435 3121 1501 3186 filio
1537 3121 1700 3209 Stephano
1724 3121 1859 3189 diacono

180 3228 377 3294 fiducialiter
394 3227 552 3312 dedimus,
570 3232 658 3312 certi,
676 3231 751 3315 quia
775 3251 871 3315 quem
892 3251 949 3294 nos
966 3239 1092 3294 vestrae
1108 3213 1298 3293 fraternitati
1316 3229 1569 3310 transmittimus,
1594 3249 1652 3291 vos
1677 3229 1709 3291 in
1733 3250 1771 3292 eo
1795 3251 1860 3294 non

179 3334 290 3404 odium
315 3334 374 3400 sed
396 3338 531 3420 gratiam
558 3337 725 3422 potestatis
751 3335 919 3400 ostendere
954 3334 1108 3400 debeatis.
1142 3333 1354 3420 Omnipotens
1379 3333 1458 3397 deus
1490 3319 1628 3397 suavos
1660 3335 1858 3418 protectione

175 3433 350 3522 custodiat,
375 3441 494 3528 detque
518 3443 611 3507 nobis
635 3444 679 3506 ita
702 3463 809 3527 agere,
826 3429 867 3505 ut
877 3450 949 3527 post
965 3443 1060 3506 huius
1075 3439 1319 3527 temporalitatis
1335 3437 1467 3502 fluctum
1485 3439 1524 3502 ad
1543 3447 1675 3502 aeterna
1690 3437 1857 3520 valeamus

175 3549 273 3614 simul
297 3547 418 3634 gaudia
440 3549 621 3634 peruenire.

336 3711 438 3768 Manui,
462 3711 599 3768 collectio
624 3711 732 3766 Concil.
757 3711 792 3766 T.
813 3714 849 3769 X.
873 3721 922 3769 str.
946 3713 1018 3768 205.

684 3969 837 4054 XLVI.
864 3969 958 4054 600.
988 3970 1172 4073 mjeseca
1197 3967 1359 4072 srpnjs.

174 4171 277 4247 Grpur
299 4171 326 4230 1.
344 4187 431 4244 popu
456 4168 516 4228 tart
539 4185 560 4226 u
582 4153 662 4228 suom
681 4169 784 4242 pismu
802 4169 942 4243 pbanom
958 4169 1114 4230 Molcsr'mu
1129 4170 1257 4243 tistupu
1271 4169 1461 4240 sotiuslsomu,
1484 4165 1525 4228 da
1544 4165 1677 4241 ubetem·
1699 4161 1860 4240 aquabula

839 4277 910 4336 tros
933 4271 1017 4335 [stru
1040 4293 1062 4336 u
1084 4276 1201 4350 Italttu.

642 4447 832 4534 Gregorius,
856 4447 1000 4513 Maximo
1023 4449 1173 4536 episcopo
1202 4445 1390 4514 salonitano.

333 4609 386 4674 Ad
413 4610 589 4702 Romanam
615 4609 748 4673 veniens
775 4609 884 4673 urbem
909 4608 1087 4672 communis
1111 4606 1206 4690 filius,
1231 4608 1401 4695 presbyter
1425 4605 1615 4690 Veterauns,
1648 4606 1694 4671 ita
1724 4627 1776 4672 mc
1799 4628 1855 4693 po·

13 4709 15 4764 l
93 4715 97 4720 ’
171 4717 293 4804 dagrae
316 4716 483 4782 doloribus
508 4715 646 4780 debilem
670 4716 797 4800 reperit,
821 4724 857 4778 ut
879 4713 1087 4778 fraternitatis
1111 4723 1184 4778 tuae
1209 4713 1354 4799 epistolis
1380 4735 1437 4798 per
1460 4735 1511 4778 me
1534 4711 1730 4792 respondere
1754 4711 1864 4792 nullas,

171 4835 266 4888 tenus
290 4822 477 4888 valuissem.
501 4821 545 4886 Et
567 4821 695 4908 quidem
721 4821 761 4884 de
796 4818 983 4884 Sclauorum
1023 4831 1129 4904 gente,
1172 4841 1254 4906 quae
1290 4819 1383 4884 vobis
1418 4817 1514 4882 valde
1552 4819 1697 4882 imminet
1727 4815 1855 4902 affligor

169 4930 382 4996 vehementer
406 4938 437 4994 et
459 4929 642 4994 conturbor.
668 4925 807 5010 Affligor
831 4928 861 4990 in
886 4925 945 5010 his,
969 4948 1052 5013 quae
1076 4927 1138 4988 iam
1164 4926 1197 4989 in
1220 4923 1315 4989 vobis
1339 4925 1462 5010 patior;
1487 4923 1671 5005 conturbor,
1697 4923 1775 5008 quia
1798 4944 1856 5008 per

171 5037 288 5102 Istriae
312 5035 436 5100 aditum
465 5037 530 5101 iam
562 5033 688 5099 Italiam
720 5035 840 5096 intrare
868 5041 1052 5118 coeperunt.
1086 5030 1136 5095 De
1168 5029 1299 5095 Juliano
1333 5039 1439 5094 autem
1464 5028 1620 5094 Scribone
1644 5027 1722 5114 qnid
1744 5028 1851 5092 dicam

169 5145 292 5225 nescio,
314 5142 443 5228 quando
460 5142 579 5228 ubique
604 5141 708 5221 video,
734 5140 809 5225 quia
831 5138 925 5203 nobis
955 5147 1086 5224 peccata
1109 5147 1219 5202 nostra
1242 5135 1466 5221 respondeant,
1492 5145 1528 5199 ut
1550 5144 1582 5200 et
1604 5133 1682 5198 foris
1706 5156 1725 5197 a
1748 5133 1851 5218 genti-

167 5249 232 5315 bus
277 5259 309 5314 et
332 5251 459 5312 intusa
483 5249 643 5333 peruersis
678 5244 838 5310 iudicibus
876 5244 1111 5338 conturbemur.
1153 5242 1217 5308 Sed
1257 5244 1353 5308 nolite
1381 5241 1421 5306 de
1460 5240 1578 5306 talibus
1611 5239 1755 5310 omnino¹
1777 5260 1851 5303 con-

168 5357 301 5440 tristari,
333 5356 409 5442 quia
437 5363 507 5441 post
535 5375 592 5417 nos
633 5353 782 5434 vixerint,
808 5349 968 5418 deteriora
1007 5359 1152 5438 tempora
1181 5349 1353 5432 videbunt3
1390 5349 1442 5434 ita,
1480 5359 1514 5410 ut
1550 5352 1580 5410 in
1606 5345 1847 5436 comparatione
