4310 5918
1822 434 1863 500 79

181 623 385 690 monitorium
410 623 603 688 christianae
628 623 793 708 religionis
817 625 934 709 dogma
957 625 1185 690 continentem.
1211 607 1357 702 Quorum
1384 621 1654 708 postulationibus
1679 625 1865 712 saepefatus

183 728 331 814 pontifex
362 750 531 794 assensum
564 729 733 816 praebens,
768 730 926 794 Joannem
961 729 1178 794 venerabilem
1211 731 1396 815 episcopum
1431 728 1665 794 anchonilaoae
1698 731 1864 813 ecelesiae,
1932 737 1936 744 '

184 831 327 896 Leonem
352 855 431 897 vero
464 833 756 919 palestrinensem¹
781 836 965 919 episcopum
994 857 1066 899 curn
1092 837 1158 898 suis
1176 833 1320 919 epistolis
1337 831 1490 897 melliflue
1513 835 1714 899 ructantibus
1739 835 1866 923 eloquia

183 937 377 1020 destinauit3
401 947 438 1002 ut
469 960 541 1002 cum
570 938 731 1024 praefatas
764 943 946 1024 personas‘¹
965 940 1122 1004 iudicibus
1140 951 1173 1004 et
1203 941 1372 1025 episcopis,
1394 940 1408 976 ¹
1431 938 1631 1024 synodaliter
1661 945 1866 1026 congregatis

182 1051 215 1106 et
239 1064 376 1128 perpera
399 1045 563 1129 exrirpare
587 1053 619 1108 et
640 1043 699 1108 deu
727 1043 844 1129 placita
860 1047 1013 1110 canonico
1038 1049 1164 1110 sanoire
1192 1044 1357 1109 deberent.
1385 1042 1514 1129 Quique
1539 1045 1764 1130 perueniantes
1788 1047 1865 1112 dieti

182 1149 339 1232 episcopi,
359 1146 596 1212 Dalmatiarum
621 1159 829 1234 peragrantes
847 1151 993 1214 ciuitates
1011 1161 1042 1214 et
1058 1147 1247 1213 Oroatorum
1273 1157 1370 1234 atque
1390 1147 1563 1212 Serborum
1588 1148 1772 1234 proceribus
1792 1173 1865 1216 con·

180 1253 357 1331 venientes,
379 1255 583 1338 congregatis
606 1253 638 1316 in
663 1254 793 1339 Spelato
809 1257 968 1341 episcopis
986 1265 1018 1318 et
1030 1254 1199 1336 iudicibus,
1216 1252 1461 1318 celeberrimum
1486 1252 1655 1317 concilium
1674 1257 1865 1340 peragere⁴.

182 1353 248 1419 Ubi
274 1354 385 1421 diuino
408 1358 571 1422 iuuamine
596 1357 678 1440 freti,
704 1358 784 1422 haee
807 1381 889 1444 quae
913 1369 1092 1445 sequuntur
1115 1358 1255 1445 capitula
1279 1358 1454 1444 obseruare
1479 1379 1644 1422 consuere.
1927 1339 1932 1350 ⁸

342 1461 367 1524 Ι.
394 1461 530 1541 Quum⁵
564 1465 739 1549 antiquitus
771 1461 884 1528 beatus
916 1464 1075 1528 Domnius
1107 1463 1149 1528 ab
1182 1461 1326 1550 apostolo
1359 1462 1454 1526 Petro
1489 1463 1677 1548 praedicare
1716 1461 1867 1528 Salonam

183 1565 301 1629 missua
327 1577 386 1649 est,
411 1571 650 1653 constituitque,
675 1580 710 1631 ut
732 1571 803 1654 ipsa
825 1569 962 1634 ecclesia
978 1581 1010 1633 et
1030 1571 1154 1650 ciuitas,
1177 1570 1229 1633 ubi
1256 1579 1367 1633 saneta
1387 1571 1456 1631 eius
1480 1567 1624 1632 rnernhra
1649 1571 1866 1654 requiescunt,

181 1671 402 1736 interamnae
426 1671 579 1737 ecclesias
604 1675 788 1758 prouinciae
813 1673 908 1738 hulus
926 1675 1071 1760 primatis
1096 1663 1273 1737 habeatur¹
1304 1682 1335 1736 et
1360 1671 1545 1758 metropolis
1562 1673 1749 1736 nominata⁷
1772 1696 1867 1754 super

181 1795 294 1839 omnes
318 1778 522 1863 episcopatos
547 1777 687 1862 legitime
703 1788 871 1858 sortatur3
896 1781 940 1843 ita
963 1777 1139 1858 dumtaxat,
1154 1787 1190 1842 ut
1212 1777 1251 1842 ad
1271 1779 1339 1840 eius
1359 1779 1531 1840 iussionem
1557 1778 1709 1863 episcopi,
1734 1781 1788 1864 qui
1812 1801 1869 1866 per

180 1878 326 1944 diuinam
350 1885 488 1965 gratiam
513 1882 697 1947 cathedram
722 1885 823 1969 ipsam
846 1883 1045 1965 attinuerint,
1068 1893 1100 1947 et
1126 1881 1269 1968 synodus
1291 1881 1485 1962 celebretur,
1508 1891 1540 1945 et
1563 1885 1762 1946 consecratio
1786 1885 1867 1969 epis·

180 2005 351 2070 coporum;
376 1989 452 2072 quia
475 1987 602 2052 dicente
627 1987 773 2052 domino:
798 1988 851 2052 ubi
877 1989 974 2054 fuerit
994 2009 1120 2073 corpus,
1146 1987 1211 2052 illic
1235 1986 1526 2071 congregabuntur
1549 1997 1581 2052 et
1601 1987 1739 2074 aquilae.

339 2091 381 2155 ll.
406 2091 505 2156 Utin
529 2095 653 2158 cunetis
678 2093 835 2175 ecclesiis,
867 2097 898 2158 in
924 2094 1040 2180 quibus
1066 2115 1163 2178 supra
1184 2091 1337 2156 recolitur
1364 2093 1558 2177 episcopos*¹
1582 2091 1756 2172 habitasse,
1780 2114 1867 2157 nune

181 2206 289 2260 autem
317 2196 413 2279 clero,
438 2198 560 2280 ordine,
577 2209 609 2262 et
632 2199 757 2285 populis
775 2199 940 2265 sufficiens
963 2201 1055 2264 adest
1071 2200 1155 2262 intre
1171 2197 1338 2262 dioceseos
1355 2197 1481 2278 limites,
1499 2199 1670 2283 episeopus
1694 2197 1868 2273 habeatur,

180 2298 268 2378 Quia
292 2303 384 2366 iuxta
408 2303 563 2366 decreta⁹
586 2327 647 2368 non
674 2305 749 2368 licet
765 2307 797 2368 in
815 2305 949 2368 modicis
966 2305 1160 2386 ciuitatibus,
1179 2302 1230 2368 vel
1248 2303 1333 2368 villis
1350 2305 1517 2389 episcopos
1533 2304 1561 2340 ¹⁰
1583 2325 1622 2391 ne
1644 2325 1760 2366 nornen
1785 2306 1867 2390 epis·

180 2407 251 2489 copi
276 2405 421 2488 vilescat,
444 2419 476 2497 et
507 2418 542 2472 ut
573 2411 743 2495 episcopus
781 2433 901 2475 vacans
929 2421 1096 2480 vacantem
1134 2410 1290 2474 diocesim
1316 2408 1544 2473 cumconsilio
1569 2408 1815 2496 metropolitani,
1838 2419 1870 2474 et

178 2521 382 2576 caeterorum
408 2516 632 2600 episcoporum
656 2537 724 2580 coe.
749 2514 792 2602 ti)
817 2517 963 2602 accipiat.

341 2617 400 2684 Ill.
424 2617 585 2697 Quoniam
610 2622 741 2683 minime
772 2621 900 2685 termini
930 2643 949 2684 a
981 2621 1126 2707 patribus
1158 2621 1267 2684 statuti
1301 2617 1466 2684 transferri
1490 2617 1622 2693 debent,
1646 2621 1869 2706 unusquisque

179 2727 354 2807 episcopus
378 2723 556 2809 descriptos
581 2725 642 2789 sibi
667 2727 821 2790 terminos
837 2725 1000 2811 possideat
1023 2737 1055 2790 et
1077 2726 1215 2790 alienam
1238 2726 1392 2790 diocesim
1417 2723 1600 2788 nullatenus
1623 2725 1773 2806 inuadat;
1798 2726 1869 2790 iura

180 2829 314 2911 propria
338 2838 465 2892 seruato
486 2831 519 2892 in
542 2830 728 2913 regnandis,
752 2831 979 2895 consecrandis
1001 2831 1158 2910 ecelesiis,
1184 2831 1235 2896 vel
1259 2831 1481 2896 sacerdotibus
1508 2829 1746 2916 promouendis,
1769 2832 1868 2916 atque

180 2953 201 2994 a
225 2955 284 2996 sno
309 2935 462 3020 episcopo
487 2933 628 3000 chrisma
649 2935 884 3022 accipiendum.

343 3038 401 3104 IV.
424 3039 470 3103 Ut
492 3041 713 3126 possessiones
738 3041 946 3106 ecclesiarum
983 3063 1146 3133 quaepro
1170 3043 1311 3128 peecatis
1337 3041 1537 3107 conditorum
1570 3040 1696 3106 oblatae
1729 3051 1804 3106 sunt
1826 3039 1867 3106 ud

181 3143 337 3208 honorem
363 3153 556 3228 sanctorum,
579 3145 799 3211 saecularibus
823 3148 953 3237 minime
989 3149 1231 3233 mancipentur3
1255 3150 1331 3232 quia
1351 3171 1367 3212 r
1389 3171 1403 3211 s
1427 3148 1488 3212 deo
1510 3147 1609 3212 semel
1641 3145 1789 3212 dedicata
1811 3146 1867 3212 hu·

1 3341 2 3352 ἵ
85 3291 89 3296 =
181 3271 278 3315 mano
302 3250 444 3316 domimo
468 3250 563 3315 subdi
585 3271 646 3315 non
672 3249 778 3316 debet.

342 3371 382 3438 V.
408 3372 452 3436 Ut
475 3374 501 3437 si
525 3395 608 3459 quae
631 3372 787 3438 ecelesiae
810 3372 862 3438 vel
886 3375 1046 3459 possessio
1069 3396 1127 3460 per
1150 3371 1375 3461 priuilegiuma
1404 3373 1554 3440 fidelibus
1577 3373 1637 3438 sub
1665 3373 1867 3442 anathemate

184 3479 218 3542 in
243 3477 413 3564 principali
438 3477 575 3543 eeclesia
599 3479 683 3544 beati
701 3481 727 3517 ¹¹
751 3479 837 3544 Petri
862 3480 1002 3565 apostoli
1026 3479 1174 3545 subditae
1198 3490 1280 3562 sunt,
1305 3481 1434 3544 minime
1457 3480 1644 3544 substantae
1660 3481 1686 3519 ¹¹
1708 3479 1868 3568 quatenus
1958 3507 1960 3512 ⁴
2001 3503 2009 3515 ·

184 3595 217 3649 et
241 3569 454 3650 offerentibus
479 3595 510 3650 et
532 3607 584 3650 res
606 3587 677 3673 ipsa
700 3586 864 3651 tuentibus
889 3585 1009 3651 Christi
1040 3586 1196 3672 clauigeri
1219 3583 1305 3649 Petri
1330 3594 1480 3650 tueantur
1502 3585 1674 3670 suffragiis.
1736 3623 1742 3634 ·

342 3705 398 3773 VI.
423 3707 468 3772 Ut
491 3709 518 3771 si
542 3707 652 3771 diuino
675 3707 794 3774 iudicio
822 3711 855 3773 in
881 3707 1027 3772 tumultis
1061 3707 1164 3794 plebis
1196 3709 1344 3794 princeps
1380 3707 1566 3794 prouinciae
1597 3707 1763 3773 occidatur
1786 3709 1865 3795 quia
1895 3719 1900 3744 ’

181 3811 305 3898 quoda
329 3811 437 3876 multis
461 3814 669 3878 committitur
685 3813 820 3878 inultum
841 3823 957 3896 manet,
974 3812 1026 3878 vel
1043 3835 1100 3908 pro
1117 3815 1186 3898 ipso
1210 3821 1298 3876 reatu
1323 3811 1394 3900 q'uis
1415 3813 1586 3896 ignoscunt
1599 3813 1634 3895 ¹¹,
1658 3813 1790 3878 obnoxii
1815 3814 1868 3879 de·

180 3917 261 3982 bent
282 3939 354 3982 esse
376 3939 433 4003 pro
458 3917 527 4002 ipsa
548 3919 655 3982 anima
672 3917 873 4004 elemosynas
891 3917 1008 4000 facere,
1029 3921 1103 3982 etsi
1121 3916 1398 4005 quameeelesiam
1421 3916 1593 4000 dedicauit,
1616 3917 1668 3982 vel
1693 3918 1825 3984 libertos
1842 3921 1869 3959 ¹³

181 4021 366 4101 defendere,
391 4043 536 4102 uxorem,
560 4033 615 4088 aut
638 4023 722 4088 lilios
744 4023 853 4088 fouere
877 4023 1016 4108 benigne
1032 4023 1058 4061 ¹⁴

343 4127 415 4194 VII.
439 4127 485 4193 Ut
505 4129 531 4192 si
555 4131 627 4214 quis
650 4128 811 4210 malignus
835 4127 954 4192 diaboli
978 4129 1092 4214 spiritu
1123 4127 1232 4192 afflato
1247 4128 1274 4206 ξ’
1306 4125 1460 4212 singulari
1485 4127 1619 4193 consilio
1645 4129 1728 4193 sieut
1748 4127 1863 4211 Judas,

181 4233 349 4300 dominum
374 4255 468 4298 suum
492 4233 655 4307 occiderit,
674 4233 799 4318 lapideo
816 4233 897 4298 collo
915 4257 1081 4320 suspenso,
1101 4233 1186 4298 ferro
1202 4254 1335 4320 corpore
1354 4235 1566 4318 praecinctus,
1592 4232 1668 4297 exul
1693 4235 1867 4318 poeniteat.

342 4337 432 4404 VIII.
459 4339 508 4402 De
533 4340 693 4425 episcopis
725 4341 910 4424 ragusitano
935 4349 967 4403 et
986 4338 1194 4422 catharitau0,
1219 4361 1354 4424 quorum
1386 4336 1556 4402 manifeste
1588 4361 1652 4402 uua
1675 4337 1769 4403 sedes
1793 4338 1866 4424 dig·

180 4446 337 4520 noscitur,
361 4445 464 4530 ipsam
487 4441 641 4510 diocesim
665 4445 808 4530 aequa¹⁶
830 4446 914 4510 inter
934 4467 967 4509 se
991 4443 1140 4510 diuidant
1156 4445 1209 4526 ita,
1236 4453 1270 4507 ut
1293 4444 1319 4506 ai
1345 4466 1426 4506 unus
1451 4443 1557 4507 diotre
1572 4441 1728 4508 ecclesiae
1750 4454 1861 4530 pastor

180 4549 309 4632 obierit,
334 4549 438 4613 donee
461 4547 625 4612 ordinetur
649 4550 820 4635 episcopus
836 4549 862 4588 ¹⁷
878 4549 1021 4614 residens
1036 4552 1064 4589 ¹⁸
1088 4547 1243 4613 ecclesiae
1260 4547 1517 4613 ecelesiasticam
1535 4569 1644 4611 euram
1662 4559 1764 4633 gerat.

341 4671 400 4735 lX.
426 4671 477 4736 Dc
499 4671 624 4735 Licinio
648 4674 808 4758 episcopo,
834 4685 868 4737 nt
891 4675 920 4736 io
947 4673 1092 4754 ecelesia,
1117 4675 1150 4738 in
1177 4695 1241 4758 qua
1264 4671 1430 4738 ordinatus
1454 4682 1511 4754 est,
1545 4681 1715 4735 contentus
1746 4694 1870 4756 perma-

180 4789 267 4860 neat,
291 4785 324 4841 ei
348 4775 455 4840 nullus
481 4778 632 4863 deinceps
656 4780 687 4841 in
711 4801 749 4842 ea
773 4782 1006 4864 cpiscoporum,
1031 4779 1084 4842 vel
1117 4780 1379 4866 presbyterorum
1419 4780 1548 4842 missam
1581 4776 1732 4857 celebret,
1763 4777 1869 4842 donee

180 4885 331 4970 proprius
349 4885 521 4968 episcopus
538 4907 609 4948 euni
629 4887 655 4925 ¹⁹
671 4897 836 4948 consecret
852 4886 1014 4948 canonice.
1034 4885 1157 4970 Siquis
1176 4881 1377 4970 postmodum
1396 4891 1618 4968 praesumptor
1636 4883 1668 4945 in
1693 4905 1729 4945 ea
1754 4890 1867 4946 contra

182 5027 285 5034 -—.-—
303 5024 447 5032 ——---

293 5097 358 5156 ¹F.
382 5099 619 5170 pelcstriuensem.
654 5095 716 5154 Ῥ.
750 5100 884 5170 praefatis
908 5100 1043 5171 personis.
1063 5095 1085 5168 ζ’
1100 5100 1132 5154 F'.
1151 5099 1355 5171 episcoporum.
1381 5093 1439 5152 Τ.
1465 5113 1608 5168 peregere.
1636 5091 1706 5149 ⁵1².
1728 5095 1868 5161 Quoniam

179 5187 227 5242 ab.
260 5183 322 5243 ⁶F.
346 5187 458 5243 habeat.
492 5179 553 5240 Τ.
578 5205 687 5242 nornen.
720 5185 781 5242 ⁸1².
805 5189 962 5258 episcopus.
996 5185 1057 5241 ”R
1081 5187 1224 5241 decretum
1249 5189 1360 5242 Patrurn
1408 5184 1432 5218 ¹⁰
1448 5185 1480 5240 F.
1505 5191 1639 5239 statuere.
1668 5177 1742 5236 ΗΡ.
1767 5183 1869 5237 suncti.

186 5270 496 5330 mensurarentur.
533 5269 560 5306 ¹³
576 5275 607 5329 F.
629 5286 811 5346 cognoscunt.
849 5269 916 5330 ΜΡ.
935 5276 1049 5330 libertos
1073 5275 1142 5328 fecit
1164 5270 1361 5332 ¹⁶F.eflatus.
1392 5269 1419 5307 ¹⁶
1434 5273 1464 5326 F.
1482 5272 1601 5344 dodaje:
1620 5273 1706 5325 lance.
1730 5263 1756 5302 ¹⁷
1772 5270 1866 5344 moglo

180 5362 211 5418 bi
233 5379 263 5418 se
287 5363 369 5420 ditati
391 5363 399 5416 i
423 5362 491 5416 eius.
523 5357 550 5395 ¹⁸
565 5362 597 5416 F.
621 5363 740 5436 dodaje:
763 5363 912 5436 episcopus
936 5363 1032 5436 ipsius.
1064 5358 1089 5396 ¹⁹
1104 5361 1136 5416 F.
1160 5379 1231 5418 eam.
