4350 5932
259 387 302 452 32

262 581 310 643 soi
333 580 489 665 temporis
506 577 615 641 felices
634 599 690 642 nos
707 579 876 642 aestiment
893 578 961 642 dies
976 577 1137 642 habuisse.
1164 577 1355 662 loquantum
1379 599 1457 641 vero
1481 578 1647 663 praevalet
1681 578 1865 646 fraternitas
1882 588 1952 660 tua,

263 705 425 770 opponere
447 705 480 748 se
496 705 553 769 pro
573 683 769 768 pauperibus
786 694 817 746 et
833 686 995 769 oppressis
1012 684 1117 748 debet.
1136 680 1228 761 Quae
1244 684 1369 746 etiamsi
1389 683 1543 768 prodesse
1557 685 1686 748 minime
1704 683 1852 764 valuerit,
1878 687 1953 769 ipsa

263 789 498 876 ,omnipotentis
531 786 591 850 deo
625 787 740 850 mentis
765 786 895 850 deuotio
919 787 1037 851 sufficit
1060 808 1155 871 quam
1180 785 1279 850 dedit.
1299 785 1458 872 Scriptum
1488 798 1536 852 est
1554 793 1657 852 enim:
1683 788 1782 875 Eripe
1813 791 1950 874 eosqui

262 893 423 958 ducuntur
446 892 486 956 ad
503 903 648 973 mortem,
666 901 697 954 et
720 893 775 977 qni
795 890 1023 976 pertrahuntur
1038 891 1079 955 ad
1108 893 1270 954 interitum
1287 891 1424 957 liberare
1441 915 1480 956 ne
1498 899 1635 958 cesses.“
1664 893 1759 974 Quod
1776 895 1802 957 si
1816 893 1950 973 dixeris,

263 1001 348 1063 vires
373 1019 435 1062 nou
461 1005 651 1084 suppetuut;
677 999 731 1084 qui
759 998 921 1082 inspector
944 1006 993 1060 est
1015 996 1122 1060 cordis
1147 997 1216 1082 ipse
1241 995 1399 1080 intelligit.
1425 996 1461 1061 lu
1479 999 1564 1062 omni
1598 1019 1675 1082 ergo
1692 999 1867 1083 quodagis
1885 1001 1951 1061 ins·

263 1113 423 1192 pretorem
442 1105 547 1168 cordis
571 1113 686 1190 appete
710 1102 830 1166 habere
854 1102 1026 1189 placatum.
1053 1101 1217 1189 Quidquid
1244 1125 1320 1167 vero
1345 1115 1393 1167 est
1416 1103 1502 1168 unde
1524 1103 1571 1168 illi
1596 1103 1733 1189 placeas,
1752 1103 1861 1169 facere
1884 1126 1949 1168 non

183 1277 189 1286 ,
263 1212 401 1276 omittas.
418 1209 499 1274 Nam
514 1208 644 1272 humani
661 1218 799 1272 terrores
812 1219 843 1272 et
856 1210 978 1293 gratiae
991 1208 1078 1271 furno
1091 1219 1166 1271 sunt
1179 1207 1309 1288 similes,
1323 1211 1376 1295 qui
1391 1208 1454 1273 leni
1467 1232 1546 1273 aura
1558 1190 1669 1295 raptus
1682 1211 1858 1274 euanescit.
1877 1209 1951 1274 Hoc

263 1317 443 1381 certissime
467 1316 546 1383 scito
563 1316 639 1400 quia
657 1312 784 1399 placere
800 1312 860 1377 deo
876 1324 908 1378 et
925 1315 1032 1399 prauis
1044 1313 1226 1377 hominibus
1245 1314 1350 1378 nullus
1369 1323 1480 1399 potest.
1498 1314 1535 1378 In
1557 1324 1644 1378 tanto
1660 1337 1736 1399 ergo
1750 1337 1784 1379 se
1800 1317 1951 1378 aestimet

263 1421 446 1486 fraternitas
466 1429 521 1484 tua
537 1421 744 1504 omnipotenti
763 1417 822 1481 deo
839 1419 1008 1504 placuisse,
1025 1429 1143 1504 quanto
1156 1421 1317 1504 peruersis
1331 1418 1513 1484 homiuibus
1527 1419 1729 1506 displicuisse
1741 1423 1947 1506 cognoueris.

236 1600 240 1610 ¹
267 1526 342 1612 Ipsa
359 1536 464 1590 tamen
481 1524 626 1588 defensio
643 1545 818 1609 pauperum
836 1523 1000 1587 moderata
1022 1533 1053 1587 et
1069 1527 1177 1608 grauis
1194 1526 1243 1603 sit,
1268 1546 1308 1587 ue
1332 1525 1359 1587 si
1375 1523 1453 1610 quid
1467 1527 1562 1589 nimis
1588 1525 1692 1608 rigide
1708 1527 1813 1610 agitis,
1837 1549 1878 1590 ex
1902 1528 1949 1590 iu·

264 1640 395 1696 uentute
421 1643 478 1695 vos
503 1630 700 1694 arbitrantur
726 1628 872 1692 homines
890 1629 1065 1714 superbire.
1084 1627 1148 1694 Sed
1165 1628 1238 1692 talis
1256 1651 1386 1694 necesse
1403 1639 1452 1694 est
1468 1640 1503 1694 ut
1526 1633 1711 1695 inueniatur
1728 1654 1784 1716 pro
1801 1633 1946 1718 opressis

267 1749 374 1801 vestra
409 1735 565 1817 defensio,
599 1745 757 1822 qnatenus
788 1744 819 1797 et
850 1732 986 1797 humiles
1019 1737 1247 1817 protectionem
1278 1737 1425 1816 sentiant,
1458 1745 1490 1799 et
1520 1757 1730 1822 oppressores
1755 1759 1818 1801 nou
1842 1736 1939 1800 facile

265 1845 431 1908 inueniant
454 1841 540 1928 quod
558 1864 600 1906 ex
618 1839 777 1905 maleuola
793 1849 899 1904 monte
916 1839 1163 1925 reprehendant.
1180 1837 1321 1904 Attouda
1339 1863 1415 1924 ergo
1433 1841 1518 1928 quod
1536 1840 1576 1905 ad
1594 1841 1780 1906 Ezechilem
1805 1841 1945 1906 dicitnr:

268 1948 362 2030 „Filii
386 1947 525 2012 hominis
561 1945 716 2011 increduli
741 1959 773 2010 et
797 1945 1007 2010 subnersores
1042 1955 1116 2009 sunt
1152 1954 1268 2026 tecum,
1298 1953 1330 2008 et
1365 1967 1437 2009 cum
1473 1945 1696 2031 scorpionibus
1720 1945 1879 2010 habitas.“
1905 1945 1951 2009 Et

265 2055 377 2119 beatus
400 2053 465 2118 Job
489 2055 551 2117 ait:
579 2053 713 2135 ,Frater
734 2051 780 2116 fui
808 2053 982 2116 draconum
1000 2062 1032 2114 et
1048 2053 1153 2115 socius
1178 2050 1422 2115 struthionum“.
1447 2051 1490 2114 Et
1513 2050 1632 2116 Paulus
1656 2052 1752 2116 dicit:
1776 2051 1812 2116 ln
1838 2051 1947 2115 medio

266 2160 403 2224 nationis
428 2179 546 2244 prauae
572 2165 603 2222 et
627 2179 811 2242 peruersse,
838 2157 920 2221 inter
955 2177 1035 2241 quos
1061 2155 1172 2220 lucetis
1204 2137 1287 2220 sicut
1310 2155 1479 2220 luminaria
1502 2158 1532 2218 in
1558 2157 1711 2221 muudo“.
1736 2157 1841 2220 'Panto
1866 2177 1946 2240 ergo

268 2262 424 2346 debemus
448 2263 574 2327 cantius
592 2261 770 2342 ambulare,
784 2272 905 2349 quanto
934 2264 1127 2326 nesscimus
1151 2263 1233 2326 iuter
1256 2261 1307 2326 dei
1332 2263 1477 2326 inimicos
1499 2263 1619 2326 viuere.
1644 2261 1697 2326 De
1719 2261 1950 2327 Frontianistis

265 2381 371 2435 autem
406 2367 589 2432 fraternitas
620 2377 675 2432 tua
707 2369 749 2432 sit
781 2370 913 2432 omnino
943 2367 1077 2450 solicita,
1106 2377 1138 2430 et
1168 2369 1253 2432 sicut
1284 2369 1397 2453 coepit,
1434 2366 1569 2450 studeat,
1594 2379 1754 2454 quatenus
1777 2367 1818 2432 ad
1841 2370 1948 2432 sinum

266 2487 395 2541 sanctae
420 2474 576 2540 ecclesiae
608 2482 810 2538 reuocentur.
837 2472 869 2537 Si
895 2475 949 2558 qui
975 2495 1051 2536 vero
1074 2472 1116 2536 ad
1151 2495 1201 2536 me
1225 2475 1335 2538 venire
1360 2471 1529 2547 voluerint,
1553 2475 1764 2538 strationem
1789 2475 1950 2560 recipere,

268 2585 356 2669 prius
380 2579 601 2646 iusiurandum
627 2579 813 2665 praebeant,
838 2580 914 2664 quia
939 2601 999 2642 uon
1018 2579 1205 2665 permittunt
1221 2581 1287 2642 suis
1303 2601 1367 2665 quo
1384 2579 1415 2642 in
1433 2601 1681 2658 eorum,errore,
1699 2581 1794 2644 etiarn
1819 2588 1945 2644 ratione

265 2697 403 2774 recepta,
429 2689 611 2774 persistant.
631 2684 674 2749 Et
690 2684 894 2771 postmodum
912 2687 958 2749 eis
975 2694 1030 2748 tua
1046 2686 1200 2749 sanctitas
1218 2687 1389 2770 promittat,
1409 2687 1485 2772 qnia
1508 2709 1527 2749 a
1549 2709 1599 2750 me
1618 2684 1945 2750 nullam-violentiam

265 2795 434 2880 patientur,
459 2791 515 2857 sed
538 2793 696 2856 rationem
721 2789 831 2856 reddo.
864 2789 896 2854 Si
923 2791 1090 2856 veritatem
1115 2795 1334 2876 cognoueriut,
1364 2795 1558 2878 suscipiam:
1588 2795 1613 2858 si
1639 2816 1701 2856 nou
1726 2793 1950 2878 cognoueriut,

265 2897 395 2964 illaesos
430 2898 599 2964 dimittam.
626 2897 666 2966 ,Si
700 2897 755 2984 qui
782 2919 860 2962 vero
891 2907 1002 2961 contra
1033 2919 1090 2962 vos
1115 2899 1223 2960 exeis
1256 2897 1297 2960 ad
1322 2899 1379 2962 nos
1404 2900 1514 2962 venire
1539 2899 1709 2981 volueriut,
1733 2900 1865 2963 minime
1890 2920 1951 2962 eos

266 3003 448 3068 fraternitas
474 3013 528 3067 tua
549 3005 703 3068 retineat:
728 3005 804 3090 quia
828 3005 994 3068 venientes
1024 3011 1079 3065 aut
1102 3004 1256 3066 rationem
1280 3004 1445 3088 recipient,
1469 3015 1525 3068 aut
1549 3007 1629 3068 scito
1662 3005 1738 3090 quia
1760 3003 1853 3068 aliter
1873 3025 1944 3088 pro·

266 3108 353 3174 fecto
377 3119 494 3173 terram
520 3108 606 3174 illam
632 3107 765 3173 ulterius
790 3131 852 3173 uon
877 3097 1043 3172 ridebunt.¹

423 3290 525 3348 Marsi.
549 3289 687 3347 Collectio
712 3289 820 3369 Concil.
844 3291 879 3345 T.
902 3290 938 3344 Χ.
962 3289 1109 3376 str3231.
1134 3289 1280 3344 Baronius.
1303 3288 1429 3346 Annales
1453 3290 1531 3346 Ecol.
1554 3292 1589 3346 T.
1613 3292 1692 3348 VllI.
1714 3298 1763 3348 ιιι.
1789 3292 1862 3348 175.

837 3503 1011 3586 xum.
1043 3503 1135 3587 602.
1163 3503 1201 3586 U
1231 3504 1375 3586 Rimu.

266 3685 369 3782 Grpbr
392 3701 418 3765 I.
440 3721 524 3779 papo
542 3701 731 3777 prioooajutt
749 3701 953 3775 Konstanriju
978 3701 1105 3774 bisknpu
1128 3701 1343 3760 stadorstomu
1356 3700 1436 3771 socie
1447 3701 1541 3773 pismo
1551 3701 1662 3774 pisano
1678 3701 1951 3775 pJ‘ustendiistomu

264 3811 401 3884 oistupu,
424 3807 611 3878 sotadeum,
634 3808 711 3866 uako
729 3825 767 3880 po
790 3809 971 3883 mopuduosti
994 3825 1031 3866 ou
1054 3825 1075 3865 ιι
1098 3807 1202 3865 smislu
1219 3807 1321 3879 prema
1343 3806 1433 3865 tarni
1453 3805 1551 3866 Paulo
1577 3808 1703 3880 oistapa
1718 3808 1950 3884 dutljoustopa

265 3933 307 3989 pa
330 3915 387 3975 ato
411 3916 440 3974 bi
462 3917 588 3990 aspasio
613 3931 653 3974 no
684 3915 795 3974 totove
828 3914 974 3988 supr-iate,
1006 3913 1091 3972 teter
1113 3912 1192 3972 oudo
1214 3913 1291 3972 neta
1311 3911 1425 3983 priona
1447 3912 1503 3970 isto
1524 3913 1617 3986 pismo
1640 3915 1794 3974 redenomu
1816 3915 1951 3988 histrum

218 4017 219 4022 ’
724 4011 728 4020 ’
968 4017 1243 4093 yjusteuditslromu.

700 4189 888 4276 Gregorius,
913 4187 1102 4256 Constantio
1126 4191 1277 4277 episcopo
1300 4187 1501 4254 Scodritano.

335 4357 338 4364 ⁵
424 4367 517 4448 Quae
541 4366 768 4432 dilectissimus
793 4367 885 4432 uobis
909 4368 991 4433 lator
1014 4366 1229 4454 praesentium
1264 4365 1471 4446 Nesmesiou,
1497 4369 1550 4453 qui
1577 4389 1611 4431 se
1636 4365 1713 4432 dicit
1734 4367 1949 4435 Docleatinse

264 4474 403 4540 ciuitatis
428 4496 500 4538 csse
523 4473 708 4552 antistitem,
732 4471 772 4536 de
796 4470 939 4538 facinore
963 4471 1055 4536 Pauli
1091 4469 1283 4552 Docleatiui,
1307 4481 1343 4536 ut
1365 4473 1434 4558 ipse
1457 4475 1580 4555 asserit,
1606 4473 1768 4559 quondam
1801 4476 1948 4560 episcopi

265 4588 398 4667 questus
422 4580 472 4656 sit,
496 4577 690 4644 fraternitati
723 4586 797 4643 tuae
828 4577 947 4642 fuerint
973 4577 1123 4642 subtilius
1155 4575 1337 4659 iudicanda,
1369 4579 1430 4641 nisi
1462 4579 1545 4642 scire
1568 4587 1599 4640 te
1625 4579 1733 4642 omnia
1755 4587 1947 4644 testaretur:

259 4686 384 4772 ,quippe
407 4705 503 4770 quem
527 4693 559 4748 et
582 4706 786 4771 compassum
811 4683 873 4747 sibi
897 4692 928 4748 et
948 4681 1089 4747 voluisse
1106 4683 1280 4748 subuenire
1304 4683 1464 4767 perhibet,
1490 4682 1546 4748 sed
1573 4685 1705 4748 minime
1728 4687 1885 4770 potuisse,
1905 4684 1951 4750 Elt

264 4792 340 4877 quia
363 4791 433 4853 visa
455 4791 535 4853 tanti
555 4811 670 4854 caussa
689 4789 805 4873 flagitii
833 4786 954 4874 negligi
976 4787 1028 4852 vel
1051 4788 1188 4852 transire
1219 4809 1283 4850 uon
1306 4786 1403 4852 debet
1418 4789 1584 4874 impunita,
1609 4811 1650 4853 ue
1673 4790 1743 4854 eins
1766 4791 1948 4856 imitatione

265 4893 401 4960 scelesta
423 4893 465 4958 ab
489 4891 571 4976 aliis,
596 4893 681 4980 quod
703 4893 798 4976 absit,
831 4903 977 4957 sumatur
1000 4891 1147 4974 audacia,
1171 4891 1354 4956 fraternitas
1380 4901 1435 4956 tua
1459 4893 1657 4979 exemplaria
1680 4896 1873 4980 scriptorum
1894 4895 1950 4962 hi·

266 4995 404 5078 subdita,
429 5018 512 5082 quae
535 4997 576 5061 ad
600 4997 907 5062 reuerendissimnm
931 4995 1063 5062 fratrem
1079 5007 1222 5062 nostrum
1246 4996 1406 5062 Joannem
1429 4998 1552 5082 primae
1575 4997 1780 5064 Justiniauae
1803 5001 1947 5066 ciuitatis

266 5103 452 5188 episcopum
476 5113 659 5168 seruantem
684 5105 771 5168 vices
794 5112 921 5168 nostras
944 5101 1131 5178 direximus,
1155 5103 1342 5186 diligentius
1367 5101 1497 5186 relegat.
1519 5102 1563 5168 Et
1588 5105 1615 5168 si
1632 5105 1810 5172 secundum
1833 5128 1948 5171 eorum

266 5208 380 5272 seriem
405 5206 536 5292 explere
560 5231 594 5273 se
618 5219 733 5272 cuncta
756 5231 852 5295 posse
876 5209 1050 5294 cognoscit,
1068 5231 1204 5294 eaquae
1230 5208 1276 5274 illi
1294 5209 1530 5290 mandauimus,
1547 5211 1617 5296 ipse
1641 5213 1750 5276 omnia
1772 5223 1952 5280 amostra

257 5313 446 5380 auctoritate
465 5325 645 5402 exequatur
667 5325 699 5380 ot
720 5315 827 5381 faciat.
852 5316 886 5381 Si
909 5337 987 5382 vero
1012 5315 1072 5380 hoo
1095 5316 1154 5380 tibi
1170 5316 1363 5404 quibusdam
1383 5319 1465 5383 forte
1489 5318 1737 5385 aduersantibus
1763 5319 1942 5390 obstaculis
