4292 5926
680 1289 714 1374 1.
742 1290 833 1375 dko
860 1289 957 1391 god.
984 1289 1244 1396 nul—1102.

126 1434 271 1492 Kalamon
297 1435 378 1508 aran
403 1435 528 1510 sperati
548 1435 664 1509 atlopiv
686 1452 773 1495 sever
792 1437 805 1495 s'
822 1437 1026 1510 prr'joteljatuo
1048 1453 1063 1496 a
1079 1436 1204 1496 datdeus
1219 1437 1384 1496 mletudlrim
1408 1437 1533 1496 Vitotom
1548 1432 1721 1513 Miteelom,
1738 1438 1808 1513 dole

583 1558 633 1600 mu
655 1541 759 1602 amtor
781 1541 881 1602 dutdu
902 1543 1061 1618 tmotstop
1084 1545 1096 1602 i
1118 1543 1346 1616 dalmaticatus.

282 1695 481 1761 Golomanus
497 1696 608 1762 diuina
623 1695 753 1762 fauente
769 1719 807 1761 ac
823 1695 1025 1783 gubernante
1040 1695 1212 1762 clementia
1224 1695 1430 1781 ngarorum
1449 1721 1517 1781 rex,
1532 1697 1630 1764 Vitali
1644 1697 1806 1764 Michaeli-

126 1803 350 1868 strenuissimo
374 1799 571 1868 Venetorum
595 1801 681 1880 duci,
705 1804 838 1890 suisque
862 1803 1071 1890 optimatibus
1094 1801 1242 1887 salutem,
1266 1806 1491 1891 amicitiasque
1515 1817 1699 1892 perpetuas.
1724 1803 1807 1870 (lum

127 1909 285 1994 scriptura
310 1907 455 1992 quotidie
478 1906 596 1972 clamet
618 1907 747 1974 dicens:
773 1911 857 1974 viam
883 1931 945 1974 nou
970 1931 1041 1974 esse
1065 1909 1295 1987 deserendam
1321 1912 1436 1976 mirum
1461 1921 1631 1997 estsuper
1655 1909 1714 1994 bis,
1750 1913 1805 1998 qui

126 2012 220 2076 aliaru
247 2013 436 2076 existimant
459 2011 528 2077 fore
545 2013 752 2096 capiendam.
778 2011 985 2101 Quapropter
1009 2014 1102 2080 vobis
1126 2013 1249 2079 litteras
1274 2013 1332 2079 bas
1356 2015 1523 2080 studemus
1548 2016 1725 2080 referentes
1749 2039 1807 2080 noa

126 2131 261 2200 vestras,
286 2119 380 2182 sicuti
404 2125 625 2184 antecessores
648 2121 749 2184 nostri
775 2121 857 2185 inter
874 2143 909 2186 se
925 2119 1118 2205 habuerunt,
1135 2122 1295 2186 amicitias
1307 2143 1426 2208 cupere
1443 2123 1666 2208 sempiternas.
1686 2121 1807 2187 Verum

125 2223 254 2309 quando
278 2246 340 2287 nec
364 2221 478 2288 litteris
503 2245 563 2287 uec
586 2222 692 2308 legato
714 2226 842 2307 vestris,
867 2227 912 2290 uti
937 2228 1135 2312 petinet-atis,
1159 2227 1386 2313 respondimus
1402 2226 1622 2314 petitionibus,
1641 2227 1713 2293 ideo
1730 2251 1807 2292 vero

126 2331 257 2393 minime
281 2329 431 2393 arbitrari
454 2341 588 2414 eportet,
615 2329 675 2394 boc
698 2329 785 2396 factu
808 2329 924 2395 dolone
949 2331 1075 2406 fecisse,
1100 2331 1156 2396 sed
1188 2333 1230 2398 ob
1261 2332 1466 2398 commodum
1497 2341 1594 2420 atque
1626 2333 1806 2415 utilitatem,

125 2457 183 2500 nec
208 2459 272 2499 uon
297 2435 539 2499 indifficientem
566 2457 827 2523 unamquamque
851 2435 1058 2502 stabilitatem
1083 2438 1256 2520 distulisse,
1286 2439 1342 2503 fati
1369 2461 1518 2526 namque
1542 2442 1663 2504 scimus
1686 2437 1746 2504 hoo
1770 2441 1811 2504 fir

126 2564 210 2605 mum
236 2542 349 2605 minus'
370 2553 464 2622 stare,
491 2543 516 2604 si
542 2545 611 2606 siue
636 2545 733 2606 totius
758 2545 848 2627 regni
881 2543 1016 2608 consilio
1047 2543 1166 2608 factum
1199 2556 1293 2608 esset.
1326 2527 1445 2623 Quane¹
1468 2567 1553 2610 nune
1586 2545 1689 2625 vobis,
1720 2547 1805 2631 qnod

125 2649 354 2735 quesiueratis,
378 2647 503 2712 firmius
529 2650 627 2712 totius
652 2649 743 2732 regni
768 2647 943 2728 voluntate,
965 2671 1028 2714 nou
1047 2647 1150 2713 solum
1168 2648 1291 2731 litteris,
1310 2671 1422 2714 verum
1442 2651 1539 2714 etiam
1558 2654 1686 2736 proprie
1702 2651 1808 2736 legato

125 2754 276 2819 effectum
309 2775 459 2818 curamus
495 2753 641 2818 reddere.
666 2753 784 2818 Vestra
807 2755 914 2840 igitur,
937 2766 1185 2842 vestrorumque
1207 2777 1376 2843 procerum
1402 2765 1515 2821 noscat
1535 2756 1715 2842 prudentia,
1738 2779 1806 2836 nos,

126 2871 337 2945 nostrumque
360 2881 507 2943 regnum,
533 2873 640 2926 vestro
665 2871 909 2948 vestrorumque
933 2883 1042 2926 amore
1073 2859 1288 2926 indissolubili
1322 2859 1452 2925 vinculo
1483 2871 1569 2926 recte
1605 2859 1808 2928 desiderare.

126 2965 220 3030 Unde
245 2965 321 3050 qnia
337 2975 469 3047 cuncta,
486 2987 549 3052 que
565 2966 673 3030 dicere
687 2969 843 3052 cupimus,
858 2969 1000 3032 scribere
1024 2968 1073 3033 ob
1097 2968 1274 3054 legenas
1297 2965 1462 3032 fastidium
1480 2969 1661 3053 nequimus.
1683 2967 1810 3032 Idcirco

128 3070 225 3135 talem
251 3069 418 3134 studemus
441 3069 518 3134 dare
543 3073 706 3156 nuncium,
731 3073 831 3137 verbo
856 3076 947 3138 euius
973 3097 1035 3139 non
1060 3073 1245 3139 detractetis
1268 3073 1427 3139 adbibere
1452 3073 1599 3138 auditum
1624 3083 1721 3161 atque
1744 3085 1808 3139 atu·

125 3177 234 3254 dium,
258 3175 315 3238 sed
341 3185 375 3238 ut
398 3179 516 3238 uestris
541 3178 704 3262 perpetuis
726 3199 788 3242 nou
813 3177 967 3244 dubitetis
991 3179 1217 3267 obtemperare
1242 3179 1391 3262 vocibus,
1415 3189 1558 3245 attamen
1583 3202 1685 3267 pauca
1712 3182 1808 3245 etiam
1868 3251 1870 3258 ‚

126 3281 242 3346 litteris
266 3283 431 3345 insinuare
455 3279 649 3348 laboramus.
674 3281 830 3350 Volumus
854 3283 1003 3370 equidem
1021 3283 1063 3349 ob
1080 3285 1265 3350 stabilitatis
1282 3285 1520 3350 firmamentum
1538 3286 1621 3350 iuter
1638 3307 1695 3354 nos
1712 3295 1810 3373 atque

82 3389 89 3400 '
124 3411 192 3470 vos,
218 3399 346 3452 nostres
371 3397 563 3474 vestrosque
587 3391 726 3454 maiores
753 3411 874 3454 merum
897 3389 967 3454 lieri
992 3401 1239 3472 sacramentnm,
1264 3395 1320 3478 qui
1345 3413 1516 3456 commune
1539 3389 1660 3456 habere
1692 3413 1731 3455 ac
1763 3390 1779 3455 f
1797 3431 1808 3442 -

125 3519 199 3559 cere
223 3517 295 3559 euru
328 3497 545 3558 necessarium
581 3495 678 3559 luerit
712 3497 855 3560 vicissim
894 3495 1058 3562 valeamus
1093 3505 1336 3581 augumentum.
1371 3495 1515 3560 Firmius
1551 3497 1637 3560 euim
1673 3506 1809 3581 constat,

127 3604 295 3686 magisque
320 3613 520 3687 perpetuum,
543 3601 628 3686 quod
654 3603 795 3688 undique
817 3604 926 3666 unitur
956 3603 1144 3667 firmissimo
1180 3601 1368 3687 ligamento,
1404 3623 1501 3688 quam
1536 3603 1623 3688 quod
1658 3601 1808 3669 debiliori

125 3710 328 3772 subnectitur
350 3707 569 3772 fundamento.
594 3705 638 3770 Et
662 3729 724 3794 que
749 3717 834 3772 recte
857 3707 1046 3773 mandamus
1076 3709 1117 3773 ad
1156 3707 1329 3794 perfectam
1359 3711 1609 3795 exequutionem
1646 3711 1809 3774 communi

128 3825 202 3878 voto
227 3815 351 3877 sincere
376 3813 463 3876 omui
488 3815 566 3876 nixu
591 3813 688 3876 animi
713 3813 942 3878 arninieulaute
966 3817 1111 3900 potentia
1126 3815 1234 3880 dicere
1260 3813 1423 3879 ualeamus
1446 3825 1479 3879 et
1502 3813 1695 3882 laboremus.
1732 3815 1808 3882 Pre-

126 3933 214 3986 tereu
239 3919 476 3985 indefectibiles
500 3931 618 4005 grates,
644 3932 836 4008 nostrosque
861 3925 996 3986 nuncios
1012 3944 1140 4008 semper
1156 3944 1218 3986 nou
1235 3919 1412 3985 honorilice
1429 3921 1626 3984 tractauistis
1643 3930 1808 4008 tamquam

126 4029 297 4112 sagaciter,
321 4049 416 4091 ornue
440 4027 608 4090 consilium
635 4026 839 4092 exhibuistis.
876 4027 971 4108 Quod
1004 4027 1089 4092 idem
1123 4049 1200 4092 vero
1234 4025 1498 4091 honorificentius
1534 4035 1631 4112 atque
1666 4029 1809 4110 sagatius

127 4133 202 4197 huie
225 4144 337 4197 nostro
362 4131 468 4215 legato
494 4133 537 4196 uti
562 4132 723 4198 nobismet
746 4133 825 4219 ipsis
849 4132 1005 4198 exhibere
1029 4135 1175 4218 petimus.
1202 4132 1331 4218 Quippe
1362 4153 1441 4195 vera
1468 4130 1598 4196 dilectio
1631 4153 1693 4196 non
1729 4155 1809 4198 voce

127 4239 240 4320 solutu,
267 4239 324 4303 sed
349 4241 444 4302 etiarn
470 4259 567 4324 opere
592 4238 783 4302 ostenditur.
808 4237 942 4304 Anticus
968 4259 1103 4324 namque
1126 4241 1158 4302 in
1186 4240 1378 4303 necessitate
1402 4235 1568 4324 probatur.

287 4341 521 4408 conuenientia
569 4343 733 4424 amicitie,
777 4367 840 4432 que
863 4337 963 4408 ¹facta
1006 4356 1055 4408 est
1092 4345 1176 4408 iuter
1220 4366 1327 4428 regern
1373 4341 1581 4426 Ungarorum
1621 4353 1654 4405 et
1691 4341 1805 4408 ducem

127 4447 337 4514 Venetorum.

286 4553 357 4640 Ego
382 4553 587 4637 colomanus,
616 4553 819 4638 Ungarorum
846 4575 913 4631 rex,
940 4575 996 4638 per
1022 4555 1255 4639 memetipsum,
1280 4564 1311 4617 et
1343 4575 1398 4638 per
1431 4575 1518 4618 meos
1554 4575 1665 4617 omnes
1701 4565 1805 4618 tecum

127 4661 243 4728 Vitalis
275 4651 424 4742 Michael,
448 4659 595 4742 Venetie,
621 4659 783 4724 Dalmatis
808 4669 841 4722 et
864 4656 993 4722 Oroatis
1017 4658 1095 4740 dux,
1119 4668 1152 4722 et
1174 4661 1298 4722 cunetis
1331 4659 1481 4723 omnibus
1513 4659 1731 4744 (proceribus)
1770 4659 1810 4723 de

128 4779 236 4834 vestro
262 4768 391 4850 ducatu,
418 4789 528 4832 veram
553 4779 584 4831 et
605 4767 729 4832 firmam
753 4767 927 4830 amicitiant
953 4777 1050 4851 atque
1074 4763 1278 4830 concordiam
1302 4763 1343 4828 ab
1368 4763 1427 4828 hue
1459 4763 1511 4828 die
1543 4769 1574 4828 in
1608 4774 1703 4829 autes
1728 4764 1809 4828 obti-

128 4875 222 4956 nebo,
248 4886 280 4938 et
302 4883 334 4937 ts
357 4897 396 4937 ac
419 4885 490 4937 tuos
515 4885 547 4938 et
563 4883 695 4938 cunetas
719 4873 867 4936 ciuitates
892 4869 1055 4935 subiectas
1078 4871 1209 4934 ducatui
1232 4882 1296 4952 tuo,
1321 4879 1353 4933 et
1374 4871 1483 4933 omnia
1505 4867 1638 4932 castella
1671 4891 1710 4932 ac
1739 4868 1810 4933 loca

128 4981 259 5045 subdita
282 4990 314 5044 et
337 4979 522 5043 obedientia
546 4979 696 5064 potestati
721 4993 784 5050 tue,
810 4964 866 5062 per
891 4999 940 5039 ure
964 4985 996 5039 et
1020 4997 1189 5062 permees
1213 4974 1423 5056 censeruabo,
1455 4984 1487 5038 et
1520 4972 1608 5038 nullo
1632 4973 1727 5037 modo
1763 4975 1809 5038 iu·

127 5085 289 5172 quietabo.
313 5084 357 5149 Et
380 5087 407 5148 si
430 5084 548 5170 aliquis
573 5106 615 5148 ex
641 5085 720 5148 meis
744 5081 884 5167 aliquem
911 5093 1052 5144 vestrum
1075 5079 1154 5144 foris
1178 5079 1292 5144 feeerit
1314 5092 1370 5143 aut
1393 5077 1575 5159 offenderit,
1597 5099 1635 5140 ac
1660 5079 1803 5164 incogni-

128 5203 194 5256 tum
219 5191 325 5270 fcerit,
350 5189 434 5254 infra
458 5187 527 5254 dies
553 5191 687 5274 triginta
710 5185 901 5252 emendabo.
925 5183 997 5250 Hee
1021 5187 1129 5250 omnia
1152 5207 1211 5271 per
1245 5193 1482 5249 sacramentum
1515 5193 1590 5248 sunt
1620 5182 1812 5248 confirmata
1879 5197 1883 5202 ·

101 5346 105 5354 .
128 5319 166 5360 ac
190 5295 400 5361 confederata
423 5295 531 5380 equali
556 5294 741 5359 conditione
764 5293 806 5357 ab
829 5303 963 5378 atraque
988 5301 1087 5377 parte.

1603 5395 1619 5460 l
