4310 5918
308 387 374 458 13'c

309 608 405 672 quarn
431 577 695 667 hedificaiierant,
731 605 892 670 quamque
924 575 1106 650 adiacentia
1134 579 1306 667 territoria,
1330 595 1363 650 et
1395 563 1431 650 tit
1464 597 1618 673 perpetuo
1643 579 1728 652 beati
1754 591 1894 653 martiris
1918 587 1999 654 cella

309 693 410 770 fieret,
428 691 590 755 tradentes
606 713 677 754 eam
695 689 841 773 legaliter
857 712 964 754 coram
1000 691 1161 754 nonnullis
1187 691 1401 756 iaderensium
1427 693 1595 756 stabiliunt
1618 705 1651 756 et
1674 693 1873 758 confirmant.
1902 693 1997 772 Quod

312 798 431 862 factum
457 799 567 881 utique
592 795 815 860 inconuulsunr
841 799 960 859 mansit
977 796 1176 882 temporibus
1198 799 1351 882 ipsorum.
1385 797 1450 862 Sed
1473 809 1547 883 post
1570 799 1691 864 obitum
1717 799 1843 864 illorum
1868 801 1999 884 quidam

309 901 512 988 temptabant
535 902 724 966 subtrahere
741 901 863 986 aliquid
881 901 921 964 de
938 902 1064 965 donatis
1079 903 1141 964 iam
1160 902 1296 966 ecclesie
1312 903 1363 966 dei
1380 905 1559 984 territoriis,
1584 925 1649 988 qua
1676 904 1717 968 de
1741 927 1838 969 eausa
1862 907 1997 969 veniens

308 1008 348 1072 ad
373 1006 512 1071 insulam
536 1009 621 1072 filius
645 1007 722 1071 dicti
746 1008 859 1092 prioris
883 1005 1071 1090 Gregorius,
1109 1006 1255 1071 similiter
1279 1009 1437 1105 iadrensis
1463 1011 1550 1094 prior
1573 1022 1605 1073 et
1630 1009 1806 1095 imperialis
1830 1013 1995 1096 patricius,

309 1135 348 1177 ac
371 1117 473 1178 tocius
498 1112 665 1177 Dalmacie
698 1115 842 1195 stratigo,
860 1111 901 1174 ad
925 1113 1062 1176 insulam
1081 1134 1153 1176 cum
1176 1114 1243 1176 suis
1259 1113 1461 1178 consobrinis
1485 1115 1541 1177 liiii
1567 1115 1642 1178 dicti
1665 1117 1820 1200 episcopi,
1845 1121 1997 1201 quatinus

308 1222 381 1304 quis
405 1224 466 1295 iarn
493 1241 656 1304 nonquam
683 1229 792 1303 posset
816 1219 846 1280 in
872 1216 980 1302 aliquo
1005 1237 1116 1279 seruos
1141 1215 1192 1280 dei
1218 1217 1398 1300 molestare,
1432 1219 1576 1303 predicta
1596 1221 1756 1284 territoria
1778 1223 1864 1285 sicut
1887 1246 1905 1284 a
1930 1225 1997 1284 suis

310 1326 454 1412 patribus
479 1347 571 1388 sacro
595 1323 730 1387 cenobio
762 1323 880 1387 donata
912 1321 1047 1402 fuerant,
1082 1321 1201 1385 clarius
1233 1319 1490 1409 propalaue'runt,
1524 1325 1755 1389 confirmarunt
1789 1337 1821 1390 et
1852 1326 1902 1390 his
1935 1337 1995 1390 ter·

310 1435 405 1496 minis
428 1433 655 1495 terminarunt:
679 1453 698 1491 a
724 1427 1078 1512 marividelicetusque
1098 1427 1138 1491 ad
1165 1431 1324 1492 moucium
1349 1432 1616 1510 summitates,.et
1640 1456 1658 1493 a
1683 1431 1782 1514 tundo
1811 1431 1904 1495 vallis
1928 1453 1993 1517 que

309 1543 340 1604 in
365 1541 519 1602 orientem
545 1545 616 1620 post
640 1532 827 1619 prephatam
852 1531 1021 1596 ecclesiam
1044 1536 1291 1616 esse‘cernitur,
1317 1535 1348 1597 in
1375 1557 1439 1622 quo
1462 1535 1595 1616 fossatu,
1628 1535 1774 1618 habetur,
1798 1540 1851 1622 qui
1882 1550 1996 1600 contra

308 1649 396 1733 ipsos
419 1654 544 1708 montes
578 1642 660 1704 mitti
689 1640 818 1721 videtur
849 1661 951 1724 usque
983 1639 1022 1702 ad
1055 1641 1237 1721 maceriam,
1270 1663 1333 1726 que
1367 1641 1450 1704 ultra
1487 1642 1649 1706 desertum
1681 1643 1812 1727 opidum
1838 1643 1868 1704 in
1902 1652 1994 1726 parte

309 1748 500 1814 occidentali
526 1745 676 1811 similiter
700 1745 845 1819 habetur,
870 1766 933 1829 quo
957 1745 1059 1807 ceiam
1091 1755 1169 1809 tunc
1192 1745 1234 1809 ob
1254 1741 1307 1810 tui
1331 1745 1406 1810 facti
1431 1750 1615 1812 memoriam
1651 1747 1792 1834 lapidum
1817 1771 1874 1832 pro
1899 1751 1993 1832 signo

308 1855 458 1942 pusillum
483 1840 627 1916 statuunt
642 1873 807 1914 acerffinum
834 1849 875 1912 Et
891 1848 951 1912 hec
974 1851 1092 1934 quippe
1109 1853 1240 1914 nomina
1259 1861 1333 1914 sunt
1357 1874 1465 1916 eorum
1490 1853 1543 1936 qui
1570 1851 1664 1915 huius
1689 1854 1734 1914 rei
1759 1875 1831 1915 cum
1856 1875 1894 1916 eo
1916 1864 1994 1916 tunc

308 1961 481 2058 adiutores,
507 1967 731 2042 cooperatores
755 1967 787 2018 et
810 1965 908 2018 testes
932 1954 1101 2037 affuerunt,
1119 1977 1255 2040 quorum
1274 1956 1362 2018 iussu
1379 1967 1411 2018 et
1430 1955 1595 2020 voluntate
1612 1967 1644 2018 et
1668 1956 1728 2019 hoc
1751 1955 1991 2042 cyrographum

309 2066 432 2131 scilicet
455 2063 597 2128 seribere
622 2063 766 2126 fecimus.
796 2061 832 2123 ln
851 2061 962 2146 primis
975 2059 1099 2124 scilicet
1119 2059 1326 2128 Prostancius
1343 2061 1500 2144 tribunus,
1519 2061 1630 2126 Dabro
1647 2063 1806 2143 tribunus,
1832 2061 1993 2126 Martinus

314 2164 472 2250 tribunus,
497 2169 643 2234 Cerneca
667 2167 822 2248 tribunus,
847 2165 995 2229 Andreas
1030 2167 1189 2248 tribunus,
1213 2168 1268 2251 qui
1294 2177 1404 2250 postea
1428 2169 1514 2252 prior
1544 2167 1676 2231 effectus
1709 2178 1768 2249 est,
1801 2167 1913 2232 Dabro
1938 2170 1992 2232 tri·

308 2280 424 2354 hunus,
459 2275 592 2358 Sergius
624 2273 782 2353 tribunus,
814 2263 985 2354 Georgius
1006 2272 1162 2344 tribunus,
1195 2271 1300 2333 lllaius
1334 2271 1491 2354 tribunus,
1528 2271 1654 2335 Ursana
1684 2272 1841 2352 tribunus,
1877 2273 1992 2336 Petrus

306 2383 464 2462 tribunus,
490 2379 641 2444 Pancella
672 2378 819 2441 tribunus
844 2387 875 2439 et
908 2377 960 2440 alii
986 2375 1124 2462 plurimi.
1157 2375 1228 2459 Ego
1254 2373 1437 2460 Stephanus
1463 2377 1639 2442 iaderensis
1670 2381 1844 2464 episcopus
1876 2377 1990 2442 horum

307 2487 495 2552 stallorum
522 2486 678 2548 nobilium
702 2483 911 2569 plurimorum
936 2482 1080 2561 consilio,
1108 2494 1139 2546 et
1171 2480 1343 2560 voluntate,
1369 2492 1401 2544 et
1425 2483 1658 2565 testificatione,
1690 2479 1777 2546 curis
1803 2484 1989 2568 prepeditus
2048 2533 2052 2538 .

307 2592 468 2670 nonnulis,
493 2589 730 2676 cyrographum
755 2589 816 2651 hoc
840 2590 960 2651 rustico
985 2608 1132 2650 sermone
1157 2589 1343 2672 conscripsi.

388 2681 391 2686 ¹
466 2697 613 2762 Svana:
639 2695 902 2758 DePostumana
927 2693 981 2756 ubi
1006 2704 1075 2756 erat
1099 2671 1327 2756 monasterium
1357 2703 1467 2754 sancte
1491 2691 1636 2757 Neuiane
1664 2731 1698 2742 -
1734 2696 1828 2757 satim
1854 2695 1988 2776 novijim

307 2803 822 2896 pism0m2'1'erritoriumeanoti
853 2797 1055 2883 Chrysogoni
1081 2801 1112 2861 in
1139 2797 1242 2860 insula
1261 2797 1444 2860 Postimane
1470 2795 1544 2874 olim
1581 2797 1741 2882 Flauisco,
1773 2819 1829 2862 seu
1854 2801 1886 2861 in
1913 2798 1990 2862 villa

307 2915 461 2980 Nouiana.
559 2945 561 2960 ι

374 3021 378 3032 ⁸
463 3041 553 3096 Arkiv
577 3037 714 3092 aadsrski.
738 3035 820 3106 Cape.
845 3036 866 3090 l.
890 3035 985 3090 Masso
1009 3003 1171 3089 Habui.
1206 3033 1350 3088 Istodobni
1386 3035 1479 3104 prepis
1500 3051 1518 3087 ιι
1549 3049 1663 3118 zemalj,
1693 3033 1790 3092 arkivu
1815 3051 1832 3086 ιι
1857 3033 1988 3104 Zagrebn

306 3131 380 3186 Acta
402 3137 460 3188 ant.
481 3129 551 3184 Doc.
575 3126 625 3182 1v.

1031 3337 1108 3418 en
1137 3335 1253 3441 locs.

309 3528 401 3586 Peior
431 3523 589 3584 Semioitoo
611 3538 647 3580 sa
669 3521 765 3578 sineri
797 3519 966 3578 Krinooirur'
989 3518 1095 3590 duruJ'e
1111 3523 1284 3576 sumostunu
1300 3515 1461 3576 sodorskih
1480 3515 1685 3587 battutile-iculi
1705 3533 1748 3576 sn.
1767 3516 1881 3589 Martie
1895 3516 1988 3578 arten

581 3644 623 3685 so.
649 3626 740 3684 Petro
762 3625 773 3682 ι’
796 3623 894 3681 Ραιιιι
916 3641 937 3695 ιι
962 3620 1102 3690 Odroncn,
1126 3637 1161 3678 sa
1176 3621 1293 3694 socjtmi
1315 3621 1454 3694 aerrtljis'ti
1478 3623 1488 3678 i
1510 3621 1713 3693 pristojnlie'di.

463 3799 534 3883 Ego
560 3798 683 3878 Petrus,
702 3795 848 3858 Semiuiti
864 3794 959 3874 lilius,
977 3816 1040 3857 una
1056 3805 1127 3856 cnm
1146 3791 1218 3855 filiis
1236 3789 1334 3857 Crine
1352 3803 1385 3858 et
1407 3817 1517 3858 onmes
1543 3795 1603 3858 mei
1622 3795 1802 3879 propinqui,
1828 3793 1986 3858 donamus

259 3911 261 3916 ’
305 3931 362 3996 pro
386 3907 555 3971 animabus
580 3913 758 3967 nostrorum
779 3910 943 3982 parentum
969 3909 1001 3961 et
1018 3921 1072 3978 pro
1094 3897 1197 3961 salute
1222 3909 1329 3962 nostra
1346 3908 1377 3961 et
1394 3911 1573 3964 nostrorum
1592 3922 1824 3978 successorum,
1849 3899 1986 3962 cenobio

305 4023 414 4079 sancte
437 4011 549 4092 Marie,
577 4007 746 4073 ecclesiam
773 4027 835 4090 que
867 4005 970 4068 estin
995 4003 1141 4104 Brauiao,
1166 4003 1314 4067 dedicata
1340 4006 1369 4066 in
1396 4005 1515 4068 honore
1548 4015 1731 4069 sanctorum
1767 4005 1986 4090 apostolorum

306 4121 391 4184 Petri
417 4128 448 4182 et
471 4116 573 4196 Pauli,
600 4125 726 4178 etcum
752 4112 839 4176 omni
864 4111 1022 4173 territorio
1059 4097 1176 4189 nostro,
1214 4111 1384 4194 incipiente
1417 4134 1437 4174 a
1466 4112 1626 4175 territorio
1656 4112 1760 4174 sancti
1792 4109 1987 4195 Chrisogoni

305 4249 347 4290 ex
371 4233 506 4314 utraque
530 4230 619 4305 parte
643 4217 892 4296 descendentem
919 4213 1075 4299 usquead
1100 4216 1216 4295 riuum,
1234 4225 1323 4279 etex
1347 4215 1410 4279 alia
1435 4227 1524 4302 parte
1541 4219 1601 4280 riui
1626 4240 1700 4281 esce
1710 4216 1860 4280 ridentem
1885 4239 1986 4301 usque

304 4329 345 4395 ad
372 4327 485 4394 siluam
510 4327 603 4388 iuxta
625 4325 821 4387 tenitorium
850 4323 950 4384 sancti
967 4319 1095 4382 Nikolai
1099 4329 1264 4408 ,excepto
1289 4319 1444 4406 quasdam
1465 4303 1612 4403 terrulas,
1635 4343 1697 4407 que
1724 4321 1830 4386 est¹
1822 4343 1854 4384 ιιι
1879 4319 1984 4384 medio

305 4429 612 4514 sancti‘Orisogoni,
638 4438 672 4491 ιιι
705 4427 844 4490 habeant
876 4436 908 4489 et
937 4423 1162 4510 possideant
1155 4447 1186 4487 tn
1217 4435 1416 4511 perpetuum.
1450 4425 1482 4491 Si
1513 4429 1585 4512 quis
1610 4426 1671 4490 hoc
1696 4429 1840 4491 nostrum
1865 4425 1985 4490 factum

303 4541 461 4624 frangere·
487 4535 727 4622 presumpserit,
760 4531 1019 4598 maledictionem
1040 4530 1103 4593 dei
1134 4531 1276 4594 inctrrrat
1308 4544 1338 4594 et
1371 4533 1546 4596 secandum
1581 4554 1650 4598 mos
1682 4541 1767 4597 terre
1797 4532 1983 4597 satisfaciat.

304 4645 421 4730 Actum
439 4653 487 4706 est
503 4641 563 4706 hoc
580 4662 685 4704 coram
711 4639 822 4704 horum
847 4636 1002 4702 nobilium
1026 4638 1197 4722 presentia,
1223 4635 1389 4700 videlieet:
1417 4637 1578 4720 Dabranc,
1604 4637 1750 4702 iadertini
1775 4639 1930 4724 episcopi,
1954 4649 1985 4706 ιιι

291 4751 428 4834 ΙΙ)ιιιςο·
439 4748 602 4832 prioris,a
604 4755 680 4832 tque
705 4743 803 4808 llladii
833 4743 959 4825 iudicis,
977 4763 1036 4806 nec
1060 4765 1120 4804 non
1147 4729 1291 4806 Slauioi'
1284 4745 1402 4828 rupani,
1427 4754 1459 4808 et
1480 4742 1654 4808 Zidimiri'
1646 4745 1765 4829 rupani,
1792 4755 1824 4808 et
1847 4743 1983 4838 aliorum

303 4854 469 4924 nobilium.
495 4851 538 4914 Et
561 4873 620 4934 ego
645 4849 814 4938 presbyter
838 4849 1007 4926 Martinus,
1033 4845 1228 4932 capellanus,
1253 4848 1393 4930 interfui,
1419 4851 1530 4936 scripsi
1556 4859 1588 4913 et
1612 4851 1702 4913 testis
1727 4871 1807 4914 sum.

459 5034 487 5092 U
509 5035 608 5090 arhivu
632 5033 825 5108 kaludjericah
848 5051 887 5086 ev.
912 5030 1011 5101 Marije
1035 5047 1052 5084 u
1074 5029 1176 5084 Zadru.
1199 5023 1261 5082 Dra
1281 5001 1410 5100 'prepisa

299 5265 352 5279 ..,-.,
533 5269 544 5282 ,
551 5263 562 5282 ,

408 5341 525 5433 Ιῑιῦιιιςί
547 5349 661 5421 prepis:
685 5341 758 5406 sunl,
