4310 5918
1771 413 1833 480 109

99 663 102 672 ,
148 603 350 668 meritissime
375 605 405 666 in
431 605 617 689 episcopum
645 605 816 686 animatus,
833 603 1134 670 inconueoientibus
1158 611 1190 666 et
1213 602 1411 668 multimodis
1436 604 1590 667 conuiciis
1617 627 1689 668 cum
1718 626 1834 689 magna

145 707 346 772 verecundis
368 731 408 772 ac
430 709 553 794 pudore
577 709 674 773 limen
699 710 868 792 excedere,
902 709 1103 775 caminadam
1129 709 1240 792 egredi
1265 711 1418 795 precepit.
1444 708 1518 788 Quo
1543 707 1627 773 facto
1651 709 1771 774 rediuit
1793 709 1834 774 ud

144 813 314 896 iudicium,
339 812 571 900 abdicaturque
591 814 790 879 Adolberoni
815 815 950 880 ducatus
975 825 1006 879 et
1032 813 1173 879 marcha.
1203 813 1293 898 Ergo
1317 815 1427 878 dicunt
1452 815 1558 899 ipsum
1582 812 1833 896 Adalberonem,

144 921 305 984 confisum
332 917 491 984 Cruwatis
509 931 540 984 et
559 920 817 1004 Mirmidonibus,
831 923 940 1004 regiae
957 923 1104 1006 potestati
1134 919 1216 984 velle
1235 921 1394 1001 resistere,
1416 923 1507 984 cuius
1524 921 1834 985 occasionis'timore

144 1025 324 1089 cessabunt
347 1025 432 1089 domi
458 1024 596 1090 Bawsrii
620 1025 663 1090 ab
687 1025 809 1090 indicta
836 1026 1050 1112 expeditione.
1075 1025 1239 1090 Marchum
1266 1047 1343 1090 vero
1367 1025 1468 1109 ipsius
1492 1022 1709 1090 Adslberonis
1733 1023 1836 1090 fertur

145 1131 355 1194 commissam
381 1152 451 1194 csse
476 1130 604 1194 cuidam
640 1130 680 1194 A.
705 1129 745 1193 de
769 1129 839 1210 L⁰;
863 1129 1014 1196 ducatum
1045 1141 1150 1196 autem
1176 1130 1256 1196 nulli
1288 1129 1395 1195 adbuc
1429 1152 1500 1194 esse
1534 1133 1751 1213 commissum,
1776 1153 1834 1218 pro

145 1257 210 1322 quo
236 1236 376 1322 petendo
401 1237 538 1300 domnus
563 1233 675 1300 Ouono
697 1238 728 1298 in
753 1237 814 1300 ista
846 1235 1027 1300 ebdomada
1049 1235 1091 1300 ad
1114 1239 1230 1301 curtim
1254 1235 1478 1321 proficiscitur.
1503 1234 1555 1300 Ad
1587 1227 1744 1314 ultimum,
1770 1237 1831 1300 nisi

145 1339 320 1406 infirmitas
345 1343 488 1427 corporis
513 1363 563 1404 sne
588 1341 730 1404 maxima
765 1339 931 1422 detineret,
957 1340 1067 1406 videre
1092 1363 1150 1406 vos
1181 1351 1246 1406 tam
1279 1341 1334 1425 diu
1366 1363 1428 1404 non
1465 1335 1672 1406 distulissem.
1699 1339 1832 1406 Verum·

142 1455 254 1510 temen
279 1447 347 1526 vita
370 1449 485 1509 comite
510 1445 627 1510 videbo
660 1468 718 1510 vos
753 1446 916 1527 citissime,
942 1454 974 1510 et
998 1469 1189 1532 quaenuoc
1213 1447 1414 1528 conscribo,
1440 1455 1516 1512 tunc
1539 1469 1672 1533 presens
1695 1447 1833 1534 loquar⁷

143 1551 250 1616 vobis.
278 1549 405 1616 Velete.

141 1773 161 1828 d
305 1686 500 1744 Gieschrscbt.
524 1687 695 1766 Gcsclrichte
718 1690 768 1744 der
789 1690 942 1744 deutschen
968 1688 1133 1744 Keiserzeit.
1159 1687 1179 1742 1.
1204 1689 1257 1742 iad.
1282 1688 1337 1743 Dio
1361 1689 1396 1748 ll.
1422 1689 1474 1744 ind.
1501 1689 1720 1762 Brounschweig
1744 1689 1827 1744 1860

163 1773 190 1829 io
215 1775 253 1828 11.
278 1782 327 1828 str.
354 1775 425 1830 658.
1890 1772 1892 1782 ⁴

482 1955 655 2038 cxxn.
686 1956 776 2037 om
802 1976 840 2054 g.
868 1953 1142 2038 rose-roso.
1169 1953 1255 2036 one
1283 1954 1321 2062 r„
1344 1955 1503 2056 epm

141 2112 273 2175 umero
296 2055 397 2189 septb
419 2117 575 2176 aohumski
595 2117 765 2190 potvrdjuje
796 2119 959 2191 darououjc
981 2120 1067 2178 eritve
1089 2117 1130 2178 su'.
1163 2119 1324 2178 Poteram
1346 2136 1367 2178 u
1390 2118 1631 2192 Baotnompotjo,
1654 2122 1832 2201 comotione

880 2224 1109 2304 lokrumslmmu.

305 2361 326 2438 †
347 2357 495 2442 Sigillum
510 2357 667 2424 ‘Obrance
691 2381 761 2424 curn
787 2359 935 2423 omnibus
958 2360 1023 2422 suis
1048 2359 1174 2443 inponis
1191 2357 1387 2442 Zscbolmie,
1405 2367 1437 2424 ct
1452 2359 1494 2423 da
1533 2395 1832 2408 -----

142 2461 277 2525 domino
311 2460 413 2528 Grobi
448 2463 557 2528 abbati
590 2475 622 2528 et
654 2464 786 2550 reliquis
829 2463 980 2528 fratribus
1011 2465 1051 2534 in,
1086 2485 1196 2527 mense
1227 2464 1304 2527 iulio
1340 2465 1371 2527 in
1404 2461 1454 2527 die
1487 2465 1632 2549 septima.
1664 2463 1832 2529 Predictus

142 2566 343 2631 venerabilis
375 2567 477 2634 Grobi
501 2568 603 2633 abbas
628 2581 659 2634 et
682 2569 798 2634 fratres
820 2567 1161 2654 eiuspcstolauerunt
1192 2567 1284 2633 nobis
1316 2578 1462 2633 sanctum
1494 2568 1725 2634 Panchracium
1759 2592 1832 2634 cum

140 2675 248 2735 tocius
272 2671 398 2737 Babine
428 2673 508 2758 pale,
534 2673 620 2760 quod
645 2676 749 2738 estin
773 2673 901 2756 Melete,
925 2685 1083 2760 quatenus
1107 2673 1168 2738 hoc
1192 2672 1348 2738 haberent
1365 2675 1396 2736 in
1417 2696 1474 2736 sua
1489 2683 1657 2760 potestate.
1683 2673 1749 2739 Nos
1774 2697 1831 2740 au·

140 2789 210 2841 tem
244 2787 476 2861 cognoscentes
509 2802 562 2844 eos
588 2781 688 2844 iustos
713 2802 793 2862 esse,
829 2779 950 2844 eisdem
975 2779 1189 2844 concedentes
1214 2815 1258 2826 -
1285 2816 1325 2826 —
1356 2817 1390 2827 -
1419 2789 1550 2864 propter
1571 2779 1707 2844 salutem
1730 2777 1832 2844 horni-

142 2904 224 2946 num
249 2883 425 2946 secundum
452 2884 704 2969 postulacionem
731 2897 846 2949 eorurn‘
865 2886 999 2949 fecimus
1024 2895 1056 2949 et
1079 2884 1293 2949 dedimus-
1309 2923 1352 2933 -
1375 2907 1428 2948 um
1456 2886 1710 2970 suprascriptum
1727 2883 1832 2950 locum

141 2989 202 3066 eis,
234 3009 296 3052 nec
326 3011 389 3052 non
414 2991 579 3074 paciantur
607 3027 640 3038 ·-
662 3028 702 3038 --
724 3029 760 3038 -
787 3014 891 3076 neque
914 3015 933 3055 a
955 2990 1140 3056 Zacbolmie
1164 2989 1356 3071 hominibus,
1381 3012 1484 3075 neque
1503 2987 1707 3076 isaguseis,
1726 3013 1843 3078 neque·

142 3091 188 3156 ab
211 3091 285 3156 aliis
309 3093 567 3179 quibuscumque
595 3094 791 3175 hominibus,
815 3096 871 3160 sed
906 3134 946 3144 -
969 3094 1155 3182 possideant
1178 3094 1369 3159 ethabeant.
1396 3092 1616 3181 Quiscnmque
1639 3103 1745 3160 autem
1761 3119 1831 3181 pre·
1881 3092 1884 3100 ’

53 3183 54 3193 ¹
143 3199 323 3282 sumpserit
356 3198 417 3285 (in)
451 3199 512 3264 hoc
536 3201 692 3286 impedire
716 3201 895 3287 predictum
926 3199 1078 3265 abbatem
1103 3209 1135 3266 et
1158 3189 1360 3264 successores
1385 3199 1463 3279 eius,
1486 3197 1604 3262 babeat
1625 3198 1825 3266 malediccio·

142 3325 218 3368 nem
250 3305 361 3388 putris,
389 3313 421 3368 et
443 3304 509 3387 filii,
527 3317 559 3370 et
580 3309 711 3393 spiritns
736 3308 847 3389 sancti,
861 3305 898 3370 'et
920 3307 1014 3371 etiam
1032 3305 1107 3370 diue
1130 3305 1265 3388 virginis
1286 3305 1406 3384 metris,
1427 3313 1458 3367 et
1472 3303 1554 3367 besti
1581 3303 1769 3370 Peuchracii
1800 3316 1833 3371 ct

142 3411 291 3474 omnium
314 3421 507 3476 sanctorum.
925 3413 931 3422 '

306 3540 412 3596 Metios
434 3560 471 3598 ns
494 3543 578 3613 maloj
603 3543 775 3619 pergameni,
799 3561 817 3597 u
841 3541 1032 3614 dubrovattoj
1060 3540 1239 3613 premohrsni.
1263 3541 1345 3597 Fuso.
1369 3541 1391 3596 1.
1415 3543 1456 3596 br.
1482 3539 1520 3599 26

649 3782 849 3865 oxxlll.
877 3783 967 3866 Oko
993 3803 1031 3882 g.
1058 3779 1332 3866 luae-1040.

146 3939 272 4000 Goortlo
295 3939 402 4015 bistrup
426 3939 545 4002 bometti
560 3961 596 4002 so
614 3943 761 4016 reponem
786 3944 981 4002 Miroslovom
1004 3944 1016 4001 s'
1039 3944 1144 4002 bouem
1166 3943 1351 4002 Rotomirom
1361 3941 1533 4017 potvrdjuje
1556 3944 1718 4018 dorooauje
1742 3945 1827 4009 crlcve

521 4067 562 4110 su
589 4051 749 4109 Panemo
771 4053 944 4108 comestores
967 4065 1009 4108 so.
1035 4047 1204 4106 Beoedilcto
1227 4065 1268 4106 oo
1291 4047 1455 4106 Lotrumu.

304 4175 385 4256 †In
411 4177 537 4247 nomine
567 4177 719 4262 patriset
740 4174 797 4240 lilii
831 4185 863 4239 et
894 4176 1023 4261 spiritus
1047 4176 1158 4240 sancti.
1182 4173 1253 4260 Ego
1278 4175 1449 4260 episcopus
1473 4157 1606 4240 Gabriel
1629 4174 1827 4258 Zacbulmie,

144 4302 208 4346 una
239 4303 313 4347 cum
346 4282 452 4347 iudice
482 4282 667 4360 Miroslauo‚
694 4295 725 4346 et
757 4281 841 4346 bano
873 4279 1037 4362 Ratimiro‚
1073 4289 1105 4344 et
1128 4279 1302 4362 Strasimir,
1328 4289 1360 4344 et
1383 4290 1570 4366 procurator
1593 4278 1744 4366 Craymir
1766 4302 1830 4346 una

143 4409 216 4452 cum
233 4388 385 4452 omnibus
407 4386 594 4452 Zschulmie
619 4387 789 4454 nobilibus.
811 4385 909 4450 Venit
924 4385 966 4450 sd
985 4409 1042 4450 nos
1065 4385 1167 4450 abbas
1191 4383 1307 4450 vualis
1324 4385 1364 4450 de
1388 4387 1581 4450 monasterio
1605 4407 1631 4450 s.
1652 4384 1822 4450 Benedicti

144 4492 356 4574 Lacromone,
381 4516 516 4581 querere
539 4492 642 4558 locum
671 4496 730 4578 (in)
765 4492 955 4577 insulaque
990 4499 1124 4556 vocatur
1154 4489 1283 4571 Melcte,
1318 4499 1350 4554 et
1373 4489 1521 4554 dedimus
1545 4493 1574 4554 ei
1598 4489 1703 4554 locum
1727 4499 1828 4558 totum

143 4597 268 4662 Bsbine
293 4599 385 4684 pelle,
410 4601 441 4662 in
466 4619 529 4683 quo
557 4609 606 4664 est
635 4597 771 4662 ecelesia
792 4621 816 4663 s.
835 4597 1006 4677 Pancratii,
1034 4594 1090 4660 tsli
1108 4595 1245 4676 nomine,
1263 4605 1298 4658 ut
1327 4597 1353 4658 si
1379 4593 1495 4681 aliquis
1518 4594 1706 4660 Zachulmie
1727 4594 1822 4662 bomo

132 4705 271 4768 virritare
298 4703 360 4768 boc
383 4703 501 4768 facturn
524 4703 670 4784 voluerit,
695 4700 746 4766 vel
778 4704 972 4767 contrarium
1004 4701 1126 4780 fecerit,
1151 4702 1193 4764 eit
1215 4697 1577 4766 omnibusZachulurao
1602 4701 1750 4766 inimicus
1774 4698 1828 4764 ho-

144 4810 294 4874 minibus.
329 4809 466 4892 Insuper
501 4807 689 4872 oreledic'tus
714 4800 755 4872 s'it
779 4807 887 4888 adeo,
920 4816 1015 4891 atque
1049 4829 1069 4870 a
1097 4804 1269 4870 duodecim
1301 4804 1465 4890 apostolis,
1499 4827 1559 4868 nec
1592 4827 1654 4870 nou
1674 4828 1694 4870 a
1717 4815 1828 4870 sancto

143 4912 246 4976 Meris
271 4923 374 4978 matre
400 4915 529 5004 domini,
555 4923 586 4976 ct
609 4914 649 4976 ab
674 4911 823 4982 omnibus
846 4914 976 4976 sanctis.
1000 4910 1044 4974 Et
1067 4933 1127 5000 ego
1151 4910 1321 4996 presbyter
1345 4909 1499 4995 Milogsy,
1534 4909 1619 4974 filius
1643 4907 1825 4992 Michaelis,

144 5018 232 5082 iussu
254 5039 367 5102 eorum
396 5019 521 5102 scripsi.

303 5147 410 5202 Ferluti
436 5149 581 5218 Illyricum
604 5147 729 5204 Sacrum.
752 5145 787 5204 T.
812 5145 860 5200 Vl.
885 5152 932 5198 str.
958 5143 1010 5198 45.
1754 5145 1764 5180 1

249 5339 450 5416 “Raznmjcva
472 5358 502 5395 se
524 5340 632 5396 Arnold
656 5335 862 5394 odaLumbahs
886 5329 1025 5410 ⁷loquor.
1050 5335 1179 5394 Bdhmer.
