<?xml version="1.0" encoding="UTF-8"?>
<!DOCTYPE html PUBLIC "-//W3C//DTD XHTML 1.0 Transitional//EN"
    "http://www.w3.org/TR/xhtml1/DTD/xhtml1-transitional.dtd">
<html xmlns="http://www.w3.org/1999/xhtml" xml:lang="en" lang="en">
 <head>
  <title>
</title>
<meta http-equiv="Content-Type" content="text/html;charset=utf-8" />
  <meta name='ocr-system' content='tesseract 3.04.00' />
  <meta name='ocr-capabilities' content='ocr_page ocr_carea ocr_par ocr_line ocrx_word'/>
</head>
<body>
  <div class='ocr_page' id='page_1' title='image "./codexdiplomatic00unkngoog_0416.png"; bbox 0 0 4300 5930; ppageno 0'>
   <div class='ocr_carea' id='block_1_1' title="bbox 448 633 1941 930">
    <p class='ocr_par' dir='ltr' id='par_1_1' title="bbox 448 633 1941 930">
     <span class='ocr_line' id='line_1_1' title="bbox 448 633 1537 720; baseline -0.002 -20"><span class='ocrx_word' id='word_1_1' title='bbox 448 637 468 718; x_wconf 94' lang='lat'>†</span> <span class='ocrx_word' id='word_1_2' title='bbox 492 636 564 720; x_wconf 85' lang='lat' dir='ltr'><strong>Ego</strong></span> <span class='ocrx_word' id='word_1_3' title='bbox 588 634 735 709; x_wconf 85' lang='lat' dir='ltr'><strong>Alexius,</strong></span> <span class='ocrx_word' id='word_1_4' title='bbox 760 634 872 699; x_wconf 90' lang='lat' dir='ltr'><strong>consul</strong></span> <span class='ocrx_word' id='word_1_5' title='bbox 897 633 1040 719; x_wconf 86' lang='lat' dir='ltr'><strong>Ragusii,</strong></span> <span class='ocrx_word' id='word_1_6' title='bbox 1064 655 1178 698; x_wconf 90' lang='lat' dir='ltr'><strong>manns</strong></span> <span class='ocrx_word' id='word_1_7' title='bbox 1202 656 1290 698; x_wconf 87' lang='lat' dir='ltr'><strong>meas</strong></span> <span class='ocrx_word' id='word_1_8' title='bbox 1315 635 1388 717; x_wconf 83' lang='lat' dir='ltr'><strong>(sio)</strong></span> <span class='ocrx_word' id='word_1_9' title='bbox 1412 634 1537 720; x_wconf 80' lang='lat' dir='ltr'>scripsi.</span> 
     </span>
     <span class='ocr_line' id='line_1_2' title="bbox 450 740 1624 826; baseline -0.004 -20"><span class='ocrx_word' id='word_1_10' title='bbox 450 745 472 823; x_wconf 82' lang='lat'><em>†</em></span> <span class='ocrx_word' id='word_1_11' title='bbox 494 741 566 826; x_wconf 81' lang='lat' dir='ltr'><strong>Ego</strong></span> <span class='ocrx_word' id='word_1_12' title='bbox 589 741 785 805; x_wconf 88' lang='lat' dir='ltr'><strong>Pancracius</strong></span> <span class='ocrx_word' id='word_1_13' title='bbox 809 740 953 826; x_wconf 82' lang='lat' dir='ltr'><strong>Ragusii,</strong></span> <span class='ocrx_word' id='word_1_14' title='bbox 978 741 1080 804; x_wconf 88' lang='lat' dir='ltr'><strong>testis.</strong></span> <span class='ocrx_word' id='word_1_15' title='bbox 1620 807 1624 813; x_wconf 56' lang='grc'><strong>,</strong></span> 
     </span>
     <span class='ocr_line' id='line_1_3' title="bbox 448 841 1941 930; baseline -0.002 -20"><span class='ocrx_word' id='word_1_16' title='bbox 448 845 520 930; x_wconf 80' lang='lat' dir='ltr'><strong>Ego</strong></span> <span class='ocrx_word' id='word_1_17' title='bbox 543 847 674 911; x_wconf 86' lang='lat' dir='ltr'><strong>Marcus</strong></span> <span class='ocrx_word' id='word_1_18' title='bbox 699 845 856 912; x_wconf 87' lang='lat' dir='ltr'><strong>diaconus</strong></span> <span class='ocrx_word' id='word_1_19' title='bbox 874 856 906 910; x_wconf 90' lang='lat' dir='ltr'><strong>et</strong></span> <span class='ocrx_word' id='word_1_20' title='bbox 929 847 1076 910; x_wconf 88' lang='lat' dir='ltr'><strong>comunis</strong></span> <span class='ocrx_word' id='word_1_21' title='bbox 1101 844 1253 926; x_wconf 89' lang='lat' dir='ltr'><strong>notarius,</strong></span> <span class='ocrx_word' id='word_1_22' title='bbox 1278 854 1393 930; x_wconf 88' lang='lat' dir='ltr'><strong>rogatu</strong></span> <span class='ocrx_word' id='word_1_23' title='bbox 1417 843 1578 910; x_wconf 90' lang='lat' dir='ltr'><strong>Johannis</strong></span> <span class='ocrx_word' id='word_1_24' title='bbox 1599 843 1640 909; x_wconf 91' lang='lat' dir='ltr'><strong>de</strong></span> <span class='ocrx_word' id='word_1_25' title='bbox 1662 841 1783 909; x_wconf 83' lang='lat' dir='ltr'>Canale</span> <span class='ocrx_word' id='word_1_26' title='bbox 1808 843 1941 930; x_wconf 83' lang='lat' dir='ltr'><strong>scripsi.</strong></span> 
     </span>
    </p>
   </div>
   <div class='ocr_carea' id='block_1_2' title="bbox 447 1023 1987 1116">
    <p class='ocr_par' dir='ltr' id='par_1_2' title="bbox 447 1023 1987 1116">
     <span class='ocr_line' id='line_1_4' title="bbox 447 1023 1987 1116; baseline -0.004 -16"><span class='ocrx_word' id='word_1_27' title='bbox 447 1043 612 1100; x_wconf 76' lang='lat' dir='ltr'><strong>Masticana</strong></span> <span class='ocrx_word' id='word_1_28' title='bbox 635 1043 800 1116; x_wconf 76' lang='lat' dir='ltr'>pergameni</span> <span class='ocrx_word' id='word_1_29' title='bbox 820 1061 919 1101; x_wconf 82' lang='lat' dir='ltr'><strong>recma</strong></span> <span class='ocrx_word' id='word_1_30' title='bbox 936 1023 1011 1116; x_wconf 78' lang='lat' dir='ltr'><strong>liepo</strong></span> <span class='ocrx_word' id='word_1_31' title='bbox 1036 1041 1143 1115; x_wconf 85' lang='lat' dir='ltr'><strong>pisana,</strong></span> <span class='ocrx_word' id='word_1_32' title='bbox 1168 1061 1187 1098; x_wconf 89' lang='lat' dir='ltr'><strong>u</strong></span> <span class='ocrx_word' id='word_1_33' title='bbox 1210 1043 1310 1099; x_wconf 74' lang='lat' dir='ltr'><strong>arliae</strong></span> <span class='ocrx_word' id='word_1_34' title='bbox 1333 1042 1451 1114; x_wconf 71' lang='lat' dir='ltr'><strong>okrutja</strong></span> <span class='ocrx_word' id='word_1_35' title='bbox 1475 1040 1678 1114; x_wconf 76' lang='lat' dir='ltr'><strong>dubrorabkog</strong></span> <span class='ocrx_word' id='word_1_36' title='bbox 1700 1042 1784 1098; x_wconf 72' lang='lat' dir='ltr'><strong>llaec.</strong></span> <span class='ocrx_word' id='word_1_37' title='bbox 1817 1042 1842 1102; x_wconf 92' lang='lat'><strong>1.</strong></span> <span class='ocrx_word' id='word_1_38' title='bbox 1878 1041 1914 1098; x_wconf 86' lang='lat' dir='ltr'><strong>N.</strong></span> <span class='ocrx_word' id='word_1_39' title='bbox 1932 1041 1987 1096; x_wconf 73' lang='lat' dir='ltr'><strong>at.</strong></span> 
     </span>
    </p>
   </div>
   <div class='ocr_carea' id='block_1_3' title="bbox 299 1353 1978 1608">
    <p class='ocr_par' dir='ltr' id='par_1_3' title="bbox 299 1353 1978 1608">
     <span class='ocr_line' id='line_1_5' title="bbox 556 1353 1731 1475; baseline -0.002 -38"><span class='ocrx_word' id='word_1_40' title='bbox 556 1353 708 1437; x_wconf 79' lang='lat' dir='ltr'><strong>uvlll.</strong></span> <span class='ocrx_word' id='word_1_41' title='bbox 735 1353 995 1475; x_wconf 65' lang='lat' dir='ltr'><strong>litt-1169.</strong></span> <span class='ocrx_word' id='word_1_42' title='bbox 1024 1353 1087 1437; x_wconf 76' lang='lat'><strong>23.</strong></span> <span class='ocrx_word' id='word_1_43' title='bbox 1115 1353 1330 1456; x_wconf 76' lang='lat' dir='ltr'><strong>prosimu.</strong></span> <span class='ocrx_word' id='word_1_44' title='bbox 1358 1353 1394 1436; x_wconf 91' lang='lat' dir='ltr'><strong>U</strong></span> <span class='ocrx_word' id='word_1_45' title='bbox 1421 1353 1688 1437; x_wconf 84' lang='lat' dir='ltr'><strong>Beneventn.</strong></span> <span class='ocrx_word' id='word_1_46' title='bbox 1721 1358 1731 1395; x_wconf 89' lang='lat'><strong>¹</strong></span> 
     </span>
     <span class='ocr_line' id='line_1_6' title="bbox 299 1499 1978 1608; baseline 0 -16"><span class='ocrx_word' id='word_1_47' title='bbox 299 1533 488 1594; x_wconf 78' lang='lat' dir='ltr'><strong>Aletaandro</strong></span> <span class='ocrx_word' id='word_1_48' title='bbox 515 1529 578 1595; x_wconf 87' lang='grc' dir='ltr'><em>ΙΙΙ.</em></span> <span class='ocrx_word' id='word_1_49' title='bbox 602 1551 693 1608; x_wconf 75' lang='lat' dir='ltr'><strong>papa,</strong></span> <span class='ocrx_word' id='word_1_50' title='bbox 717 1533 822 1596; x_wconf 62' lang='lat' dir='ltr'><strong>notate</strong></span> <span class='ocrx_word' id='word_1_51' title='bbox 845 1527 1037 1606; x_wconf 79' lang='lat' dir='ltr'><strong>nadbistupu</strong></span> <span class='ocrx_word' id='word_1_52' title='bbox 1059 1533 1260 1607; x_wconf 78' lang='lat' dir='ltr'><strong>spljetstoma,</strong></span> <span class='ocrx_word' id='word_1_53' title='bbox 1283 1534 1360 1592; x_wconf 80' lang='lat' dir='ltr'><strong>nelca</strong></span> <span class='ocrx_word' id='word_1_54' title='bbox 1382 1535 1484 1607; x_wconf 72' lang='lat' dir='ltr'><strong>praui</strong></span> <span class='ocrx_word' id='word_1_55' title='bbox 1504 1533 1652 1608; x_wconf 77' lang='lat' dir='ltr'><strong>pradjune</strong></span> <span class='ocrx_word' id='word_1_56' title='bbox 1675 1499 1822 1594; x_wconf 72' lang='lat' dir='ltr'><strong>tibenitlsc</strong></span> <span class='ocrx_word' id='word_1_57' title='bbox 1853 1534 1894 1592; x_wconf 83' lang='lat' dir='ltr'><strong>da</strong></span> <span class='ocrx_word' id='word_1_58' title='bbox 1918 1549 1978 1606; x_wconf 73' lang='lat' dir='ltr'><strong>po-</strong></span> 
     </span>
    </p>
   </div>
   <div class='ocr_carea' id='block_1_4' title="bbox 550 1665 1716 1745">
    <p class='ocr_par' dir='ltr' id='par_1_4' title="bbox 550 1665 1716 1745">
     <span class='ocr_line' id='line_1_7' title="bbox 550 1665 1716 1745; baseline -0.002 -19"><span class='ocrx_word' id='word_1_59' title='bbox 550 1671 633 1727; x_wconf 82' lang='lat' dir='ltr'><strong>vrote</strong></span> <span class='ocrx_word' id='word_1_60' title='bbox 656 1685 711 1728; x_wconf 84' lang='lat' dir='ltr'><strong>one</strong></span> <span class='ocrx_word' id='word_1_61' title='bbox 732 1667 837 1742; x_wconf 68' lang='lat' dir='ltr'><strong>stauai,</strong></span> <span class='ocrx_word' id='word_1_62' title='bbox 869 1667 934 1739; x_wconf 79' lang='lat' dir='ltr'><strong>troje</strong></span> <span class='ocrx_word' id='word_1_63' title='bbox 956 1665 1033 1726; x_wconf 67' lang='lat' dir='ltr'><strong>otcie</strong></span> <span class='ocrx_word' id='word_1_64' title='bbox 1057 1665 1208 1745; x_wconf 77' lang='lat' dir='ltr'><strong>Gotsrida,</strong></span> <span class='ocrx_word' id='word_1_65' title='bbox 1232 1669 1304 1726; x_wconf 83' lang='lat' dir='ltr'><strong>aina</strong></span> <span class='ocrx_word' id='word_1_66' title='bbox 1327 1666 1498 1725; x_wconf 77' lang='lat' dir='ltr'><strong>Bonums&#39;rc</strong></span> <span class='ocrx_word' id='word_1_67' title='bbox 1519 1665 1558 1724; x_wconf 81' lang='lat' dir='ltr'><strong>od</strong></span> <span class='ocrx_word' id='word_1_68' title='bbox 1580 1665 1716 1739; x_wconf 75' lang='lat' dir='ltr'><strong>siponto.</strong></span> 
     </span>
    </p>
   </div>
   <div class='ocr_carea' id='block_1_5' title="bbox 299 1869 2012 2380">
    <p class='ocr_par' dir='ltr' id='par_1_5' title="bbox 299 1869 2012 2380">
     <span class='ocr_line' id='line_1_8' title="bbox 450 1869 1984 1958; baseline -0.001 -21"><span class='ocrx_word' id='word_1_69' title='bbox 450 1870 638 1937; x_wconf 78' lang='lat' dir='ltr'><strong>Alexander</strong></span> <span class='ocrx_word' id='word_1_70' title='bbox 661 1895 774 1937; x_wconf 88' lang='lat' dir='ltr'><strong>seruus</strong></span> <span class='ocrx_word' id='word_1_71' title='bbox 799 1894 966 1938; x_wconf 85' lang='lat' dir='ltr'><strong>seruorum</strong></span> <span class='ocrx_word' id='word_1_72' title='bbox 991 1872 1054 1948; x_wconf 84' lang='lat' dir='ltr'><strong>dei,</strong></span> <span class='ocrx_word' id='word_1_73' title='bbox 1078 1873 1257 1937; x_wconf 83' lang='lat' dir='ltr'><strong>venerabili</strong></span> <span class='ocrx_word' id='word_1_74' title='bbox 1288 1872 1379 1937; x_wconf 86' lang='lat' dir='ltr'><strong>fratri</strong></span> <span class='ocrx_word' id='word_1_75' title='bbox 1412 1869 1590 1957; x_wconf 86' lang='lat' dir='ltr'><strong>G(erardo)</strong></span> <span class='ocrx_word' id='word_1_76' title='bbox 1622 1870 1798 1958; x_wconf 78' lang='lat' dir='ltr'><strong>spalatensi</strong></span> <span class='ocrx_word' id='word_1_77' title='bbox 1822 1869 1984 1958; x_wconf 87' lang='lat' dir='ltr'><strong>archiepi-</strong></span> 
     </span>
     <span class='ocr_line' id='line_1_9' title="bbox 300 1975 1982 2066; baseline -0.001 -24"><span class='ocrx_word' id='word_1_78' title='bbox 300 2000 408 2064; x_wconf 90' lang='lat' dir='ltr'><strong>scopo,</strong></span> <span class='ocrx_word' id='word_1_79' title='bbox 430 1977 606 2066; x_wconf 87' lang='lat' dir='ltr'><strong>apostolice</strong></span> <span class='ocrx_word' id='word_1_80' title='bbox 631 1977 716 2043; x_wconf 88' lang='lat' dir='ltr'><strong>sedis</strong></span> <span class='ocrx_word' id='word_1_81' title='bbox 740 1978 857 2064; x_wconf 85' lang='lat' dir='ltr'><strong>legato,</strong></span> <span class='ocrx_word' id='word_1_82' title='bbox 883 1977 1076 2060; x_wconf 84' lang='lat' dir='ltr'><strong>salutemet</strong></span> <span class='ocrx_word' id='word_1_83' title='bbox 1109 1975 1318 2064; x_wconf 88' lang='lat' dir='ltr'><strong>apostolicam</strong></span> <span class='ocrx_word' id='word_1_84' title='bbox 1351 1977 1621 2042; x_wconf 85' lang='lat' dir='ltr'><strong>benedictionem.</strong></span> <span class='ocrx_word' id='word_1_85' title='bbox 1653 1977 1897 2042; x_wconf 82' lang='lat' dir='ltr'><strong>Etransmissa</strong></span> <span class='ocrx_word' id='word_1_86' title='bbox 1930 1977 1982 2042; x_wconf 94' lang='lat' dir='ltr'><strong>di·</strong></span> 
     </span>
     <span class='ocr_line' id='line_1_10' title="bbox 301 2071 1985 2170; baseline 0 -22"><span class='ocrx_word' id='word_1_87' title='bbox 301 2071 376 2149; x_wconf 81' lang='lat' dir='ltr'><strong>lecti</strong></span> <span class='ocrx_word' id='word_1_88' title='bbox 398 2083 456 2150; x_wconf 90' lang='lat' dir='ltr'><strong>filii</strong></span> <span class='ocrx_word' id='word_1_89' title='bbox 480 2085 579 2149; x_wconf 86' lang='lat' dir='ltr'><strong>nostri</strong></span> <span class='ocrx_word' id='word_1_90' title='bbox 602 2084 758 2148; x_wconf 85' lang='lat' dir='ltr'><strong>relatione</strong></span> <span class='ocrx_word' id='word_1_91' title='bbox 782 2083 900 2148; x_wconf 90' lang='lat' dir='ltr'><strong>nobilis</strong></span> <span class='ocrx_word' id='word_1_92' title='bbox 925 2086 988 2150; x_wconf 89' lang='lat' dir='ltr'><strong>viri</strong></span> <span class='ocrx_word' id='word_1_93' title='bbox 1013 2084 1170 2148; x_wconf 90' lang='lat' dir='ltr'><strong>Bonumir</strong></span> <span class='ocrx_word' id='word_1_94' title='bbox 1193 2083 1233 2147; x_wconf 93' lang='lat' dir='ltr'><strong>de</strong></span> <span class='ocrx_word' id='word_1_95' title='bbox 1258 2082 1401 2169; x_wconf 90' lang='lat' dir='ltr'><strong>Siponto,</strong></span> <span class='ocrx_word' id='word_1_96' title='bbox 1427 2083 1560 2148; x_wconf 86' lang='lat' dir='ltr'><strong>auribus</strong></span> <span class='ocrx_word' id='word_1_97' title='bbox 1585 2087 1703 2149; x_wconf 89' lang='lat' dir='ltr'><strong>nostris</strong></span> <span class='ocrx_word' id='word_1_98' title='bbox 1729 2085 1878 2165; x_wconf 89' lang='lat' dir='ltr'><strong>innotuit,</strong></span> <span class='ocrx_word' id='word_1_99' title='bbox 1893 2084 1985 2170; x_wconf 93' lang='lat' dir='ltr'><strong>quod</strong></span> 
     </span>
     <span class='ocr_line' id='line_1_11' title="bbox 299 2188 1989 2271; baseline 0 -19"><span class='ocrx_word' id='word_1_100' title='bbox 299 2189 446 2254; x_wconf 91' lang='lat' dir='ltr'><strong>homines</strong></span> <span class='ocrx_word' id='word_1_101' title='bbox 469 2190 510 2254; x_wconf 86' lang='lat' dir='ltr'><strong>de</strong></span> <span class='ocrx_word' id='word_1_102' title='bbox 534 2188 703 2271; x_wconf 86' lang='lat' dir='ltr'><strong>Sevenico,</strong></span> <span class='ocrx_word' id='word_1_103' title='bbox 728 2188 887 2254; x_wconf 84' lang='lat' dir='ltr'><strong>Guofrido</strong></span> <span class='ocrx_word' id='word_1_104' title='bbox 911 2189 977 2256; x_wconf 87' lang='lat' dir='ltr'><strong>filio</strong></span> <span class='ocrx_word' id='word_1_105' title='bbox 1001 2191 1070 2254; x_wconf 89' lang='lat' dir='ltr'><strong>eius</strong></span> <span class='ocrx_word' id='word_1_106' title='bbox 1098 2188 1255 2254; x_wconf 87' lang='lat' dir='ltr'><strong>violenter</strong></span> <span class='ocrx_word' id='word_1_107' title='bbox 1278 2199 1310 2254; x_wconf 92' lang='lat' dir='ltr'><strong>et</strong></span> <span class='ocrx_word' id='word_1_108' title='bbox 1333 2188 1438 2254; x_wconf 88' lang='lat' dir='ltr'><strong>furtim</strong></span> <span class='ocrx_word' id='word_1_109' title='bbox 1464 2212 1515 2254; x_wconf 86' lang='lat' dir='ltr'><strong>res</strong></span> <span class='ocrx_word' id='word_1_110' title='bbox 1539 2211 1614 2254; x_wconf 89' lang='lat' dir='ltr'><strong>suas</strong></span> <span class='ocrx_word' id='word_1_111' title='bbox 1640 2189 1767 2254; x_wconf 90' lang='lat' dir='ltr'><strong>auferre</strong></span> <span class='ocrx_word' id='word_1_112' title='bbox 1801 2211 1863 2254; x_wconf 91' lang='lat' dir='ltr'><strong>non</strong></span> <span class='ocrx_word' id='word_1_113' title='bbox 1889 2189 1989 2254; x_wconf 82' lang='lat' dir='ltr'><strong>dubi-</strong></span> 
     </span>
     <span class='ocr_line' id='line_1_12' title="bbox 299 2293 2012 2380; baseline 0 -22"><span class='ocrx_word' id='word_1_114' title='bbox 299 2304 416 2360; x_wconf 91' lang='lat' dir='ltr'><strong>tarunt.</strong></span> <span class='ocrx_word' id='word_1_115' title='bbox 443 2295 544 2378; x_wconf 88' lang='lat' dir='ltr'><strong>Unde,</strong></span> <span class='ocrx_word' id='word_1_116' title='bbox 569 2295 721 2380; x_wconf 90' lang='lat' dir='ltr'><strong>quoniam</strong></span> <span class='ocrx_word' id='word_1_117' title='bbox 746 2295 849 2360; x_wconf 86' lang='lat' dir='ltr'><strong>eidem</strong></span> <span class='ocrx_word' id='word_1_118' title='bbox 875 2297 910 2360; x_wconf 90' lang='lat' dir='ltr'><strong>B.</strong></span> <span class='ocrx_word' id='word_1_119' title='bbox 935 2307 1002 2360; x_wconf 93' lang='lat' dir='ltr'><strong>tum</strong></span> <span class='ocrx_word' id='word_1_120' title='bbox 1030 2317 1072 2358; x_wconf 90' lang='lat' dir='ltr'><strong>ex</strong></span> <span class='ocrx_word' id='word_1_121' title='bbox 1096 2293 1194 2358; x_wconf 87' lang='lat' dir='ltr'><strong>oflicii</strong></span> <span class='ocrx_word' id='word_1_122' title='bbox 1220 2295 1321 2358; x_wconf 89' lang='lat' dir='ltr'><strong>nostri</strong></span> <span class='ocrx_word' id='word_1_123' title='bbox 1344 2293 1462 2378; x_wconf 77' lang='lat' dir='ltr'><strong>debito,</strong></span> <span class='ocrx_word' id='word_1_124' title='bbox 1495 2304 1563 2360; x_wconf 90' lang='lat' dir='ltr'><strong>tum</strong></span> <span class='ocrx_word' id='word_1_125' title='bbox 1598 2296 1693 2358; x_wconf 91' lang='lat' dir='ltr'><strong>etiam</strong></span> <span class='ocrx_word' id='word_1_126' title='bbox 1720 2295 2012 2368; x_wconf 67' lang='lat' dir='ltr'><strong>‚consideratione¹</strong></span> 
     </span>
    </p>
   </div>
   <div class='ocr_carea' id='block_1_6' title="bbox 168 2399 1988 2487">
    <p class='ocr_par' dir='ltr' id='par_1_6' title="bbox 168 2399 1988 2487">
     <span class='ocr_line' id='line_1_13' title="bbox 168 2399 1988 2487; baseline 0 -23"><span class='ocrx_word' id='word_1_127' title='bbox 168 2473 177 2485; x_wconf 41' lang='lat'>¹</span> <span class='ocrx_word' id='word_1_128' title='bbox 236 2423 239 2428; x_wconf 76' lang='grc'><strong><em>’</em></strong></span> <span class='ocrx_word' id='word_1_129' title='bbox 300 2399 492 2482; x_wconf 86' lang='lat' dir='ltr'><strong>deuotionis,</strong></span> <span class='ocrx_word' id='word_1_130' title='bbox 516 2407 611 2487; x_wconf 82' lang='lat' dir='ltr'><strong>quam</strong></span> <span class='ocrx_word' id='word_1_131' title='bbox 636 2403 723 2466; x_wconf 89' lang='lat' dir='ltr'><strong>circa</strong></span> <span class='ocrx_word' id='word_1_132' title='bbox 746 2424 803 2466; x_wconf 88' lang='lat' dir='ltr'><strong>nos</strong></span> <span class='ocrx_word' id='word_1_133' title='bbox 827 2401 1013 2486; x_wconf 76' lang='lat' dir='ltr'><strong>specialiter</strong></span> <span class='ocrx_word' id='word_1_134' title='bbox 1037 2403 1130 2484; x_wconf 87' lang='lat' dir='ltr'><strong>gerit,</strong></span> <span class='ocrx_word' id='word_1_135' title='bbox 1154 2402 1187 2463; x_wconf 91' lang='lat' dir='ltr'><strong>in</strong></span> <span class='ocrx_word' id='word_1_136' title='bbox 1211 2423 1269 2464; x_wconf 90' lang='lat' dir='ltr'><strong>suo</strong></span> <span class='ocrx_word' id='word_1_137' title='bbox 1289 2400 1359 2464; x_wconf 91' lang='lat' dir='ltr'><strong>iure</strong></span> <span class='ocrx_word' id='word_1_138' title='bbox 1382 2399 1496 2466; x_wconf 80' lang='lat' dir='ltr'><strong>adesse</strong></span> <span class='ocrx_word' id='word_1_139' title='bbox 1522 2399 1687 2482; x_wconf 88' lang='lat' dir='ltr'><strong>debemus,</strong></span> <span class='ocrx_word' id='word_1_140' title='bbox 1713 2399 1905 2466; x_wconf 75' lang='lat' dir='ltr'><strong>fraternitati</strong></span> <span class='ocrx_word' id='word_1_141' title='bbox 1931 2409 1988 2464; x_wconf 89' lang='lat' dir='ltr'><strong>tue</strong></span> 
     </span>
    </p>
   </div>
   <div class='ocr_carea' id='block_1_7' title="bbox 242 2505 1988 3103">
    <p class='ocr_par' dir='ltr' id='par_1_7' title="bbox 242 2505 1988 3103">
     <span class='ocr_line' id='line_1_14' title="bbox 301 2505 1987 2593; baseline -0.001 -22"><span class='ocrx_word' id='word_1_142' title='bbox 301 2529 359 2592; x_wconf 88' lang='lat' dir='ltr'><strong>per</strong></span> <span class='ocrx_word' id='word_1_143' title='bbox 381 2505 555 2592; x_wconf 88' lang='lat' dir='ltr'><strong>apostolica</strong></span> <span class='ocrx_word' id='word_1_144' title='bbox 578 2509 699 2593; x_wconf 87' lang='lat' dir='ltr'><strong>scripta</strong></span> <span class='ocrx_word' id='word_1_145' title='bbox 721 2507 921 2588; x_wconf 87' lang='lat' dir='ltr'><strong>mandamus,</strong></span> <span class='ocrx_word' id='word_1_146' title='bbox 954 2517 1114 2593; x_wconf 89' lang='lat' dir='ltr'><strong>quatenus</strong></span> <span class='ocrx_word' id='word_1_147' title='bbox 1147 2505 1291 2591; x_wconf 85' lang='lat' dir='ltr'><strong>predicte</strong></span> <span class='ocrx_word' id='word_1_148' title='bbox 1319 2508 1458 2571; x_wconf 88' lang='lat' dir='ltr'><strong>ciuitatis</strong></span> <span class='ocrx_word' id='word_1_149' title='bbox 1489 2505 1645 2586; x_wconf 89' lang='lat' dir='ltr'><strong>homines,</strong></span> <span class='ocrx_word' id='word_1_150' title='bbox 1679 2507 1734 2591; x_wconf 89' lang='lat' dir='ltr'><strong>qui</strong></span> <span class='ocrx_word' id='word_1_151' title='bbox 1766 2505 1827 2571; x_wconf 91' lang='lat' dir='ltr'><strong>boc</strong></span> <span class='ocrx_word' id='word_1_152' title='bbox 1857 2505 1987 2570; x_wconf 88' lang='lat' dir='ltr'><strong>facinus</strong></span> 
     </span>
     <span class='ocr_line' id='line_1_15' title="bbox 302 2609 1987 2698; baseline -0.002 -20"><span class='ocrx_word' id='word_1_153' title='bbox 302 2615 541 2694; x_wconf 88' lang='lat' dir='ltr'><strong>commiserunt,</strong></span> <span class='ocrx_word' id='word_1_154' title='bbox 566 2616 723 2678; x_wconf 86' lang='lat' dir='ltr'><strong>instanter</strong></span> <span class='ocrx_word' id='word_1_155' title='bbox 747 2636 878 2678; x_wconf 87' lang='lat' dir='ltr'><strong>moneas</strong></span> <span class='ocrx_word' id='word_1_156' title='bbox 903 2623 935 2676; x_wconf 91' lang='lat' dir='ltr'><strong>et</strong></span> <span class='ocrx_word' id='word_1_157' title='bbox 957 2613 1102 2677; x_wconf 86' lang='lat' dir='ltr'><strong>districte</strong></span> <span class='ocrx_word' id='word_1_158' title='bbox 1119 2610 1304 2696; x_wconf 90' lang='lat' dir='ltr'><strong>compellas,</strong></span> <span class='ocrx_word' id='word_1_159' title='bbox 1323 2621 1358 2675; x_wconf 91' lang='lat' dir='ltr'><strong>ut</strong></span> <span class='ocrx_word' id='word_1_160' title='bbox 1378 2635 1426 2693; x_wconf 89' lang='lat' dir='ltr'><strong>ca,</strong></span> <span class='ocrx_word' id='word_1_161' title='bbox 1444 2635 1506 2698; x_wconf 89' lang='lat' dir='ltr'><strong>qne</strong></span> <span class='ocrx_word' id='word_1_162' title='bbox 1522 2612 1633 2676; x_wconf 88' lang='lat' dir='ltr'><strong>furtim</strong></span> <span class='ocrx_word' id='word_1_163' title='bbox 1650 2609 1702 2674; x_wconf 84' lang='lat' dir='ltr'><strong>vel</strong></span> <span class='ocrx_word' id='word_1_164' title='bbox 1720 2634 1778 2697; x_wconf 90' lang='lat' dir='ltr'><strong>per</strong></span> <span class='ocrx_word' id='word_1_165' title='bbox 1797 2610 1987 2676; x_wconf 88' lang='lat' dir='ltr'><strong>violentiam</strong></span> 
     </span>
     <span class='ocr_line' id='line_1_16' title="bbox 242 2715 1988 2804; baseline -0.002 -21"><span class='ocrx_word' id='word_1_166' title='bbox 242 2757 248 2770; x_wconf 87' lang='lat'><strong>·</strong></span> <span class='ocrx_word' id='word_1_167' title='bbox 299 2717 365 2783; x_wconf 88' lang='lat' dir='ltr'><strong>filio</strong></span> <span class='ocrx_word' id='word_1_168' title='bbox 389 2717 504 2804; x_wconf 82' lang='lat' dir='ltr'><strong>prefati</strong></span> <span class='ocrx_word' id='word_1_169' title='bbox 530 2719 566 2784; x_wconf 89' lang='lat' dir='ltr'><strong>B.</strong></span> <span class='ocrx_word' id='word_1_170' title='bbox 592 2717 803 2800; x_wconf 89' lang='lat' dir='ltr'><strong>abstulerunt,</strong></span> <span class='ocrx_word' id='word_1_171' title='bbox 828 2717 933 2783; x_wconf 91' lang='lat' dir='ltr'><strong>eidem</strong></span> <span class='ocrx_word' id='word_1_172' title='bbox 958 2719 1137 2804; x_wconf 87' lang='lat' dir='ltr'><strong>postposita</strong></span> <span class='ocrx_word' id='word_1_173' title='bbox 1161 2720 1364 2784; x_wconf 66' lang='lat' dir='ltr'><strong>cuncutione</strong></span> <span class='ocrx_word' id='word_1_174' title='bbox 1390 2720 1563 2782; x_wconf 90' lang='lat' dir='ltr'><strong>remittant.</strong></span> <span class='ocrx_word' id='word_1_175' title='bbox 1601 2715 1697 2795; x_wconf 77' lang='lat' dir='ltr'><strong>Quod</strong></span> <span class='ocrx_word' id='word_1_176' title='bbox 1728 2717 1755 2781; x_wconf 91' lang='lat' dir='ltr'><strong>si</strong></span> <span class='ocrx_word' id='word_1_177' title='bbox 1786 2716 1873 2780; x_wconf 87' lang='lat' dir='ltr'><strong>infra</strong></span> <span class='ocrx_word' id='word_1_178' title='bbox 1911 2740 1988 2781; x_wconf 92' lang='lat' dir='ltr'><strong>con-</strong></span> 
     </span>
     <span class='ocr_line' id='line_1_17' title="bbox 300 2820 1986 2910; baseline -0.001 -23"><span class='ocrx_word' id='word_1_179' title='bbox 300 2845 417 2907; x_wconf 85' lang='lat' dir='ltr'><strong>gruum</strong></span> <span class='ocrx_word' id='word_1_180' title='bbox 441 2825 613 2888; x_wconf 88' lang='lat' dir='ltr'><strong>terminum</strong></span> <span class='ocrx_word' id='word_1_181' title='bbox 637 2847 657 2888; x_wconf 91' lang='lat' dir='ltr'><strong>a</strong></span> <span class='ocrx_word' id='word_1_182' title='bbox 679 2833 712 2888; x_wconf 90' lang='lat' dir='ltr'><strong>te</strong></span> <span class='ocrx_word' id='word_1_183' title='bbox 735 2822 797 2888; x_wconf 87' lang='lat' dir='ltr'><strong>sibi</strong></span> <span class='ocrx_word' id='word_1_184' title='bbox 822 2823 981 2910; x_wconf 87' lang='lat' dir='ltr'><strong>prefixum</strong></span> <span class='ocrx_word' id='word_1_185' title='bbox 1007 2823 1114 2887; x_wconf 80' lang='lat' dir='ltr'><strong>facere</strong></span> <span class='ocrx_word' id='word_1_186' title='bbox 1139 2821 1221 2887; x_wconf 88' lang='lat' dir='ltr'><strong>forte</strong></span> <span class='ocrx_word' id='word_1_187' title='bbox 1250 2824 1423 2904; x_wconf 86' lang='lat' dir='ltr'><strong>renuerint,</strong></span> <span class='ocrx_word' id='word_1_188' title='bbox 1448 2845 1503 2886; x_wconf 87' lang='lat' dir='ltr'><strong>eos</strong></span> <span class='ocrx_word' id='word_1_189' title='bbox 1527 2843 1629 2906; x_wconf 88' lang='lat' dir='ltr'><strong>usquo</strong></span> <span class='ocrx_word' id='word_1_190' title='bbox 1653 2820 1694 2885; x_wconf 85' lang='lat' dir='ltr'><strong>ad</strong></span> <span class='ocrx_word' id='word_1_191' title='bbox 1725 2821 1856 2907; x_wconf 88' lang='lat' dir='ltr'><strong>dignam</strong></span> <span class='ocrx_word' id='word_1_192' title='bbox 1892 2825 1986 2887; x_wconf 88' lang='lat' dir='ltr'><strong>satis-</strong></span> 
     </span>
     <span class='ocr_line' id='line_1_18' title="bbox 301 2926 1983 2996; baseline 0 -5"><span class='ocrx_word' id='word_1_193' title='bbox 301 2928 475 2993; x_wconf 85' lang='lat' dir='ltr'><strong>factionem</strong></span> <span class='ocrx_word' id='word_1_194' title='bbox 511 2929 857 2994; x_wconf 87' lang='lat' dir='ltr'><strong>excommunicationis</strong></span> <span class='ocrx_word' id='word_1_195' title='bbox 892 2927 1022 2994; x_wconf 91' lang='lat' dir='ltr'><strong>viuculo</strong></span> <span class='ocrx_word' id='word_1_196' title='bbox 1057 2951 1121 2993; x_wconf 90' lang='lat' dir='ltr'><strong>non</strong></span> <span class='ocrx_word' id='word_1_197' title='bbox 1163 2927 1294 2993; x_wconf 88' lang='lat' dir='ltr'><strong>differas</strong></span> <span class='ocrx_word' id='word_1_198' title='bbox 1336 2927 1501 2996; x_wconf 88' lang='lat' dir='ltr'><strong>innodare.</strong></span> <span class='ocrx_word' id='word_1_199' title='bbox 1545 2927 1667 2993; x_wconf 87' lang='lat' dir='ltr'><strong>Datum</strong></span> <span class='ocrx_word' id='word_1_200' title='bbox 1713 2927 1896 2996; x_wconf 85' lang='lat' dir='ltr'><strong>Beneventi</strong></span> <span class='ocrx_word' id='word_1_201' title='bbox 1937 2926 1983 2992; x_wconf 88' lang='lat' dir='ltr'><strong>X.</strong></span> 
     </span>
     <span class='ocr_line' id='line_1_19' title="bbox 301 3033 551 3103; baseline 0.012 -5"><span class='ocrx_word' id='word_1_202' title='bbox 301 3033 368 3102; x_wconf 84' lang='lat' dir='ltr'><strong>kal.</strong></span> <span class='ocrx_word' id='word_1_203' title='bbox 391 3034 551 3103; x_wconf 88' lang='lat' dir='ltr'><strong>Januarii.</strong></span> 
     </span>
    </p>
   </div>
   <div class='ocr_carea' id='block_1_8' title="bbox 361 3177 1177 3289">
    <p class='ocr_par' dir='ltr' id='par_1_8' title="bbox 361 3177 1177 3289">
     <span class='ocr_line' id='line_1_20' title="bbox 361 3177 1177 3289; baseline 0 -17"><span class='ocrx_word' id='word_1_204' title='bbox 361 3177 362 3183; x_wconf 18' lang='lat' dir='ltr'><strong>l</strong></span> <span class='ocrx_word' id='word_1_205' title='bbox 450 3217 568 3274; x_wconf 84' lang='lat' dir='ltr'><strong>Farlati.</strong></span> <span class='ocrx_word' id='word_1_206' title='bbox 592 3195 739 3288; x_wconf 83' lang='lat' dir='ltr'><strong>illyricum</strong></span> <span class='ocrx_word' id='word_1_207' title='bbox 762 3217 880 3274; x_wconf 81' lang='lat' dir='ltr'><strong>Sacram</strong></span> <span class='ocrx_word' id='word_1_208' title='bbox 903 3218 938 3278; x_wconf 84' lang='grc' dir='ltr'><strong>Τ.</strong></span> <span class='ocrx_word' id='word_1_209' title='bbox 960 3217 1010 3274; x_wconf 90' lang='lat'>111.</span> <span class='ocrx_word' id='word_1_210' title='bbox 1034 3235 1063 3289; x_wconf 87' lang='lat' dir='ltr'><strong>p.</strong></span> <span class='ocrx_word' id='word_1_211' title='bbox 1091 3217 1177 3278; x_wconf 72' lang='lat'>190..</span> 
     </span>
    </p>
   </div>
   <div class='ocr_carea' id='block_1_9' title="bbox 625 3527 1669 3648">
    <p class='ocr_par' dir='ltr' id='par_1_9' title="bbox 625 3527 1669 3648">
     <span class='ocr_line' id='line_1_21' title="bbox 625 3527 1669 3648; baseline 0.001 -37"><span class='ocrx_word' id='word_1_212' title='bbox 625 3528 734 3611; x_wconf 80' lang='lat' dir='ltr'><strong>OIX.</strong></span> <span class='ocrx_word' id='word_1_213' title='bbox 763 3528 1093 3648; x_wconf 73' lang='lat' dir='ltr'><strong>1168-1lous.</strong></span> <span class='ocrx_word' id='word_1_214' title='bbox 1122 3528 1308 3628; x_wconf 75' lang='lat' dir='ltr'><strong>travnja.</strong></span> <span class='ocrx_word' id='word_1_215' title='bbox 1337 3527 1384 3642; x_wconf 66' lang='lat' dir='ltr'><strong>U,</strong></span> <span class='ocrx_word' id='word_1_216' title='bbox 1402 3527 1669 3612; x_wconf 83' lang='lat' dir='ltr'><strong>Benevento.</strong></span> 
     </span>
    </p>
   </div>
   <div class='ocr_carea' id='block_1_10' title="bbox 302 3679 1990 3784">
    <p class='ocr_par' dir='ltr' id='par_1_10' title="bbox 302 3679 1990 3784">
     <span class='ocr_line' id='line_1_22' title="bbox 302 3679 1990 3784; baseline 0 -14"><span class='ocrx_word' id='word_1_217' title='bbox 302 3709 490 3770; x_wconf 77' lang='lat' dir='ltr'><strong>Aletaandro</strong></span> <span class='ocrx_word' id='word_1_218' title='bbox 513 3709 581 3770; x_wconf 83' lang='lat'><strong><em>111.</em></strong></span> <span class='ocrx_word' id='word_1_219' title='bbox 599 3726 695 3784; x_wconf 77' lang='lat' dir='ltr'><strong>papa,</strong></span> <span class='ocrx_word' id='word_1_220' title='bbox 718 3707 824 3768; x_wconf 65' lang='lat' dir='ltr'><strong>notate</strong></span> <span class='ocrx_word' id='word_1_221' title='bbox 847 3709 1025 3768; x_wconf 72' lang='lat' dir='ltr'><strong>tenacitem</strong></span> <span class='ocrx_word' id='word_1_222' title='bbox 1048 3708 1222 3784; x_wconf 79' lang='lat' dir='ltr'><strong>spljetslsim,</strong></span> <span class='ocrx_word' id='word_1_223' title='bbox 1247 3679 1287 3766; x_wconf 81' lang='lat' dir='ltr'><strong>da</strong></span> <span class='ocrx_word' id='word_1_224' title='bbox 1309 3725 1411 3768; x_wconf 81' lang='lat' dir='ltr'><strong>onoma</strong></span> <span class='ocrx_word' id='word_1_225' title='bbox 1434 3709 1570 3784; x_wconf 75' lang='lat' dir='ltr'><strong>audrupa</strong></span> <span class='ocrx_word' id='word_1_226' title='bbox 1594 3708 1687 3782; x_wconf 77' lang='lat' dir='ltr'><strong>Orac,</strong></span> <span class='ocrx_word' id='word_1_227' title='bbox 1710 3713 1791 3770; x_wconf 79' lang='lat' dir='ltr'><strong>otetu</strong></span> <span class='ocrx_word' id='word_1_228' title='bbox 1813 3710 1990 3770; x_wconf 71' lang='lat' dir='ltr'><strong>tamnitica</strong></span> 
     </span>
    </p>
   </div>
   <div class='ocr_carea' id='block_1_11' title="bbox 1036 3843 1248 3914">
    <p class='ocr_par' dir='ltr' id='par_1_11' title="bbox 1036 3843 1248 3914">
     <span class='ocr_line' id='line_1_23' title="bbox 1036 3843 1248 3914; baseline 0 -14"><span class='ocrx_word' id='word_1_229' title='bbox 1036 3843 1101 3900; x_wconf 79' lang='lat' dir='ltr'><strong>test</strong></span> <span class='ocrx_word' id='word_1_230' title='bbox 1113 3845 1248 3914; x_wconf 79' lang='lat' dir='ltr'><strong>pouratc.</strong></span> 
     </span>
    </p>
   </div>
   <div class='ocr_carea' id='block_1_12' title="bbox 261 4029 1989 4976">
    <p class='ocr_par' dir='ltr' id='par_1_12' title="bbox 261 4029 1989 4976">
     <span class='ocr_line' id='line_1_24' title="bbox 461 4029 1987 4136; baseline 0.001 -24"><span class='ocrx_word' id='word_1_231' title='bbox 461 4048 649 4113; x_wconf 83' lang='lat' dir='ltr'><strong>Alexander</strong></span> <span class='ocrx_word' id='word_1_232' title='bbox 672 4029 847 4133; x_wconf 66' lang='lat' dir='ltr'><strong>episcopus&#39;</strong></span> <span class='ocrx_word' id='word_1_233' title='bbox 868 4069 981 4110; x_wconf 88' lang='lat' dir='ltr'><strong>seruus</strong></span> <span class='ocrx_word' id='word_1_234' title='bbox 1005 4068 1171 4110; x_wconf 89' lang='lat' dir='ltr'><strong>seruorum</strong></span> <span class='ocrx_word' id='word_1_235' title='bbox 1198 4045 1260 4128; x_wconf 92' lang='lat' dir='ltr'><strong>dei,</strong></span> <span class='ocrx_word' id='word_1_236' title='bbox 1285 4045 1410 4111; x_wconf 89' lang='lat' dir='ltr'><strong>dilectis</strong></span> <span class='ocrx_word' id='word_1_237' title='bbox 1435 4045 1512 4111; x_wconf 87' lang='lat' dir='ltr'><strong>filiis</strong></span> <span class='ocrx_word' id='word_1_238' title='bbox 1537 4047 1780 4130; x_wconf 86' lang='lat' dir='ltr'><strong>archidiacono,</strong></span> <span class='ocrx_word' id='word_1_239' title='bbox 1804 4049 1987 4136; x_wconf 87' lang='lat' dir='ltr'><strong>archipres-</strong></span> 
     </span>
     <span class='ocr_line' id='line_1_25' title="bbox 304 4149 1989 4241; baseline -0.001 -22"><span class='ocrx_word' id='word_1_240' title='bbox 304 4154 428 4241; x_wconf 80' lang='lat' dir='ltr'><strong>bytero,</strong></span> <span class='ocrx_word' id='word_1_241' title='bbox 454 4163 486 4218; x_wconf 91' lang='lat' dir='ltr'><strong>et</strong></span> <span class='ocrx_word' id='word_1_242' title='bbox 506 4154 670 4217; x_wconf 88' lang='lat' dir='ltr'><strong>canonicis</strong></span> <span class='ocrx_word' id='word_1_243' title='bbox 695 4151 931 4238; x_wconf 82' lang='lat' dir='ltr'><strong>spalatensibus</strong></span> <span class='ocrx_word' id='word_1_244' title='bbox 957 4149 1093 4216; x_wconf 76' lang='lat' dir='ltr'><strong>salutem</strong></span> <span class='ocrx_word' id='word_1_245' title='bbox 1118 4161 1150 4216; x_wconf 89' lang='lat' dir='ltr'><strong>ct</strong></span> <span class='ocrx_word' id='word_1_246' title='bbox 1172 4151 1380 4237; x_wconf 85' lang='lat' dir='ltr'><strong>apostolicam</strong></span> <span class='ocrx_word' id='word_1_247' title='bbox 1395 4187 1398 4194; x_wconf 74' lang='lat'><em>=</em></span> <span class='ocrx_word' id='word_1_248' title='bbox 1413 4152 1680 4218; x_wconf 85' lang='lat' dir='ltr'><strong>benedictionem.</strong></span> <span class='ocrx_word' id='word_1_249' title='bbox 1714 4154 1870 4236; x_wconf 87' lang='lat' dir='ltr'><strong>Litteras,</strong></span> <span class='ocrx_word' id='word_1_250' title='bbox 1906 4177 1989 4241; x_wconf 89' lang='lat' dir='ltr'><strong>quas</strong></span> 
     </span>
     <span class='ocr_line' id='line_1_26' title="bbox 274 4253 1986 4345; baseline 0 -21"><span class='ocrx_word' id='word_1_251' title='bbox 274 4253 277 4258; x_wconf 70' lang='grc'><strong>’</strong></span> <span class='ocrx_word' id='word_1_252' title='bbox 304 4261 398 4324; x_wconf 88' lang='lat' dir='ltr'><strong>nobis</strong></span> <span class='ocrx_word' id='word_1_253' title='bbox 422 4271 531 4324; x_wconf 89' lang='lat' dir='ltr'><strong>vestra</strong></span> <span class='ocrx_word' id='word_1_254' title='bbox 561 4258 737 4322; x_wconf 86' lang='lat' dir='ltr'><strong>dominatio</strong></span> <span class='ocrx_word' id='word_1_255' title='bbox 771 4257 953 4338; x_wconf 90' lang='lat' dir='ltr'><strong>destinauit,</strong></span> <span class='ocrx_word' id='word_1_256' title='bbox 986 4257 1126 4340; x_wconf 88' lang='lat' dir='ltr'><strong>benigne</strong></span> <span class='ocrx_word' id='word_1_257' title='bbox 1158 4259 1349 4341; x_wconf 83' lang='lat' dir='ltr'><strong>recepimus,</strong></span> <span class='ocrx_word' id='word_1_258' title='bbox 1382 4279 1424 4322; x_wconf 83' lang='lat' dir='ltr'><strong>cx</strong></span> <span class='ocrx_word' id='word_1_259' title='bbox 1456 4281 1593 4344; x_wconf 87' lang='lat' dir='ltr'><strong>quarum</strong></span> <span class='ocrx_word' id='word_1_260' title='bbox 1624 4269 1734 4323; x_wconf 86' lang='lat' dir='ltr'><strong>tenore</strong></span> <span class='ocrx_word' id='word_1_261' title='bbox 1766 4261 1986 4345; x_wconf 86' lang='lat' dir='ltr'><strong>comperimus</strong></span> 
     </span>
     <span class='ocr_line' id='line_1_27' title="bbox 303 4359 1986 4452; baseline 0.002 -26"><span class='ocrx_word' id='word_1_262' title='bbox 303 4367 388 4452; x_wconf 92' lang='lat' dir='ltr'><strong>qnod</strong></span> <span class='ocrx_word' id='word_1_263' title='bbox 413 4365 510 4430; x_wconf 84' lang='lat' dir='ltr'><strong>Cern.</strong></span> <span class='ocrx_word' id='word_1_264' title='bbox 534 4367 771 4429; x_wconf 84' lang='lat' dir='ltr'><strong>concanonicus</strong></span> <span class='ocrx_word' id='word_1_265' title='bbox 795 4376 913 4443; x_wconf 85' lang='lat' dir='ltr'><strong>vester,</strong></span> <span class='ocrx_word' id='word_1_266' title='bbox 938 4361 1075 4426; x_wconf 87' lang='lat' dir='ltr'><strong>ecclesia</strong></span> <span class='ocrx_word' id='word_1_267' title='bbox 1099 4383 1155 4424; x_wconf 87' lang='lat' dir='ltr'><strong>sua</strong></span> <span class='ocrx_word' id='word_1_268' title='bbox 1181 4359 1268 4426; x_wconf 88' lang='lat' dir='ltr'><strong>nulla</strong></span> <span class='ocrx_word' id='word_1_269' title='bbox 1285 4367 1333 4424; x_wconf 87' lang='lat' dir='ltr'><strong>sit</strong></span> <span class='ocrx_word' id='word_1_270' title='bbox 1355 4362 1418 4426; x_wconf 88' lang='lat' dir='ltr'><strong>alra</strong></span> <span class='ocrx_word' id='word_1_271' title='bbox 1440 4363 1481 4427; x_wconf 88' lang='lat' dir='ltr'><strong>de</strong></span> <span class='ocrx_word' id='word_1_272' title='bbox 1505 4386 1604 4426; x_wconf 87' lang='lat' dir='ltr'><strong>causa</strong></span> <span class='ocrx_word' id='word_1_273' title='bbox 1627 4365 1783 4449; x_wconf 86' lang='lat' dir='ltr'><strong>priuatus,</strong></span> <span class='ocrx_word' id='word_1_274' title='bbox 1808 4366 1871 4427; x_wconf 92' lang='lat' dir='ltr'><strong>nisi</strong></span> <span class='ocrx_word' id='word_1_275' title='bbox 1897 4365 1986 4450; x_wconf 89' lang='lat' dir='ltr'><strong>qnod</strong></span> 
     </span>
     <span class='ocr_line' id='line_1_28' title="bbox 304 4466 1987 4556; baseline 0 -22"><span class='ocrx_word' id='word_1_276' title='bbox 304 4493 361 4556; x_wconf 92' lang='lat' dir='ltr'><strong>pro</strong></span> <span class='ocrx_word' id='word_1_277' title='bbox 385 4469 497 4534; x_wconf 91' lang='lat' dir='ltr'><strong>dolore</strong></span> <span class='ocrx_word' id='word_1_278' title='bbox 522 4471 646 4554; x_wconf 87' lang='lat' dir='ltr'><strong>capitis,</strong></span> <span class='ocrx_word' id='word_1_279' title='bbox 671 4473 755 4534; x_wconf 89' lang='lat' dir='ltr'><strong>sicut</strong></span> <span class='ocrx_word' id='word_1_280' title='bbox 778 4471 807 4532; x_wconf 92' lang='lat' dir='ltr'><strong>ei</strong></span> <span class='ocrx_word' id='word_1_281' title='bbox 831 4469 937 4532; x_wconf 87' lang='lat' dir='ltr'><strong>fuerat</strong></span> <span class='ocrx_word' id='word_1_282' title='bbox 960 4469 1150 4548; x_wconf 89' lang='lat' dir='ltr'><strong>iniunctum,</strong></span> <span class='ocrx_word' id='word_1_283' title='bbox 1186 4469 1218 4530; x_wconf 94' lang='lat' dir='ltr'><strong>in</strong></span> <span class='ocrx_word' id='word_1_284' title='bbox 1251 4466 1389 4532; x_wconf 87' lang='lat' dir='ltr'><strong>ecclesia</strong></span> <span class='ocrx_word' id='word_1_285' title='bbox 1420 4467 1529 4554; x_wconf 84' lang='lat' dir='ltr'><strong>legere</strong></span> <span class='ocrx_word' id='word_1_286' title='bbox 1563 4469 1664 4533; x_wconf 90' lang='lat' dir='ltr'><strong>semel</strong></span> <span class='ocrx_word' id='word_1_287' title='bbox 1696 4469 1851 4552; x_wconf 84' lang='lat' dir='ltr'><strong>neglexit.</strong></span> <span class='ocrx_word' id='word_1_288' title='bbox 1889 4469 1987 4534; x_wconf 90' lang='lat' dir='ltr'><strong>Unde</strong></span> 
     </span>
     <span class='ocr_line' id='line_1_29' title="bbox 304 4571 1989 4660; baseline 0.001 -22"><span class='ocrx_word' id='word_1_289' title='bbox 304 4577 454 4660; x_wconf 86' lang='lat' dir='ltr'><strong>quoniam</strong></span> <span class='ocrx_word' id='word_1_290' title='bbox 479 4573 539 4638; x_wconf 87' lang='lat' dir='ltr'><strong>bec</strong></span> <span class='ocrx_word' id='word_1_291' title='bbox 562 4574 665 4638; x_wconf 88' lang='lat' dir='ltr'><strong>facilis</strong></span> <span class='ocrx_word' id='word_1_292' title='bbox 697 4585 728 4640; x_wconf 92' lang='lat' dir='ltr'><strong>et</strong></span> <span class='ocrx_word' id='word_1_293' title='bbox 756 4572 837 4638; x_wconf 85' lang='lat' dir='ltr'><strong>levis</strong></span> <span class='ocrx_word' id='word_1_294' title='bbox 874 4573 969 4659; x_wconf 90' lang='lat' dir='ltr'><strong>culpa</strong></span> <span class='ocrx_word' id='word_1_295' title='bbox 1003 4572 1072 4653; x_wconf 81' lang='lat' dir='ltr'><strong>fuit,</strong></span> <span class='ocrx_word' id='word_1_296' title='bbox 1108 4595 1205 4657; x_wconf 82' lang='lat' dir='ltr'><strong>quum</strong></span> <span class='ocrx_word' id='word_1_297' title='bbox 1241 4571 1390 4637; x_wconf 90' lang='lat' dir='ltr'><strong>debuerit</strong></span> <span class='ocrx_word' id='word_1_298' title='bbox 1424 4577 1469 4638; x_wconf 88' lang='lat' dir='ltr'><strong>ita</strong></span> <span class='ocrx_word' id='word_1_299' title='bbox 1503 4573 1583 4639; x_wconf 90' lang='lat' dir='ltr'><strong>dure</strong></span> <span class='ocrx_word' id='word_1_300' title='bbox 1618 4575 1759 4656; x_wconf 86' lang='lat' dir='ltr'><strong>tractari,</strong></span> <span class='ocrx_word' id='word_1_301' title='bbox 1798 4573 1989 4640; x_wconf 86' lang='lat' dir='ltr'><strong>discretioni</strong></span> 
     </span>
     <span class='ocr_line' id='line_1_30' title="bbox 303 4679 1989 4766; baseline 0.001 -22"><span class='ocrx_word' id='word_1_302' title='bbox 303 4692 411 4745; x_wconf 85' lang='lat' dir='ltr'><strong>vestre</strong></span> <span class='ocrx_word' id='word_1_303' title='bbox 436 4703 494 4765; x_wconf 91' lang='lat' dir='ltr'><strong>per</strong></span> <span class='ocrx_word' id='word_1_304' title='bbox 514 4680 693 4766; x_wconf 89' lang='lat' dir='ltr'><strong>apostolica</strong></span> <span class='ocrx_word' id='word_1_305' title='bbox 717 4681 837 4766; x_wconf 85' lang='lat' dir='ltr'><strong>scripta</strong></span> <span class='ocrx_word' id='word_1_306' title='bbox 861 4680 1061 4760; x_wconf 87' lang='lat' dir='ltr'><strong>mandamus,</strong></span> <span class='ocrx_word' id='word_1_307' title='bbox 1098 4690 1268 4764; x_wconf 85' lang='lat' dir='ltr'><strong>quatenus,</strong></span> <span class='ocrx_word' id='word_1_308' title='bbox 1304 4681 1330 4744; x_wconf 87' lang='lat' dir='ltr'><strong>si</strong></span> <span class='ocrx_word' id='word_1_309' title='bbox 1366 4679 1431 4744; x_wconf 88' lang='lat' dir='ltr'><strong>alia</strong></span> <span class='ocrx_word' id='word_1_310' title='bbox 1467 4703 1565 4745; x_wconf 88' lang='lat' dir='ltr'><strong>causa</strong></span> <span class='ocrx_word' id='word_1_311' title='bbox 1600 4703 1663 4745; x_wconf 94' lang='lat' dir='ltr'><strong>non</strong></span> <span class='ocrx_word' id='word_1_312' title='bbox 1698 4680 1759 4745; x_wconf 82' lang='lat' dir='ltr'><strong>luit</strong></span> <span class='ocrx_word' id='word_1_313' title='bbox 1790 4703 1847 4746; x_wconf 88' lang='lat' dir='ltr'><strong>sue</strong></span> <span class='ocrx_word' id='word_1_314' title='bbox 1881 4684 1989 4764; x_wconf 87' lang='lat' dir='ltr'><strong>priua-</strong></span> 
     </span>
     <span class='ocr_line' id='line_1_31' title="bbox 304 4785 1987 4872; baseline 0.002 -22"><span class='ocrx_word' id='word_1_315' title='bbox 304 4788 409 4864; x_wconf 85' lang='lat' dir='ltr'><strong>tionis,</strong></span> <span class='ocrx_word' id='word_1_316' title='bbox 436 4787 495 4849; x_wconf 89' lang='lat' dir='ltr'><strong>nisi</strong></span> <span class='ocrx_word' id='word_1_317' title='bbox 519 4807 614 4871; x_wconf 90' lang='lat' dir='ltr'><strong>quam</strong></span> <span class='ocrx_word' id='word_1_318' title='bbox 639 4785 733 4850; x_wconf 87' lang='lat' dir='ltr'><strong>nobis</strong></span> <span class='ocrx_word' id='word_1_319' title='bbox 756 4787 963 4872; x_wconf 86' lang='lat' dir='ltr'><strong>exposuistis,</strong></span> <span class='ocrx_word' id='word_1_320' title='bbox 988 4788 1015 4850; x_wconf 92' lang='lat' dir='ltr'><strong>ei</strong></span> <span class='ocrx_word' id='word_1_321' title='bbox 1042 4786 1211 4850; x_wconf 88' lang='lat' dir='ltr'><strong>ecclesiam</strong></span> <span class='ocrx_word' id='word_1_322' title='bbox 1237 4808 1337 4866; x_wconf 92' lang='lat' dir='ltr'><strong>suam,</strong></span> <span class='ocrx_word' id='word_1_323' title='bbox 1362 4787 1449 4849; x_wconf 89' lang='lat' dir='ltr'><strong>omni</strong></span> <span class='ocrx_word' id='word_1_324' title='bbox 1474 4789 1683 4850; x_wconf 87' lang='lat' dir='ltr'><strong>excusatione</strong></span> <span class='ocrx_word' id='word_1_325' title='bbox 1708 4797 1741 4851; x_wconf 91' lang='lat' dir='ltr'><strong>et</strong></span> <span class='ocrx_word' id='word_1_326' title='bbox 1767 4785 1987 4872; x_wconf 83' lang='lat' dir='ltr'><strong>appellatione</strong></span> 
     </span>
     <span class='ocr_line' id='line_1_32' title="bbox 261 4891 1987 4976; baseline 0.002 -20"><span class='ocrx_word' id='word_1_327' title='bbox 261 4917 264 4923; x_wconf 91' lang='lat'><em>·</em></span> <span class='ocrx_word' id='word_1_328' title='bbox 305 4902 460 4973; x_wconf 85' lang='lat' dir='ltr'><strong>cessante,</strong></span> <span class='ocrx_word' id='word_1_329' title='bbox 483 4893 514 4955; x_wconf 93' lang='lat' dir='ltr'><strong>in</strong></span> <span class='ocrx_word' id='word_1_330' title='bbox 538 4894 698 4976; x_wconf 84' lang='lat' dir='ltr'><strong>integrum</strong></span> <span class='ocrx_word' id='word_1_331' title='bbox 723 4893 914 4956; x_wconf 87' lang='lat' dir='ltr'><strong>auctoritate</strong></span> <span class='ocrx_word' id='word_1_332' title='bbox 937 4902 1048 4954; x_wconf 88' lang='lat' dir='ltr'><strong>nostra</strong></span> <span class='ocrx_word' id='word_1_333' title='bbox 1071 4893 1255 4973; x_wconf 88' lang='lat' dir='ltr'><strong>restituatis,</strong></span> <span class='ocrx_word' id='word_1_334' title='bbox 1282 4901 1314 4954; x_wconf 87' lang='lat' dir='ltr'><strong>et</strong></span> <span class='ocrx_word' id='word_1_335' title='bbox 1333 4892 1364 4954; x_wconf 92' lang='lat' dir='ltr'><strong>in</strong></span> <span class='ocrx_word' id='word_1_336' title='bbox 1390 4913 1468 4976; x_wconf 85' lang='lat' dir='ltr'><strong>paee</strong></span> <span class='ocrx_word' id='word_1_337' title='bbox 1492 4891 1617 4957; x_wconf 85' lang='lat' dir='ltr'><strong>faciatis</strong></span> <span class='ocrx_word' id='word_1_338' title='bbox 1642 4893 1772 4958; x_wconf 88' lang='lat' dir='ltr'><strong>dimitti.</strong></span> <span class='ocrx_word' id='word_1_339' title='bbox 1796 4893 1882 4958; x_wconf 87' lang='lat' dir='ltr'><strong>Satis</strong></span> <span class='ocrx_word' id='word_1_340' title='bbox 1899 4897 1987 4960; x_wconf 89' lang='lat' dir='ltr'><strong>enim</strong></span> 
     </span>
    </p>
   </div>
   <div class='ocr_carea' id='block_1_13' title="bbox 305 4994 2104 5085">
    <p class='ocr_par' dir='ltr' id='par_1_13' title="bbox 305 4994 2104 5085">
     <span class='ocr_line' id='line_1_33' title="bbox 305 4994 2104 5085; baseline 0.004 -26"><span class='ocrx_word' id='word_1_341' title='bbox 305 4997 365 5061; x_wconf 86' lang='lat' dir='ltr'><strong>suit</strong></span> <span class='ocrx_word' id='word_1_342' title='bbox 389 4999 416 5059; x_wconf 92' lang='lat' dir='ltr'><strong>ei</strong></span> <span class='ocrx_word' id='word_1_343' title='bbox 441 4997 481 5061; x_wconf 88' lang='lat' dir='ltr'><strong>ad</strong></span> <span class='ocrx_word' id='word_1_344' title='bbox 505 5021 620 5084; x_wconf 89' lang='lat' dir='ltr'><strong>penam</strong></span> <span class='ocrx_word' id='word_1_345' title='bbox 645 4997 814 5084; x_wconf 88' lang='lat' dir='ltr'><strong>usquead</strong></span> <span class='ocrx_word' id='word_1_346' title='bbox 838 5021 897 5063; x_wconf 89' lang='lat' dir='ltr'><strong>nos</strong></span> <span class='ocrx_word' id='word_1_347' title='bbox 921 4996 1080 5062; x_wconf 84' lang='lat' dir='ltr'><strong>laborare.</strong></span> <span class='ocrx_word' id='word_1_348' title='bbox 1106 4997 1139 5062; x_wconf 80' lang='lat' dir='ltr'><strong>si</strong></span> <span class='ocrx_word' id='word_1_349' title='bbox 1163 5007 1270 5060; x_wconf 87' lang='lat' dir='ltr'><strong>autem</strong></span> <span class='ocrx_word' id='word_1_350' title='bbox 1295 5018 1352 5082; x_wconf 90' lang='lat' dir='ltr'><strong>pro</strong></span> <span class='ocrx_word' id='word_1_351' title='bbox 1383 4994 1447 5060; x_wconf 85' lang='lat' dir='ltr'><strong>alia</strong></span> <span class='ocrx_word' id='word_1_352' title='bbox 1483 4996 1578 5084; x_wconf 89' lang='lat' dir='ltr'><strong>culpa</strong></span> <span class='ocrx_word' id='word_1_353' title='bbox 1607 4995 1668 5062; x_wconf 87' lang='lat' dir='ltr'><strong>fuit</strong></span> <span class='ocrx_word' id='word_1_354' title='bbox 1701 4998 1893 5085; x_wconf 87' lang='lat' dir='ltr'><strong>expoliatus,</strong></span> <span class='ocrx_word' id='word_1_355' title='bbox 1927 5023 1988 5066; x_wconf 89' lang='lat' dir='ltr'><strong>vos</strong></span> <span class='ocrx_word' id='word_1_356' title='bbox 2094 5061 2104 5073; x_wconf 85' lang='lat'><strong>,</strong></span> 
     </span>
    </p>
   </div>
   <div class='ocr_carea' id='block_1_14' title="bbox 458 5280 575 5342">
    <p class='ocr_par' dir='ltr' id='par_1_14' title="bbox 458 5280 575 5342">
     <span class='ocr_line' id='line_1_34' title="bbox 458 5280 575 5342; baseline -0.017 0"><span class='ocrx_word' id='word_1_357' title='bbox 458 5280 469 5316; x_wconf 91' lang='lat'><strong>¹</strong></span> <span class='ocrx_word' id='word_1_358' title='bbox 491 5284 575 5342; x_wconf 65' lang='lat' dir='ltr'><strong>«leffe.</strong></span> 
     </span>
    </p>
   </div>
   <div class='ocr_carea' id='block_1_15' title="bbox 0 0 2159 5924">
    <p class='ocr_par' dir='ltr' id='par_1_15' title="bbox 0 0 2159 5924">
     <span class='ocr_line' id='line_1_35' title="bbox 0 0 2159 5924; baseline 0 0"><span class='ocrx_word' id='word_1_359' title='bbox 0 0 2159 5924; x_wconf 95' lang='lat' dir='ltr'><strong> </strong></span> 
     </span>
    </p>
   </div>
  </div>
 </body>
</html>
