4292 5926
1807 411 1851 477 25

169 605 445 670 consecrationem
470 605 639 670 statuimus
663 605 834 683 reseruari,
860 613 953 668 uteo
977 605 1177 690 inquisitore,
1201 612 1297 690 atque
1321 602 1464 684 custode,
1489 583 1562 668 card
1586 611 1693 668 certus
1719 602 1850 668 licentis

167 707 284 774 modus
307 711 491 795 imponitur,
516 708 735 774 ecclesiastice
759 707 930 796 discipline
952 712 984 774 in
1009 710 1158 778 omnibus
1183 709 1261 774 ordo
1287 719 1443 774 seruetur.
1468 707 1556 774 Bene
1581 708 1697 774 valete.

315 814 388 898 Ego
411 811 571 880 callixtus
595 813 752 880 catholice
775 814 911 881 ecclesie
935 818 1105 902 episcopus
1129 816 1254 902 scripsi.

318 920 405 986 Data
427 921 606 986 Beneuenti
630 943 688 1007 per
722 943 851 986 manum
887 919 1062 1006 Grisogoui
1095 931 1206 986 sancte
1237 943 1368 989 romane
1405 919 1541 986 ecclesia
1576 921 1704 986 diaconi
1741 919 1843 985 cardi·

165 1025 250 1090 nalis
266 1049 304 1091 ac
321 1025 569 1092 bibliothecarii.
594 1026 670 1091 IIII.
690 1025 820 1092 kalend.
844 1025 996 1106 octobris,
1020 1025 1195 1091 indictione
1213 1025 1323 1090 XIIII.
1341 1025 1570 1091 incarnationis
1587 1025 1747 1090 dominice
1764 1032 1847 1088 anno

163 1129 326 1197 MOXXI.
351 1133 556 1218 pontificatus
579 1141 687 1197 autem
711 1132 833 1196 domini
859 1131 993 1198 Oallixti
1017 1131 1058 1198 11.
1086 1153 1177 1218 pape,
1201 1153 1286 1196 anno
1310 1131 1355 1195 Π.

319 1331 476 1390 Bullatium
499 1331 581 1388 dubr.
604 1331 680 1388 hako
701 1349 770 1406 gere
794 1336 843 1386 str.
869 1332 920 1388 25.
945 1331 954 1385 i
979 1327 1054 1385 373.

651 1623 831 1707 XXXV.
858 1625 968 1708 1124.
994 1625 1181 1725 mjcscca
1207 1624 1369 1726 srpnja

161 1801 290 1876 8116666
314 1799 365 1863 ΙΙ.
390 1806 470 1878 lorolj
492 1805 628 1864 trontola·
649 1805 661 1863 i
682 1805 806 1878 upcrslu'
816 1803 989 1878 potcrdjrp'c
1013 1805 1208 1880 Tropiroaom
1230 1807 1242 1862 i
1266 1803 1466 1878 Splr'ettoaom
1488 1821 1547 1863 ona
1568 1819 1674 1885 procu,
1709 1802 1779 1876 hojo
1801 1803 1841 1861 161
1929 1823 1936 1834 “

608 1911 722 1984 podioli
744 1909 825 1982 teratj
849 1909 1005 1981 Kalamon,
1029 1911 1153 1971 obverso
1176 1929 1207 1972 sc
1229 1911 1398 1971 rohlctuom.

313 2098 386 2184 Ego
403 2097 585 2184 Stephanus
602 2097 771 2165 Colomani
787 2099 873 2183 regis
889 2097 985 2181 filine,
1002 2123 1062 2164 rex
1078 2100 1255 2184 Hungarie,
1276 2098 1416 2178 Oroatia,
1442 2109 1540 2185 atque
1556 2097 1729 2163 Dalmatis}
1750 2095 1846 2163 Auno

166 2205 331 2270 dominice
354 2206 583 2270 incarnationis
608 2203 799 2270 MOXXIV.
824 2204 1001 2270 indictione
1025 2205 1177 2288 secunda,
1203 2229 1312 2270 mense
1336 2205 1423 2288 iulio,
1450 2227 1533 2268 nono
1556 2227 1640 2270 anno
1661 2206 1752 2290 regni
1769 2205 1842 2270 mei.

163 2309 314 2374 Eandem
339 2309 519 2376 libertatem
545 2322 577 2374 61
600 2333 712 2397 pacem
736 2333 755 2374 6
779 2319 869 2396 patre
895 2331 965 2375 meo
989 2311 1083 2376 vobis
1108 2312 1298 2397 Tragurinis
1323 2320 1355 2375 et
1378 2309 1555 2396 Spalatinis
1586 2309 1712 2374 ciuibus
1748 2309 1845 2373 stabi·

165 2415 268 2492 litam,
289 2437 361 2478 cum
386 2417 537 2502 episcopo
562 2427 594 2480 et
617 2417 791 2482 comitibus
816 2427 847 2481 61
871 2417 1020 2481 omnibus
1045 2420 1136 2502 regni
1161 2421 1223 2481 mei
1248 2417 1458 2503 principibus,
1482 2416 1543 2480 sub
1572 2414 1716 2480 eiusdem
1739 2437 1843 2480 sacra·

162 2523 263 2584 menti
288 2520 484 2604 obligatione
505 2522 659 2586 confirmo
684 2535 715 2586 61
739 2521 922 2587 corroboro.
949 2522 1019 2606 Ego
1035 2523 1211 2588 Marcellus
1229 2523 1452 2607 strigoniensis
1468 2521 1731 2608 archiepiscopus
1748 2520 1844 2585 laudo

165 2635 202 2692 et
223 2628 387 2692 confirmo.
421 2625 493 2711 Ego
524 2625 701 2711 Gregorius
734 2627 901 2692 baacensis
934 2627 1196 2714 archiepiscopus
1232 2627 1328 2693 laudo
1364 2639 1395 2692 61
1430 2631 1594 2694 confirmo.
1629 2627 1699 2712 Ego
1731 2627 1842 2691 Simon

165 2731 458 2816 Quinqueccclesie
486 2734 655 2818 episcopus
684 2733 779 2798 laudo
807 2745 839 2797 61
855 2733 1020 2798 confirmo.
1043 2733 1115 2818 Ego
1133 2731 1325 2798 Ambrosius
1342 2735 1512 2819 episcopus
1529 2734 1729 2815 iauariensis,
1748 2731 1843 2796 laudo

162 2847 199 2901 et
221 2836 386 2902 confirmo.
410 2836 482 2921 Ego
508 2837 660 2902 Clodiane
690 2841 698 2877 ¹
723 2861 830 2904 comes
854 2838 1006 2902 laudo'et
1032 2839 1196 2902 confirmo.
1222 2839 1291 2924 Ego
1323 2839 1451 2903 Marcus
1477 2839 1572 2903 laudo
1607 2849 1639 2903 et
1673 2839 1838 2904 confirmo.

158 2941 235 3028 Ego
259 2941 453 3008 Lambcrtus
489 2966 597 3008 comes
622 2943 717 3008 laudo
742 2955 773 3008 et
796 2943 961 3009 confirmo.
995 2943 1066 3028 Ego
1090 2945 1199 3009 Bucco
1231 2943 1347 3010 Comes
1381 2945 1476 3008 laudo
1508 2955 1540 3008 et
1570 2943 1750 3008 confirmo.
1772 2942 1843 3027 Ego

161 3047 319 3111 Nicolans
344 3048 439 3113 laudo
463 3059 494 3113 et
517 3050 682 3116 confirmo.
707 3049 778 3136 Ego
800 3049 943 3114 Jacobus
967 3071 1076 3115 comes
1098 3050 1193 3116 laudo
1215 3059 1247 3114 et
1269 3053 1433 3116 confirmo.
1466 3049 1538 3134 Ego
1568 3047 1701 3133 Sergius
1733 3069 1842 3112 comes

165 3152 262 3219 laudo
287 3163 319 3218 et
342 3153 507 3220 confirmo.

313 3353 428 3408 Lucius.
448 3353 492 3408 De
515 3355 613 3426 Regno
637 3355 731 3410 Dalnr.
755 3363 785 3412 et
807 3356 939 3412 croatiae
959 3357 1022 3412 Lib.
1048 3357 1099 3415 lll.
1124 3357 1157 3416 C.
1183 3357 1233 3416 IV.
1258 3359 1394 3414 Memorio
1414 3360 1441 3414 di
1467 3361 1554 3418 Trau.
1579 3363 1695 3420 11120,

831 3645 1032 3730 XXXVI.
1062 3649 1173 3732 1124.

344 3822 469 3884 Ursacio
489 3825 595 3899 111166
619 3827 631 3885 1
653 3827 778 3886 61611616
800 3827 949 3902 lectoratu,
974 3829 1130 3902 6611611116
1153 3830 1245 3889 ortua
1267 3847 1309 3891 av.
1337 3830 1468 3904 Trifana
1490 3849 1512 3891 c
1536 3833 1660 3892 Kotoru.

320 4011 356 4074 In
381 4013 509 4076 nomine
530 4013 630 4098 patria
654 4024 685 4078 et
708 4013 766 4078 lilii
792 4024 823 4078 61
846 4015 976 4100 spiritus
996 4016 1099 4078 sancti
1115 4037 1220 4080 amen.
1246 4015 1343 4082 Annd
1363 4015 1570 4086 MCXXIIII.
1596 4019 1668 4106 Ego
1686 4019 1842 4087 Ursacius

162 4119 335 4202 episcopus
358 4138 516 4181 unacum
539 4118 622 4182 lllele
644 4121 751 4206 priore
775 4130 807 4184 61
830 4121 993 4186 nobilibus
1014 4121 1268 4204 catharensibus,
1293 4123 1326 4186 in
1349 4123 1461 4208 primis
1485 4123 1624 4190 Businas
1642 4125 1842 4212 Catapanus,

163 4220 326 4306 Georgius
351 4221 391 4286 do
414 4221 578 4304 Gurhana‚
605 4223 759 4289 Euaicius
782 4223 888 4290 Bollia
911 4226 951 4290 de
976 4226 1078 4290 Groui
1103 4225 1206 4308 Orosi,
1231 4227 1304 4291 Vita
1326 4227 1507 4309 Dabrazze,
1539 4229 1683 4316 Triphon
1708 4232 1748 4297 de
1773 4232 1839 4297 Do-

163 4349 267 4408 mana,
293 4325 450 4392 Ursacius
474 4328 513 4392 de
537 4327 647 4410 Visao,
672 4329 803 4395 Simeon
827 4331 928 4414 Pauli,
962 4330 1078 4398 Vitalis
1102 4333 1141 4398 de
1174 4331 1321 4398 Graeana
1350 4333 1467 4416 Derza,
1499 4335 1632 4421 Sergius
1664 4337 1704 4402 de
1734 4337 1856 4421 Budas

162 4431 271 4497 Micha
293 4432 334 4498 de
358 4431 465 4516 Belen,
489 4431 664 4499 Goislauus
690 4437 802 4518 Derze,
826 4435 987 4518 Baliazza,
1023 4437 1073 4502 bis
1107 4447 1139 4503 et
1174 4438 1272 4503 semel
1296 4439 1480 4518 consiliarii,
1517 4443 1717 4526 pulsauimus
1753 4466 1840 4508 cam·

166 4558 284 4622 punam
342 4587 350 4602 .
375 4537 532 4602 donamus
554 4539 698 4604 tumbam
724 4543 825 4606 sancti
851 4542 1035 4628 archangeli
1060 4544 1100 4608 ad
1125 4543 1293 4608 ecclesiam
1319 4547 1420 4610 sancti
1446 4545 1629 4632 Triphonis‚
1656 4549 1842 4617 videlieetc

161 4642 259 4717 Vaiae
284 4642 451 4728 usquead
475 4642 564 4709 littus
589 4647 695 4726 maris,
720 4656 751 4710 et
775 4670 793 4710 a
817 4645 923 4712 littore
947 4649 1044 4712 maris
1072 4671 1174 4734 usque
1198 4651 1239 4714 ad
1257 4649 1366 4729 Vnica,
1391 4698 1398 4715 .
1428 4702 1435 4716 .
1459 4650 1494 4714 Si
1511 4651 1629 4737 aliquis
1646 4664 1733 4718 61161
1749 4653 1841 4720 heres

162 4747 193 4810 16
219 4747 332 4814 eadem
356 4749 497 4814 tumba.
524 4801 530 4816 .
556 4753 609 4836 qui
635 4775 746 4816 omnes
772 4755 1028 4818 unanimiter..
1053 4753 1214 4833 Quoniam
1239 4755 1327 4820 nulla
1351 4756 1490 4822 humana
1515 4781 1653 4844 persona
1669 4759 1767 4824 habet
1782 4761 1840 4824 ali·

161 4873 257 4938 quam
283 4852 495 4920 hereditatem
520 4857 554 4920 in
580 4857 692 4922 eadem
726 4858 846 4936 tumba,
881 4869 974 4924 extra
1006 4871 1143 4947 quatuor
1174 4861 1227 4926 vel
1260 4865 1401 4948 quinque
1426 4910 1434 4927 .
1460 4911 1467 4927 .
1493 4885 1556 4950 que
1588 4874 1663 4928 sunt
1694 4889 1713 4928 a
1747 4875 1837 4952 parte

161 4959 263 5023 sancti
288 4958 462 5024 Vincentit'.
487 4961 529 5024 Et
552 4961 635 5027 hano
659 4964 863 5028 donationem
889 4967 916 5029 si
936 4966 1055 5052 aliquis
1079 4989 1230 5054 rumpere
1254 4971 1470 5054 temptauerit,
1496 4968 1548 5033 vel
1570 4969 1763 5034 calumniam
1792 4970 1837 5036 fe-

158 5065 245 5143 cerit,
270 5087 312 5129 ex
336 5076 427 5151 parte
449 5066 501 5131 dei
526 5070 753 5152 omnipotentis
779 5081 811 5134 et
834 5071 927 5135 beate
952 5071 1053 5136 Maria
1078 5095 1205 5159 semper
1236 5074 1382 5158 virginis,
1413 5085 1445 5139 et
1476 5077 1618 5140 omnium
1652 5087 1837 5142 sanctorum

163 5189 425 5202 —m—

311 5243 320 5279 ¹
343 5246 433 5303 Lucid
457 5267 474 5304 n
498 5249 634 5308 Memoria
657 5252 687 5308 di
711 5253 789 5308 'l'rau
812 5254 867 5310 ima
892 5253 998 5313 Adelfo
1021 5263 1113 5312 conte.
