4310 5918
675 571 909 654 onxvln.
937 570 1049 654 lota.
1077 569 1113 654 U
1138 571 1292 654 Zadru.

81 770 86 779 ·
148 746 238 804 Peter
259 745 362 834 lupun
385 744 530 816 sidrodlsi,
557 762 594 804 so
627 746 731 818 srojtm
763 746 876 804 marom
907 723 1063 814 Slooteom,
1093 744 1200 818 doraje
1232 761 1287 802 sou
1307 742 1411 816 posjed
1432 759 1522 815 srvopa
1544 747 1610 800 otoo
1635 740 1787 808 Semiusta.
1810 760 1831 800 u

546 851 653 922 miestu
678 850 819 920 Obroucu,
841 856 1014 910 sumostonu
1037 869 1079 912 aa.
1105 851 1263 909 Krsevana
1285 867 1306 908 u
1330 847 1443 908 Zodru.

309 1025 330 1103 †
354 1020 506 1098 Annoab
531 1023 748 1086 incarnatione
771 1022 891 1086 domini
911 1021 1012 1087 nostri
1028 1019 1131 1086 Jhesu
1155 1017 1276 1088 Christi
1302 1018 1471 1084 millesimo
1496 1017 1635 1102 LXXII,
1657 1019 1832 1084 indictione

149 1126 217 1191 Vll.
243 1125 318 1213 (X).
351 1125 423 1211 Ego
444 1125 558 1190 Petrus
591 1128 728 1212 iupnnus
752 1126 791 1190 de
816 1127 954 1211 Sdraga
984 1141 1056 1191 cum
1088 1125 1216 1190 Slauizo
1243 1123 1350 1208 fratre,
1385 1147 1442 1210 pro
1467 1125 1643 1188 remedium
1668 1121 1742 1210 (sic)
1765 1125 1832 1190 ani·
1879 1167 1889 1178 ·

145 1255 268 1296 marum
309 1243 492 1296 nostrarum
528 1242 560 1295 et
599 1243 766 1318 parentum
780 1231 1003 1298 defunctorum
1031 1231 1123 1295 trado
1159 1233 1190 1294 in
1207 1231 1388 1296 cenobium.
1407 1232 1508 1294 sancti
1541 1229 1713 1314 Grisogoni
1738 1251 1832 1293 omne

25 1421 27 1434 .
144 1339 330 1401 territorum
363 1337 449 1423 quod
483 1341 573 1422 pater
597 1359 687 1402 meus
712 1337 848 1402 Semiuit
872 1336 1025 1423 possedit,
1049 1337 1079 1400 iu
1106 1335 1175 1400 loco
1209 1335 1295 1421 quod
1328 1334 1496 1422 appelatur
1527 1333 1675 1400 Brauiao.
1699 1334 1732 1400 Si
1757 1335 1828 1420 quis

141 1453 248 1506 autern
277 1442 338 1506 hoc
361 1445 485 1506 irritare
510 1445 725 1527 temptauerit,
748 1443 834 1528 quod
852 1453 955 1526 cauet,
979 1443 1151 1528 repperiet,
1176 1441 1260 1527 quod
1287 1443 1366 1506 uitat
1383 1442 1532 1504 inueniat.
1557 1441 1673 1504 Actum
1699 1441 1730 1502 in
1755 1439 1832 1504 ciui·

142 1559 204 1611 tate
227 1547 363 1630 Jadera,
389 1560 537 1634 presente
562 1547 655 1612 Petro
679 1547 806 1626 abbate,
831 1547 970 1612 Martino
994 1549 1212 1628 corneroiario,
1237 1547 1336 1628 testis,
1361 1545 1475 1630 Sergio
1498 1547 1598 1626 testis,
1623 1544 1719 1626 Maio,
1748 1543 1833 1608 lilius

141 1651 293 1716 Cernens
317 1656 416 1735 testis,
439 1652 586 1739 Neuprat
610 1653 709 1716 testis.

307 1757 376 1842 Ego
400 1758 505 1824 Adam
531 1769 663 1842 rogatus
686 1783 706 1821 a
729 1758 881 1841 predictis
906 1757 1062 1824 fratribus
1086 1781 1183 1824 manu
1208 1781 1279 1822 mea
1304 1759 1430 1844 scripsi.
1541 1745 1547 1761 ⁸

304 1907 408 1961 Matisa
432 1923 468 1961 na
492 1907 661 1976 pergameni.
687 1905 712 1960 U
736 1906 833 1961 arkivu
858 1905 985 1960 zadarsk.
1008 1905 1066 1976 gub
1104 1904 1192 1975 Caps-
1216 1904 1319 1960 xvlu.
1345 1903 1394 1960 Νι,
1419 1903 1490 1958 sot.

740 2197 931 2280 CthX.
958 2195 1049 2278 (tko
1077 2219 1115 2298 g.
1143 2195 1256 2279 lota.

142 2373 275 2434 armeni
287 2377 356 2434 abor
365 2375 687 2449 rodorslotpotvrdjuje
695 2382 868 2436 somostanu
881 2377 1086 2452 kotuda'ericoh
1098 2395 1141 2440 so.
1156 2377 1270 2450 Marije
1282 2395 1303 2435 u
1316 2375 1429 2446 Zadris,
1441 2375 1605 2446 doronam'e
1617 2377 1704 2436 otolm
1717 2375 1833 2438 attona.

304 2547 497 2612 Laurentius
521 2548 571 2612 dei
596 2549 706 2632 gracia
729 2547 920 2633 spalatensis
944 2549 1030 2614 sedis
1054 2545 1324 2634 archiepiscopus,
1349 2545 1525 2630 A(ndreas)
1549 2545 1725 2614 iadertinus
1749 2519 1845 2633 epis·x

139 2673 248 2738 copus,
267 2652 393 2735 Petrus,
407 2653 553 2718 arbensis
573 2655 753 2740 episcopus,
772 2652 895 2735 Petrus,
914 2653 1083 2718 vecliensis
1101 2657 1280 2740 episcopus.
1298 2652 1489 2738 (lohannes)
1505 2653 1715 2736 traguriensis
1732 2654 1829 2738 episc.

142 2756 174 2819 B.
199 2756 427 2841 belgradensis
450 2761 548 2846 episc.
573 2758 613 2822 A.
631 2760 782 2823 nonensis
796 2761 894 2844 episc.
919 2757 959 2822 G.
985 2759 1086 2822 abbas
1111 2759 1294 2823 monasterii
1323 2781 1347 2824 s.
1363 2755 1567 2840 Chrisogoni,
1590 2755 1780 2822 Theodorus
1806 2779 1830 2822 s.

140 2861 309 2947 Stephani,
334 2861 447 2928 Petrus
472 2887 497 2927 s.
512 2863 645 2946 Nicolai,
670 2863 812 2928 Joannes
836 2887 860 2928 s.
885 2862 1063 2944 Michaelis,
1083 2862 1258 2948 Dabragna
1278 2885 1301 2928 s.
1319 2849 1417 2944 Petri,
1434 2883 1507 2926 eum
1523 2857 1674 2926 omnibus
1696 2861 1832 2944 clericis,

140 2977 236 3054 atque
251 2968 345 3033 laicis
358 2969 452 3034 deum
469 2971 666 3048 timentibus,
682 2970 848 3035 Jadertine
864 2968 987 3034 scilicet
1003 2969 1148 3051 ecclesie,
1166 2969 1369 3053 congregatis
1383 2969 1475 3031 nobis
1497 2967 1634 3054 plurima
1648 2967 1835 3033 ventilanda

23 3121 25 3132 .
140 3083 170 3138 et
193 3075 413 3140 examinanda
429 3075 526 3140 allata
544 3086 578 3140 ut
594 3077 691 3141 moris
706 3086 754 3140 est
770 3075 931 3160 generalis
953 3075 1079 3140 concilii
1097 3073 1311 3155 confluerent,
1329 3075 1451 3138 interea
1480 3073 1581 3136 eciam
1607 3071 1833 3139 nichilominus

23 3197 24 3246 ἲ
141 3177 219 3244 illud
235 3179 332 3245 affuit
347 3182 532 3244 muniminis
557 3183 721 3263 scriptum,
745 3181 830 3267 quod
855 3183 1025 3268 episcopus
1045 3192 1077 3245 et
1102 3183 1197 3267 prior,
1214 3178 1339 3244 nobiles
1357 3189 1388 3242 et
1406 3175 1564 3261 ignobiles
1584 3178 1762 3244 iaderensis
1782 3201 1834 3244 ec·

23 3335 24 3350 .
141 3283 239 3350 clesic
254 3285 350 3350 beate
362 3285 466 3350 Maris
479 3307 607 3372 semper
621 3287 767 3370 virginis,
795 3287 988 3351 monasterio
1006 3285 1157 3350 videlicet
1175 3286 1336 3370 virginum
1362 3283 1433 3348 Deo
1462 3283 1578 3348 deuote
1602 3282 1831 3350 famolancium

23 3393 24 3418 ¹
143 3392 271 3454 nouiter
288 3392 321 3454 in
347 3391 460 3455 eadem
484 3393 614 3456 ciuitate
633 3394 751 3456 nostris
776 3391 975 3477 temporibus
1000 3399 1197 3468 constructo,
1216 3401 1360 3474 tempore
1384 3391 1636 3454 consecrationis
1660 3391 1722 3454 iam
1747 3389 1833 3455 dicte

94 3516 97 3522 ’
142 3497 291 3579 ecclesie,
309 3497 424 3562 deuote
441 3507 472 3562 et
488 3497 650 3562 allacriter
666 3507 895 3563 concesserunt
917 3495 1054 3560 insulam
1071 3495 1179 3570 Silue3
1196 3495 1257 3559 boc
1279 3494 1418 3580 denique
1437 3493 1511 3558 licet
1527 3497 1704 3577 continens,
1720 3507 1832 3583 utque

23 3605 25 3664 l
142 3601 267 3667 desolo
288 3605 479 3688 patrimonio
496 3603 650 3668 nobilium
676 3602 864 3690 puellarum,
888 3603 963 3668 illuc
987 3601 1030 3667 ob
1051 3623 1192 3666 amorem
1212 3591 1331 3665 Christi
1357 3599 1622 3664 concurrcnciuni
1648 3599 1831 3667 edificatum
1894 3659 1897 3664 .

23 3745 24 3784 3
118 3703 122 3712 ’
142 3705 256 3792 luerat,
283 3709 331 3772 sic
346 3708 387 3773 ab
404 3711 489 3773 omni
517 3708 720 3774 infestatione
743 3709 854 3774 tributi
871 3712 979 3795 quiete
995 3710 1151 3789 uiuerent,
1169 3717 1203 3770 ut
1220 3705 1319 3771 libere
1342 3704 1384 3769 ab
1407 3706 1493 3769 omni
1519 3707 1762 3792 mancipacione
1778 3707 1834 3773 hu·

23 3789 25 3828 l
143 3815 228 3878 mani
252 3815 385 3878 seruioii
402 3825 467 3880 toto
491 3814 734 3878 mentisaffectn
760 3816 925 3896 seruirent,
948 3815 998 3878 cui
1027 3835 1062 3878 se
1079 3813 1310 3899 desponsantes
1334 3807 1501 3874 ancillulas
1522 3809 1731 3877 tradiderunt.
1763 3811 1835 3880 Hoc

143 3917 346 3984 solummodo
364 3930 518 4004 patentes,
533 3919 697 3984 abbatissa
712 3921 909 4004 ingenuitate
926 3921 1088 4007 precipua,
1114 3920 1242 3982 nomine
1260 3915 1369 3998 Oicha,
1393 3939 1466 3980 eum
1483 3915 1632 3980 omnibus
1658 3918 1832 3999 sororibus,

144 4023 646 4111 volentibus,illisamplissima
673 4023 814 4089 deliaco
839 4023 926 4088 ciuili
951 4024 1036 4088 dona
1066 4023 1224 4104 conffere,
1256 4021 1341 4108 quod
1378 4042 1517 4107 namque
1556 4022 1632 4086 dum
1648 4021 1834 4107 diligentius

142 4139 382 4213 perscrutantes
399 4131 665 4214 inuestigaremus
682 4129 760 4194 illud
778 4129 851 4194 inde
866 4151 993 4194 cassare
1010 4128 1202 4211 studuimus,
1220 4126 1308 4214 quod
1324 4127 1516 4192 cassandum
1533 4136 1566 4191 et
1581 4127 1780 4212 impossibile
1793 4127 1834 4192 ad

23 4261 25 4270 ¹
142 4233 381 4299 obseruandum
399 4237 633 4321 perspeximus.
647 4235 756 4300 Inerat
776 4236 935 4322 siquidem
949 4237 988 4318 ei,
1006 4247 1040 4302 ut
1056 4239 1083 4300 si
1103 4238 1175 4322 quis
1195 4258 1237 4298 ex
1250 4233 1399 4298 omnibus
1414 4233 1506 4298 bonis
1519 4235 1715 4299 monasterio
1731 4256 1834 4321 usque

143 4339 181 4404 ad
201 4338 385 4405 formellam
401 4342 488 4405 casei
513 4339 670 4406 violenter
687 4351 885 4427 presumeret
901 4339 1114 4408 anathematis
1138 4340 1268 4406 vinculo
1297 4362 1339 4404 ex
1359 4339 1455 4425 triplo
1482 4339 1645 4425 ligaretur,
1674 4362 1737 4426 quo
1762 4342 1831 4406 iure

143 4447 258 4508 abraso
276 4455 384 4536 cetera
407 4456 561 4532 perpetua
581 4444 756 4511 stabilitate
789 4446 917 4510 firmare
941 4445 1103 4511 salubrius
1138 4443 1352 4512 decreuimus.
1380 4446 1430 4510 Ita
1452 4445 1581 4532 quidem
1606 4455 1641 4510 ut
1663 4445 1771 4511 nullus
1795 4446 1836 4512 de

51 4613 55 4620 ,
144 4549 227 4616 clero
253 4550 307 4615 vel
325 4551 452 4637 populo,
478 4573 594 4636 magna
609 4551 658 4617 vel
676 4574 776 4637 parua
804 4535 949 4636 persons,
974 4553 1110 4635 igenuus
1136 4551 1186 4617 vel
1211 4575 1333 4634 servus,
1351 4551 1469 4616 abinde
1492 4553 1524 4615 in
1548 4561 1642 4616 antea
1658 4555 1832 4639 quicquain

144 4656 303 4720 violenter
332 4656 457 4720 auferre
487 4668 660 4742 presumat,
688 4655 774 4743 quod
809 4659 835 4720 si
862 4660 1103 4743 presumpserit,
1136 4667 1168 4722 et
1193 4658 1364 4722 emendare
1384 4667 1455 4743 post
1478 4667 1582 4722 actam
1601 4659 1834 4744 querimoniam

144 4757 323 4826 resistendo
346 4759 490 4835 voluerit.
510 4771 587 4826 tunc
611 4761 823 4826 anathematis
841 4760 970 4826 vinculo
988 4764 1168 4848 inpenitens
1187 4761 1357 4828 innodatus
1376 4765 1520 4839 intereat,
1544 4771 1680 4850 excepto
1704 4763 1835 4849 quando

145 4868 228 4951 prior
245 4867 409 4952 sepedicta
427 4867 566 4930 ciuitatis
592 4889 648 4952 pro
665 4869 792 4930 comuni
807 4866 941 4932 utilitate
958 4869 1100 4932 omnium
1120 4869 1300 4933 concinium
1322 4871 1465 4956 ipsamet,
1479 4867 1530 4932 vel
1548 4867 1632 4932 lilius
1646 4869 1714 4932 eius
1728 4871 1832 4950 luerit,

146 4971 194 5038 rel
208 4995 301 5038 suum
317 4971 457 5056 legatum
475 4975 696 5056 transmiserit,
711 4973 796 5060 quod
809 4983 915 5037 tamen
933 4995 1004 5037 eum
1019 4975 1105 5038 omni
1121 4973 1288 5039 honestate
1306 4983 1337 5039 et
1351 4997 1500 5039 mensura
1515 4971 1580 5037 fiat.
1608 4971 1680 5038 Hoc
1693 4965 1833 5062 denique

147 5077 346 5162 promulgato
364 5076 572 5143 acclamatum
590 5088 652 5161 est,
677 5079 703 5142 si
721 5077 879 5164 placeret!
902 5077 1132 5143 succlamatum
1151 5101 1281 5166 quoque
1303 5091 1351 5144 est
1373 5078 1521 5144 omnibus
1533 5101 1560 5158 z,
1587 5075 1716 5164 placet.
1735 5083 1763 5143 .“
1793 5116 1831 5126 -

302 5233 328 5288 la
348 5231 487 5290 starinske
510 5231 604 5290 sbirlre
627 5233 759 5306 porcljab
781 5232 960 5306 aadarslsoga
982 5241 1144 5292 samostena
1166 5253 1204 5290 sn.
1237 5235 1344 5310 blarije.
1368 5267 1403 5278 -
1429 5233 1517 5292 Lucio
1549 5235 1584 5290 de
1613 5251 1700 5310 regno
1734 5233 1829 5292 Dalm.

147 5319 276 5380 acroat.
297 5320 361 5410 Lib.
385 5321 412 5376 ll.
437 5320 507 5396 (lap.
530 5321 609 5378 xvl.
633 5321 743 5377 Parlati
767 5321 801 5378 V.
824 5338 851 5396 p.
878 5321 930 5378 49.
