4254 5922
135 558 218 614 certa
242 557 275 613 et
297 555 411 635 aperta
438 549 532 634 signa
556 546 699 634 lapidum
723 549 828 634 posita
855 555 939 632 sunt,
964 557 995 613 et
1017 547 1059 613 ab
1087 545 1163 612 iude
1196 547 1312 614 iterum
1345 569 1459 612 versus
1493 545 1693 622 occidentem
1725 555 1814 611 recto

137 653 212 720 ealle
233 653 326 719 iuxta
352 653 502 736 Blattam,
522 675 624 741 usque
647 653 689 718 ad
708 654 871 742 prefatum
891 653 1145 741 promontorlum
1160 651 1255 734 aluei,
1281 652 1337 718 ubi
1357 650 1439 739 lapis
1462 653 1633 718 immersus
1662 654 1813 736 cernitur,
1848 637 1849 640 Ἴ

139 771 168 826 et
202 783 305 849 usque
327 783 454 826 sursum
478 760 519 826 ad
540 767 674 844 montes,
699 761 858 850 quicquid
880 762 965 827 infra
988 763 1093 828 estin
1121 762 1224 844 terris,
1248 767 1281 826 et
1303 761 1432 848 pascuis
1455 782 1495 826 ac
1517 761 1620 848 aquia,
1656 768 1690 826 et
1714 761 1815 826 omni·

138 867 196 934 bus
218 889 284 954 que
305 867 353 934 ibi
379 875 463 934 sunt.
492 875 553 934 etc.

290 997 474 1058 Polichorion
496 1016 515 1054 u
538 997 638 1054 arkivu
660 997 809 1074 guberuiJe
833 999 979 1056 zadarske.

139 1244 176 1305 G.
200 1243 296 1306 1199.
323 1249 366 1304 10
387 1246 523 1320 milano:
559 1243 709 1306 Zodorati
741 1247 799 1306 aad
832 1247 965 1320 depilato
1001 1246 1066 1306 Tou
1099 1247 1209 1320 opattci
1236 1248 1370 1306 tauemu
1391 1249 1565 1306 aamostoau
1586 1261 1630 1306 so.
1654 1244 1813 1318 Maraeu

318 1351 431 1422 Zadru,
454 1354 556 1427 nuceto
571 1351 668 1430 Brdu,
686 1353 751 1424 aaa
765 1355 874 1414 istomu
896 1359 1070 1414 samostaau
1098 1353 1211 1412 darovu
1233 1353 1382 1412 Kreslmir
1405 1353 1485 1426 trau
1506 1351 1642 1412 tractati
1663 1371 1693 1426 9.
1718 1347 1813 1412 1072.

308 1505 392 1573 Oum
417 1531 475 1574 nos
499 1517 558 1574 etc.
584 1509 743 1592 consules,
774 1510 808 1574 in
831 1509 947 1596 plateis
976 1518 1050 1598 post
1078 1507 1224 1574 tribunae
1255 1533 1280 1573 s.
1314 1507 1402 1573 Petri
1433 1508 1511 1573 noui
1541 1507 1584 1572 ad
1615 1506 1816 1572 diuersorum

135 1636 247 1678 causas
271 1612 491 1680 discutiendas
515 1625 547 1680 et
579 1615 772 1682 difiniendas
796 1617 1023 1700 resideremus,
1047 1626 1081 1682 tu
1103 1613 1210 1682 Tullia
1238 1640 1265 1681 s.
1287 1615 1392 1682 Marie
1422 1613 1607 1680 monialium
1639 1613 1814 1695 abbatissa,

138 1743 209 1784 cum
234 1728 291 1785 tuo
315 1730 485 1805 conuentu,
509 1745 568 1809 per
585 1720 737 1788 Cosmam
754 1723 856 1790 filium
872 1724 968 1790 Janai
993 1762 1034 1772 -
1058 1761 1099 1772 ·-
1122 1761 1166 1772 —-
1181 1722 1384 1805 aduocatum,
1400 1726 1433 1788 in
1450 1723 1551 1787 nostri
1567 1723 1657 1786 curia
1673 1721 1817 1804 veniens,

9 1857 15 1884 ι
136 1837 248 1891 contra
273 1825 440 1892 Urisntem
467 1827 569 1894 filium
596 1827 742 1917 Cipriani
767 1839 798 1896 et
817 1828 929 1918 ‘plures
957 1829 1083 1896 nobiles
1113 1829 1225 1912 Jadrc,
1257 1831 1311 1918 qui
1335 1839 1453 1894 terram
1477 1837 1620 1894 vestram
1645 1826 1685 1892 de
1709 1827 1818 1892 Berda

10 1956 15 1983 ⁸
135 1933 283 1998 inuasam
307 1933 471 2019 tenebant,
502 1934 609 2002 taliter
641 1935 777 2022 alegasti
808 1937 937 2002 dicens:
972 1937 1114 2022 Fratres,
1144 1947 1267 2003 certum
1298 1947 1356 2019 est,
1388 1933 1474 2024 quod
1505 1933 1699 2000 Laurentius
1732 1932 1817 2000 filius

136 2039 272 2126 Joseph,
295 2039 374 2106 dum
397 2052 485 2107 esset
507 2044 677 2130 prescripti
701 2043 829 2110 cenobii
852 2044 1039 2128 aduocatus,
1069 2067 1176 2110 coram
1200 2047 1316 2110 comite
1341 2043 1511 2126 Damiano,
1535 2039 1669 2107 illustris
1693 2063 1813 2106 memo·

133 2147 188 2228 rie,
212 2168 288 2212 cum
310 2146 418 2212 adhuc
441 2149 576 2231 viueret,
593 2149 762 2216 vobiscum
786 2151 964 2238 placitauit,
989 2160 1020 2217 et
1043 2150 1249 2238 priuilegium
1273 2149 1441 2216 Oresimiri
1464 2149 1561 2234 regis,
1590 2145 1673 2213 bono
1698 2169 1816 2212 memo·

137 2255 193 2338 rie,
217 2253 307 2340 quod
331 2251 482 2338 habebat,
505 2277 545 2320 ac
567 2265 666 2320 testes
697 2258 846 2342 ostendit,
878 2269 910 2322 et
933 2281 1062 2324 causam
1094 2260 1197 2346 ipsam
1229 2281 1272 2324 ex
1302 2256 1444 2322 iudicum
1477 2257 1636 2322 sententia
1666 2253 1813 2320 obtinuit.

12 2389 13 2454 ᾗ
134 2369 193 2426 etc.
218 2358 354 2426 Auditis
378 2363 475 2446 igitur
499 2361 574 2427 hinc
598 2362 673 2427 inde
698 2363 843 2452 partibus
875 2365 1030 2430 iudicium
1056 2366 1217 2453 prenotati
1240 2365 1366 2430 comitis
1399 2361 1614 2450 expleuimus.
1646 2370 1705 2426 etc.
1738 2359 1817 2426 Ter·

12 2461 13 2464 '
134 2469 278 2531 minatur
301 2476 409 2532 autem
434 2459 614 2556 prescripta
637 2471 737 2535 vestri
762 2472 949 2536 monasterii
972 2480 1058 2536 terra
1081 2473 1115 2536 in
1141 2470 1228 2538 hunc
1252 2469 1399 2535 modum:
1426 2470 1465 2536 In
1489 2469 1602 2556 primis
1618 2489 1757 2554 namque
1774 2489 1817 2530 ex

136 2581 226 2660 parte
251 2573 430 2638 occidentis
453 2598 473 2638 a
498 2575 552 2640 via
575 2574 714 2662 publica,
740 2599 803 2664 que
823 2576 913 2642 vadit
929 2575 1066 2661 Nonam,
1098 2577 1153 2643 ubi
1177 2587 1226 2644 est
1250 2576 1331 2665 lapis
1355 2578 1502 2665 signatus
1531 2575 1623 2661 signo
1656 2596 1682 2640 s.
1712 2571 1816 2638 Maria

132 2685 294 2764 innersus,
317 2679 422 2744 eundo
448 2703 561 2746 versus
584 2682 718 2749 boream
739 2691 828 2748 recta
851 2683 936 2749 linea
960 2707 1062 2771 usque
1085 2683 1126 2748 ad
1147 2683 1300 2772 Bregum,
1325 2685 1382 2772 qui
1413 2691 1463 2748 est
1489 2679 1573 2746 ultra
1594 2679 1745 2746 arborem
1769 2680 1814 2766 pi·

14 2793 15 2860 i
135 2810 216 2871 rnm,
242 2796 277 2852 et
300 2788 416 2852 iterum
440 2809 567 2853 sursum
589 2812 647 2876 per
670 2788 814 2873 limitem,
839 2813 941 2878 usque
963 2789 1004 2856 ad
1036 2791 1161 2878 spinam
1187 2789 1288 2874 collis,
1311 2791 1367 2856 ubi
1391 2799 1441 2856 est
1470 2787 1554 2876 lapis
1585 2787 1684 2874 priori
1716 2786 1810 2872 signo

134 2893 281 2980 sculptus
308 2904 341 2958 et
363 2895 542 2981 impositus,
567 2906 599 2961 et
621 2897 663 2962 ab
687 2895 762 2962 inde
786 2919 901 2963 versus
928 2907 1074 2962 austrum
1099 2921 1156 2985 per
1179 2898 1304 2984 spinam
1329 2894 1429 2978 collis,
1455 2917 1513 2982 per
1528 2895 1615 2958 viam
1635 2892 1811 2978 antiquam,

131 3000 184 3066 ubi
210 3013 289 3066 sunt
312 3024 416 3088 pruna
441 3001 590 3088 plurima,
614 3015 646 3068 et
668 3003 709 3068 ab
731 3005 806 3070 inde
828 3006 945 3070 iterum
969 3027 1083 3070 versus
1109 3014 1263 3083 austrum,
1288 3024 1345 3090 per
1369 3003 1456 3068 viam
1477 3003 1563 3066 inter
1585 2998 1666 3066 duos
1683 2999 1814 3086 bregos,

126 3131 181 3172 seu
203 3107 328 3173 limites
352 3109 498 3194 positam,
522 3133 625 3197 usque
647 3111 690 3176 ad
712 3111 809 3176 aliam
845 3113 932 3176 viam
967 3112 1142 3198 antiquam,
1179 3109 1235 3175 ubi
1258 3125 1306 3174 est
1340 3107 1423 3196 lapis
1454 3110 1621 3190 inmersus,
1654 3108 1748 3193 signo
1787 3128 1811 3174 s.

15 3272 25 3297 ,
127 3215 231 3280 llarie
252 3215 408 3302 sculptus,
432 3239 452 3280 a
476 3239 539 3302 quo
563 3219 656 3304 signo
680 3241 794 3284 versus
817 3217 994 3302 meridiem,
1019 3225 1106 3284 recto
1130 3219 1257 3284 tramite
1275 3238 1332 3302 per
1353 3214 1482 3296 vallem,
1505 3214 1640 3280 inferius
1663 3214 1696 3278 in
1718 3211 1812 3296 silua,

128 3345 300 3410 quousque
324 3325 497 3411 peruenias
520 3324 562 3389 ad
586 3323 725 3412 lapidem
747 3327 901 3412 insignito
923 3325 1023 3412 priori
1046 3326 1149 3410 signo,
1174 3335 1205 3388 et
1228 3323 1269 3388 ad
1297 3324 1383 3388 viam
1409 3323 1629 3408 prescriptam,
1661 3341 1724 3406 que
1754 3341 1810 3383 va-

15 3463 16 3466 *
127 3429 173 3494 dit
195 3429 338 3513 Nonam,
362 3439 394 3494 et
416 3427 457 3494 ab
480 3430 555 3496 inde
580 3433 695 3496 iterum
719 3454 834 3498 versus
864 3431 1072 3515 occidentem,
1096 3453 1241 3520 qousque
1265 3430 1435 3518 peruenias
1451 3427 1494 3492 ad
1510 3429 1649 3515 priorem
1666 3425 1806 3514 lapidem

126 3536 327 3621 insignitum,
352 3537 406 3622 qui
429 3547 479 3600 est
503 3559 600 3622 supra
624 3536 746 3620 villam,
770 3561 833 3626 que
857 3561 960 3625 nuper
975 3540 1080 3626 posita
1102 3547 1160 3622 est,
1184 3537 1410 3625 quodcumque
1427 3545 1533 3601 autem
1547 3532 1631 3600 infra
1646 3534 1802 3620 prescrip·
1883 3538 1884 3542 ’

128 3651 177 3706 tos
200 3642 358 3707 terminos
382 3643 533 3706 interris
557 3653 589 3707 et
611 3645 705 3730 aquis
730 3643 876 3726 habetur,
896 3655 1041 3712 vestrum
1065 3654 1124 3710 est.
1157 3653 1216 3710 etc.

301 3773 332 3828 Ia
355 3773 517 3848 starinslrog
540 3776 686 3847 zaptanika
709 3776 908 3849 kaludJ'ericah
930 3795 971 3838 ar.
996 3777 1098 3849 Marije
1120 3793 1139 3832 u
1162 3775 1264 3832 Zadru.

129 4035 165 4095 θ.
185 4014 283 4080 1200.
308 4013 469 4079 Bernordo
492 4019 660 4094 oodbistup
683 4013 828 4098 apltetalti,
842 4019 975 4093 dopitajc
996 4023 1096 4094 putem
1118 4018 1196 4078 audo
1218 4020 1391 4077 aamostouu
1413 4013 1619 4088 toludjericolt
1642 4030 1685 4073 av.
1715 4009 1809 4072 Bene-

308 4127 394 4184 dtkto
416 4121 900 4202 captatu‚sel01ao90peruna
923 4143 945 4185 a
967 4127 1076 4186 totoru
1109 4124 1276 4203 dilatatom,
1298 4123 1343 4182 a'to
1364 4140 1404 4199 oa
1438 4123 1551 4182 darona
1583 4121 1691 4182 istonm
1712 4135 1809 4180 aomo·

304 4235 397 4292 staua
415 4233 541 4307 polrojm'
567 4233 648 4307 tratj
670 4233 806 4293 hroatslsi
824 4231 982 4294 Suenimir.

306 4369 345 4436 B.
383 4371 435 4436 dei
462 4373 567 4456 gratia
584 4369 776 4458 spalatensis
794 4369 929 4437 ecclesie
951 4368 1223 4458 archiepiscopus,
1240 4366 1357 4432 dilecte
1373 4367 1407 4431 in
1424 4363 1553 4432 Christo
1569 4362 1635 4430 filie
1662 4359 1812 4451 G.(hane)

130 4479 233 4541 sancti
250 4475 431 4544 Benedicti.
450 4515 490 4526 -
519 4514 556 4524 —-
581 4477 682 4544 Lecto
699 4477 824 4565 plenius
847 4480 1060 4564 instrumento
1083 4513 1127 4528 -
1152 4477 1193 4542 de
1218 4475 1278 4559 his,
1302 4497 1364 4563 que
1385 4473 1512 4538 fuerant
1536 4474 1569 4537 iu
1591 4473 1811 4536 controuersia

16 4615 21 4671 4
128 4585 266 4666 actitata,
292 4587 375 4650 inter
397 4584 616 4652 venerabilem
641 4608 785 4652 sororem
809 4597 951 4652 nostram
988 4588 1090 4652 sancti
1114 4583 1283 4650 Benedicti
1314 4605 1356 4648 ex
1389 4603 1452 4646 una
1475 4587 1574 4666 parte,
1588 4587 1620 4644 et
1642 4575 1805 4644 Vulciuna

16 4724 22 4734 ·
130 4687 186 4754 filii
209 4689 277 4754 Biti
309 4689 464 4756 Nasitorti
488 4714 531 4757 ex
560 4691 632 4773 alia,
660 4715 758 4780 super
780 4694 944 4758 territorio
978 4691 1064 4780 quod
1099 4699 1148 4756 est
1181 4692 1213 4754 in
1241 4687 1374 4768 Dillato,
1399 4695 1509 4772 supter
1531 4683 1694 4770 Viperam,
1723 4683 1810 4772 quod

15 4842 23 4876 ,
130 4797 328 4863 territorium
352 4798 512 4864 vocitatur
534 4797 788 4886 Lugoperscina,
813 4809 844 4866 et
871 4808 920 4866 est
942 4802 974 4864 in
1007 4799 1096 4864 curia
1118 4795 1292 4886 spalatensi
1316 4793 1534 4875 constitutum,
1558 4789 1645 4879 quod
1679 4791 1805 4856 territo·

15 4882 23 4932 l
132 4903 214 4969 rium
237 4903 359 4970 dictum
382 4905 444 4970 fuit
468 4905 536 4971 iure
560 4903 754 4972 hereditario
778 4905 915 4973 ecclesie
939 4905 1024 4972 beati
1048 4903 1226 4985 Benedicti,
1262 4901 1314 4967 cui
1346 4900 1456 4966 diuino
1491 4920 1624 4964 munere
1647 4896 1802 4986 presides,

130 5007 170 5072 ad
201 5009 388 5076 habendum
412 5021 567 5100 perpetuo
592 5021 623 5078 et
646 5011 887 5099 possidendum,
914 5012 1078 5096 utendum,
1095 5008 1265 5076 fruendum
1290 5030 1363 5073 cum
1383 5004 1542 5088 omnibus,
1567 5025 1630 5092 que
1653 5025 1751 5090 super
1774 5026 1809 5070 se

16 5108 25 5142 ⁵
132 5123 205 5180 tnnc
229 5115 371 5183 habebat
394 5157 434 5168 -
459 5119 670 5206 corporaliter
686 5143 814 5208 quoque
831 5117 983 5185 traditum
1007 5130 1039 5184 et
1061 5119 1248 5182 inuestitum
1266 5115 1307 5181 ab
1325 5113 1435 5180 inclite
1450 5111 1684 5178 recordationis
1707 5132 1806 5198 quon·

136 5221 206 5287 dam
233 5246 310 5310 rege
334 5222 519 5310 Suinimiro,
544 5228 627 5292 sicut
650 5249 707 5314 per
733 5226 897 5314 publicum
926 5227 1172 5292 instrumentum
1197 5223 1299 5312 ipsius
1321 5230 1466 5310 apparet.
1492 5217 1589 5300 Quod
1611 5217 1805 5283 territorium

134 5329 215 5394 intra
239 5329 297 5397 hos
321 5330 401 5399 lines
426 5335 587 5400 contineri
612 5333 764 5400 dicimus:
788 5331 938 5421 Desuper
960 5355 981 5398 a
1003 5331 1132 5422 Vipera,
1159 5326 1321 5422 quomodo
1345 5326 1436 5396 vadit
1458 5323 1575 5394 Predsl
1606 5322 1709 5392 sancti
1740 5321 1805 5391 Do·
