4310 5918
277 381 318 447 72

274 575 425 640 uniuersa
457 571 497 638 ad
530 569 750 657 supradictum
778 577 1017 636 sacrosanctum
1053 569 1159 635 locum
1180 591 1238 655 per
1261 568 1322 634 hoc
1354 591 1487 655 presens
1521 571 1720 636 auctoritatis
1753 579 1860 635 nostre
1888 593 1960 656 pre-

278 690 405 766 ceptum
436 677 573 764 pleniter
604 677 637 740 in
664 676 720 746 dei
753 677 881 741 nomine
914 674 1110 756 roboratum,
1145 684 1211 739 tam
1236 697 1294 762 pro
1319 683 1457 756 neostra,
1470 697 1566 761 quam
1589 677 1691 741 eciam
1715 699 1772 762 pro
1795 675 1870 740 diue
1893 699 1960 741 me-

277 787 377 858 morie
411 793 652 848 antecessorum
680 790 862 847 nostrorum
890 779 1231 846 christianissimorum
1248 801 1361 866 regum
1384 782 1701 860 commemoracioue,
1726 783 1759 846 in
1784 803 1860 846 usus
1895 780 1959 844 ira-

278 901 363 955 trum
386 882 515 952 domino
540 884 660 950 ibidem
682 882 925 966 famulancium,
953 884 1054 970 regali
1079 885 1228 971 potencia
1252 883 1442 948 tradidimus
1461 895 1557 970 atque
1581 883 1784 969 contulimus,
1808 907 1846 951 ec
1870 883 1961 949 vide·

278 994 352 1058 licet
376 993 514 1056 racionis
531 1001 651 1072 tenore,
669 999 703 1053 ut
724 987 899 1075 prelibatus
912 987 1062 1074 religiose
1084 991 1148 1053 vite
1165 986 1273 1075 presul
1289 1009 1556 1076 successoresque
1572 987 1659 1053 illius
1675 989 1715 1054 de
1731 988 1793 1053 hiis
1810 989 1961 1054 omnibus

278 1099 495 1164 firmissimam
514 1096 677 1182 perpetuis
695 1093 893 1180 temporibus
910 1092 1049 1159 habeant
1077 1103 1276 1178 potestatem,
1302 1098 1384 1158 siout
1408 1094 1448 1158 de
1473 1095 1589 1159 ceteris
1613 1095 1768 1181 episcopii
1790 1097 1838 1159 sui
1862 1095 1961 1159 rebus

278 1213 372 1289 prout
393 1203 440 1264 eis
461 1200 619 1286 placuerit
642 1200 794 1263 uniuersa
818 1198 999 1284 disponere,
1035 1200 1104 1262 sine
1128 1196 1224 1262 ullius
1248 1198 1444 1262 successoris
1469 1197 1568 1262 nostri
1597 1197 1836 1284 impedimento.
1861 1197 1904 1264 Et
1928 1207 1964 1262 ut

279 1308 339 1372 hec
362 1307 535 1370 auotoritas
560 1304 744 1389 largicionis
769 1313 878 1368 nostre
914 1301 1131 1368 inuiolabilem
1156 1325 1213 1388 per
1236 1304 1343 1368 omnia
1369 1301 1527 1367 uoluentis
1552 1299 1662 1368 mundi
1697 1303 1857 1369 curricula
1880 1303 1962 1368 obti-

280 1421 355 1476 neat
376 1408 593 1490 stabilitatem,
618 1431 714 1472 mauu
747 1410 878 1494 propria
910 1407 1023 1472 subtus
1047 1429 1118 1471 eam
1142 1405 1331 1472 roborantes
1354 1406 1449 1470 anulo
1483 1417 1591 1472 nostro
1623 1407 1775 1473 iussimus
1798 1409 1961 1492 insigniri.

438 1514 572 1600 Signum
597 1512 705 1578 domni
723 1514 919 1577 serenissimi
936 1510 1063 1577 Arnolfi
1079 1511 1187 1598 Regis.
1204 1510 1382 1596 Eugilbero
1399 1513 1543 1576 notarius
1560 1511 1600 1576 ad
1623 1513 1726 1577 vicem
1753 1511 1963 1578 Theothmari

279 1617 527 1704 archicapellani
552 1620 737 1702 recognoui.

437 1723 521 1787 uara
545 1723 616 1787 raus
640 1721 755 1786 uaros
788 1743 872 1786 anno
896 1719 1105 1787 uouoxcr.
1130 1720 1433 1784 {arrationarem
1469 1719 1549 1786 vni
1573 1719 1699 1806 (vuu)
1723 1743 1807 1786 anno
1831 1705 1964 1788 chrisa

280 1831 422 1916 propicio
446 1850 545 1912 regno
567 1826 676 1892 donini
701 1825 826 1890 Aruolfi
850 1827 937 1912 regis
960 1825 993 1890 11
1017 1825 1121 1912 (llll).
1146 1823 1399 1930 Reganesbureh
1423 1825 1455 1890 in
1479 1825 1532 1891 dei
1555 1827 1683 1892 nomine
1703 1825 1847 1892 feliciter.

438 2001 571 2058 Jnuauia.
596 1999 720 2072 Anhang
743 2005 791 2055 str.
818 2000 889 2054 116.
914 1999 949 2058 N.
966 1997 1042 2056 LVI.

388 2389 392 2396 .
422 2337 425 2343 ·
533 2325 797 2408 LXXXVII.
825 2326 916 2409 892.
943 2325 1008 2408 28.
1034 2326 1178 2428 rujna.
1206 2325 1244 2408 U
1275 2322 1423 2428 unctu
1450 2325 1538 2408 kod
1566 2324 1727 2409 Sullae.

281 2525 428 2584 Mudimir
450 2523 538 2583 uetiti
561 2521 661 2596 lupun
684 2522 819 2581 hrcutslci
835 2522 1009 2595 potvrdjrq'e
1031 2516 1240 2594 uadhislrupir'i
1262 2521 1405 2594 spletslrop'
1427 2521 1612 2596 Trptmirovo
1634 2521 1797 2596 durouom'e
1812 2524 1899 2584 aare
1920 2540 1966 2584 sc.

976 2625 1071 2700 Jurp'u
1093 2643 1114 2684 u
1131 2625 1260 2710 ‘Patala

443 2799 480 2864 In
496 2799 625 2864 nomine
642 2799 742 2884 patris
759 2806 790 2862 et
805 2796 863 2862 lilii
880 2807 912 2862 et
929 2799 1060 2884 spiritus
1079 2799 1193 2862 saneti.
1223 2796 1319 2862 Auno
1335 2800 1454 2884 utique,
1472 2821 1597 2866 sacram
1622 2785 1791 2886 postquam
1816 2801 1966 2868 Christus

282 2926 410 2970 carnem
437 2925 479 2968 ex
502 2904 630 2987 virgine
654 2904 800 2989 sumpsit,
832 2900 1058 2968 DOOOXOII.
1077 2902 1251 2967 indictione
1274 2901 1334 2966 XI.
1359 2903 1419 2969 sub
1443 2903 1494 2968 die
1518 2903 1574 2968 Vl.
1599 2903 1756 2970 kalendas
1774 2907 1965 2973 octobrium.

284 3007 367 3074 Cum
391 3031 527 3093 magnae
544 3010 626 3072 inter
644 3006 858 3072 salonitanum
884 3017 916 3072 et
942 3029 1116 3072 nonensem
1135 3006 1325 3092 presulibus,
1350 3016 1553 3072 verterentur
1575 3009 1615 3074 de
1639 3010 1778 3096 quadum
1802 3011 1887 3078 fecta
1909 3011 1967 3076 do·

282 3097 441 3194 nationae,
470 3138 485 3176 e
513 3113 686 3200 Tirpimiro
705 3114 831 3199 piisimo
852 3113 934 3178 duee
956 3114 989 3177 in
1013 3113 1091 3176 iuris
1115 3121 1244 3176 sancus
1268 3113 1379 3176 matris
1404 3112 1560 3178 eeclesiae
1574 3113 1715 3180 ‘Domnii
1739 3125 1771 3179 et
1800 3117 1965 3182 Anastaeii

281 3220 448 3284 beatorum
474 3229 662 3306 martyrum,
687 3219 848 3305 quandum
873 3203 1088 3302 mancipando
1112 3217 1281 3280 ecclesiam
1297 3217 1400 3280 saneti
1423 3215 1566 3302 Georgii,
1590 3241 1674 3306 quae
1697 3221 1759 3284 sita
1779 3217 1832 3284 est'
1851 3223 1881 3284 in
1905 3221 1966 3286 Pe-

267 3309 369 3406 telia,
393 3323 545 3389 videntur
568 3328 806 3404 contentiones3
827 3323 953 3387 dicente
971 3321 1067 3387 Petro
1087 3321 1316 3408 spalatensium
1345 3320 1605 3412 archiepiscopo:
1631 3324 1714 3389 hanc
1737 3347 1834 3412 quam
1859 3326 1967 3391 dicitis

281 3429 451 3494 ecclesiam
476 3429 626 3494 donatam
651 3453 670 3493 a
694 3429 836 3514 praefato
862 3427 955 3508 duce,
979 3437 1012 3491 ct
1034 3427 1196 3512 priuilegii
1221 3435 1339 3492 statuto
1370 3425 1562 3510 roboratam,
1587 3399 1627 3492 in
1658 3439 1788 3494 nostrae
1812 3431 1890 3494 iuris
1913 3453 1965 3494 ec-

280 3533 397 3598 clesiae
418 3533 477 3597 sub
493 3535 748 3598 testimoniorum
766 3535 781 3606 ¹,
797 3535 908 3596 notitia
932 3533 1148 3617 mancipatum
1169 3531 1335 3596 habemus.
1367 3531 1578 3618 Respondeas
1600 3532 1779 3598 Aldefreda
1813 3536 1965 3599 nonensis

282 3637 436 3702 ecclesiae
453 3637 574 3724 passui,
600 3637 745 3702 dicebat:
763 3659 824 3701 non
857 3638 902 3700 ita
919 3636 1064 3718 hahetur,
1095 3635 1152 3700 aed
1169 3644 1296 3708 nostrae
1320 3637 1425 3721 potius
1449 3636 1605 3701 ecelesiae
1629 3637 1771 3730 dominio
1795 3640 1966 3720 detinetur,

283 3745 435 3830 quoniam
476 3764 538 3805 uon
575 3746 605 3806 in
641 3741 778 3806 ecclesia
814 3752 996 3805 sanctorum
1033 3739 1164 3804 Domnii
1190 3751 1222 3804 et
1249 3739 1447 3823 Anasthasii,
1472 3751 1507 3806 ut
1529 3741 1645 3822 dicitis,
1679 3743 1882 3829 possidenda,
1907 3743 1967 3809 sed

253 3833 269 3882 .'
287 3849 388 3932 ipsius
414 3847 533 3932 presuli
557 3846 694 3911 fruenda
717 3847 758 3910 ad
783 3856 908 3931 tempus
937 3845 1053 3908 tradita
1075 3854 1125 3930 est
1169 3843 1230 3908 His
1254 3847 1298 3909 ita
1329 3843 1522 3912 habentibus
1546 3859 1721 3936 comperto,
1746 3849 1865 3936 placuit
1888 3849 1967 3914 mihi

286 3951 461 4016 Munoimir
478 3951 588 4016 diuino
605 3975 737 4016 munere
761 3953 888 4016 iuuatus
904 3949 1094 4015 Creatorem
1111 3949 1188 4031 dux,
1206 3949 1367 4014 residente
1392 3961 1524 4036 paterno
1542 3951 1633 4032 solio,
1658 3953 1767 4020 diuino
1792 3957 1968 4042 spiramine

280 4057 440 4120 communi
472 4054 607 4120 consilio
632 4057 810 4120 cum-meis
837 4055 967 4119 cunctis
999 4053 1158 4128 fidelibus,
1190 4063 1222 4119 et
1253 4053 1445 4141 primatibus
1479 4055 1588 4144 populi
1621 4061 1706 4123 omni
1739 4061 1912 4146 opposita⁹
1935 4071 1968 4125 et

270 4163 513 4246 ‘praetermissa
539 4163 753 4242 contentione,
777 4161 971 4225 dictamiam
996 4161 1097 4224 sancti
1129 4159 1262 4246 Georgii
1297 4159 1466 4226 ecclesiam
1502 4163 1536 4226 in
1571 4173 1753 4230 sanctorum
1790 4175 1966 4252 martyrum

283 4265 415 4330 Domnii
441 4263 692 4346 etAnasthasii,
718 4266 900 4330 cumomni
935 4287 993 4328 suc
1018 4265 1148 4329 introitu
1174 4276 1206 4329 et
1229 4268 1318 4331 exitu
1344 4267 1518 4352 subiugare
1549 4269 1730 4354 priuilegio,
1764 4291 1836 4334 eum
1863 4273 1968 4335 seruis

285 4380 317 4435 ct
339 4370 475 4451 ancillis,
500 4373 622 4457 campis
656 4381 687 4435 et
713 4373 825 4452 uineis,
858 4373 957 4457 pratis
993 4379 1026 4434 et
1049 4370 1150 4449 siluis,
1176 4381 1293 4436 cuncta
1316 4371 1446 4435 mobilia
1470 4383 1502 4436 et
1522 4354 1699 4438 immobilia
1721 4377 1837 4457 omnia,
1869 4397 1967 4460 quam

282 4473 450 4538 ecelesiam
476 4484 557 4538 teste
582 4485 613 4540 et
636 4487 766 4541 auctore
791 4477 850 4540 deo
880 4474 962 4557 volu,
987 4483 1021 4538 ut
1047 4474 1153 4539 nullus
1171 4475 1323 4562 deinceps
1349 4475 1389 4540 de
1417 4477 1660 4542 suecessoribus
1684 4481 1773 4560 meis,
1798 4479 1838 4544 de
1862 4489 1968 4565 potes·

282 4589 346 4642 tate
364 4577 592 4663 spalatensium
608 4579 764 4645 ecclesiae
777 4579 966 4644 subtrahere
982 4579 1109 4660 audeat,
1127 4579 1178 4642 vel
1194 4579 1435 4665 quomodolibet
1449 4583 1463 4619 ³
1479 4581 1628 4668 diripere,
1644 4582 1703 4648 sed
1721 4587 1811 4648 iuxta
1828 4587 1968 4669 priscam

282 4682 555 4762 consuetudinem,
582 4695 615 4747 ut
639 4685 789 4748 donatam
806 4709 825 4748 a
849 4697 938 4770 patre
957 4705 1027 4748 mec
1044 4684 1232 4765 recolimus,
1244 4693 1275 4748 et
1292 4707 1367 4752 mox
1383 4708 1441 4770 per
1459 4709 1612 4772 praesens
1629 4688 1835 4773 priuilegium
1860 4689 1968 4754 denuo

285 4789 514 4873 mancipamus,
528 4799 562 4852 ut
574 4791 703 4853 omnino
721 4789 886 4854 subiaceat
899 4789 1002 4853 dictae
1016 4788 1170 4853 ecclesiae
1184 4791 1269 4871 iure,
1288 4791 1342 4875 qui
1358 4813 1434 4854 vero
1449 4791 1653 4877 postmodum
1668 4795 1824 4858 auaritiae
1840 4794 1967 4860 facibus

283 4913 448 4972 accensus,
472 4903 569 4978 atque
593 4895 626 4958 in
651 4893 821 4980 superbiae
838 4894 991 4960 cornibus
1008 4893 1163 4975 eleustus,
1180 4903 1298 4958 statute
1317 4905 1425 4959 nostra
1445 4897 1535 4979 parui
1561 4896 1716 4980 pendens,
1734 4913 1836 4983 nuper
1851 4897 1972 4963 factum

391 5115 401 5150 ¹
424 5119 494 5174 Luc.
518 5118 527 5172 i
551 5119 659 5175 Parieti
692 5119 893 5177 testimonium.

389 5199 402 5237 ²
424 5206 495 5261 Luc.
518 5206 527 5258 i
552 5207 659 5262 Farlati
684 5207 849 5278 composita.

392 5286 406 5323 ³
428 5293 496 5346 Luc.
522 5293 531 5345 i
556 5293 662 5349 Farlati
692 5295 719 5348 in
736 5295 871 5366 quolibet.
