4300 5930
311 392 373 458 106

307 611 403 652 erano
427 588 458 653 di
483 598 592 654 nostra
614 591 746 675 ragione
764 593 987 657 anticamente.
1013 591 1140 658 Furonn
1164 617 1183 656 a
1207 595 1256 658 cio
1280 595 1456 661 testimoni:
1484 593 1623 660 Gicvani
1638 595 1777 691 Prugcla
1792 605 1824 662 et
1843 597 1980 664 Sabatia

306 693 574 784 chierieo,=quale
598 695 638 760 ha
663 698 782 761 scritto.

455 896 623 962 Documenti
646 893 675 954 di
700 896 757 953 San
781 898 897 954 Stefsno
920 900 948 953 di
981 899 1105 971 Spalato.
1127 901 1254 972 Rukcpis
1282 918 1300 955 u
1333 900 1482 972 mletabkpj
1513 901 1648 973 knjilnici
1679 920 1718 955 εν.
1741 902 1854 980 ¹llarka
1893 901 1977 957 MSS.

307 985 430 1056 Italiani.
455 984 554 1042 (llasse
577 986 612 1045 V.
637 985 708 1044 cod.
735 986 782 1074 ¹³¹:
806 993 854 1042 atr.
880 989 930 1042 40.
1072 997 1075 1004 '

817 1279 989 1362 cxnn.
1015 1273 1121 1364 nra.
1147 1221 1208 1364 21ss
1235 1281 1466 1382 rrsapaua.

307 1443 391 1512 Iret,
407 1448 476 1516 opat
498 1447 669 1502 samnataoo
688 1461 730 1502 so.
757 1442 901 1516 Sty‘epuun
921 1444 979 1502 laod
1000 1443 1124 1521 Spb'etc,
1148 1445 1215 1514 daje
1237 1461 1258 1502 u
1280 1440 1416 1502 sammaa
1434 1446 1642 1504 sumostanslcu
1663 1445 1770 1518 samba
1784 1464 1805 1503 a
1822 1445 1978 1514 massua,

518 1549 596 1619 Beli,
618 1548 684 1609 leui
706 1549 805 1607 Iouna
828 1549 1015 1624 Mesupaline
1037 1550 1049 1607 ι’
1072 1549 1120 1621 aja
1139 1550 1209 1608 aiau
1231 1549 1331 1618 Roda,
1350 1564 1387 1607 aa
1409 1549 1515 1622 setalia
1538 1551 1647 1610 Kobila
1668 1567 1775 1611 aeona.

461 1737 499 1802 L'
519 1759 603 1800 anno
621 1735 694 1801 dall’
719 1737 941 1802 Inoas-natione
965 1735 1016 1800 del
1034 1737 1169 1822 Signcre
1187 1733 1435 1802 MOLXXVIII.
1456 1737 1474 1798 l'
1491 1737 1668 1802 India-tione
1684 1736 1742 1802 XI.
1760 1762 1779 1800 a
1795 1737 1832 1826 di
1844 1739 1899 1804 21.
1916 1738 1973 1804 del

308 1865 395 1907 mese
418 1842 448 1906 d'
472 1843 605 1908 ottobre.
628 1843 669 1908 Jc
692 1843 788 1907 Isaek
812 1842 929 1908 abbate
954 1844 986 1906 di
1010 1867 1067 1907 san
1092 1843 1221 1908 Stefana
1243 1865 1301 1906 con
1326 1844 1335 1904 i
1357 1843 1431 1906 miei
1446 1841 1518 1905 frati
1537 1843 1569 1906 di
1583 1859 1697 1906 comam
1711 1855 1878 1926 conuentu,
1894 1839 1974 1908 lisb-

310 1947 415 2013 biamo
440 1947 597 2012 cambiato
623 1948 652 2012 la
675 1956 760 2012 terra
784 1947 909 2013 Cobilla
932 1971 993 2014 oon
1014 1949 1120 2013 donna
1145 1948 1238 2012 Betta
1270 1947 1386 2030 moglic
1420 1945 1452 2011 di
1486 1945 1649 2012 Giovanni
1687 1944 1898 2034 Mesagallina
1936 1959 1972 2014 et

306 2051 397 2117 Radn
420 2076 477 2118 suc
501 2053 631 2139 figliclo,
652 2078 708 2140 per
732 2055 762 2118 la
785 2053 880 2141 quale
905 2054 925 2118 li
950 2053 1121 2119 habbiamo
1145 2052 1220 2118 dato
1243 2076 1262 2116 a
1285 2052 1471 2137 Retosigla
1492 2061 1576 2117 terra
1596 2053 1654 2116 obe
1685 2055 1898 2118 anticamente
1931 2054 1968 2120 fn

306 2159 358 2224 del
382 2170 561 2224 monastero
585 2162 616 2224 di
641 2183 696 2224 san
721 2160 862 2252 Stefana.
885 2161 1016 2225 Furono
1040 2163 1178 2246 presenti
1201 2184 1221 2224 a
1243 2171 1355 2246 questo
1380 2181 1435 2245 per
1457 2160 1630 2245 testimonij
1656 2157 1816 2224 Giovanni
1834 2154 1973 2247 Rugola,

309 2277 341 2330 et
364 2265 495 2331 Sabatic
515 2265 665 2346 chierico,
688 2267 763 2353 qual
788 2267 828 2331 ha
851 2269 961 2332 soritto
982 2267 1014 2331 la
1036 2276 1194 2354 presente.

456 2464 606 2520 Doumenti
631 2457 662 2521 di
687 2482 738 2520 san
759 2464 874 2520 Stefana
898 2465 926 2518 di
950 2465 1075 2536 Spalato,
1099 2451 1214 2535 rukopis
1236 2482 1254 2521 u
1275 2463 1424 2535 mlctaclroj
1449 2465 1583 2536 knjianici
1606 2483 1647 2522 av.
1673 2465 1771 2519 blarka
1801 2463 1881 2522 tiss.
1914 2463 1969 2519 ita·

306 2553 373 2606 liani
398 2551 496 2606 Classe
518 2549 553 2607 V.
577 2551 637 2607 Cod
659 2553 698 2607 LI
731 2560 779 2611 str.
806 2553 856 2610 61.
882 2552 943 2608 Ova
965 2553 1061 2608 listina
1083 2552 1135 2607 biti
1153 2551 1186 2608 te
1207 2571 1245 2624 po
1267 2555 1326 2624 srcj
1352 2553 1444 2624 prilici
1468 2555 1521 2608 ista
1543 2571 1557 2608 s
1580 2553 1749 2624 prralnjcm,
1781 2553 1818 2607 ali
1845 2553 1878 2623 je
1909 2570 1977 2607 raa-

308 2638 383 2696 licna
407 2658 424 2696 n
446 2641 580 2712 prevcdu.

975 2879 1167 2961 oxum.
1193 2881 1316 2980 1178.Ἰ
1428 2841 1431 2846 ’

308 3060 419 3140 Gryur,
445 3061 612 3134 audactae
635 3061 744 3130 barali,
764 3061 903 3135 prisneio
933 3065 1092 3133 praenateo
1125 3061 1333 3134 mubialrupp'e
1366 3061 1494 3120 solicolae
1522 3063 1584 3120 aad
1614 3063 1738 3120 taceam
1762 3061 1976 3134 Dolmuetr'om.

456 3249 639 3314 Venerabili
665 3251 745 3336 patri
770 3272 827 3314 suo
851 3257 883 3314 et
903 3249 1031 3313 domino
1057 3247 1248 3335 R(ainerio),
1277 3249 1329 3313 dei
1366 3249 1470 3332 gratia
1502 3259 1610 3314 sancte
1638 3249 1815 3314 salonitana
1839 3249 1977 3314 ecelesia

307 3354 557 3442 archiepiscopo,
581 3355 753 3442 apostolice
777 3356 862 3420 sedis
886 3355 1000 3439 legato,
1025 3353 1229 3439 Glregorius)
1250 3354 1463 3420 antibarensis
1494 3356 1638 3420 minister
1672 3353 1746 3418 licet
1779 3357 1971 3438 immeritus,

308 3461 441 3526 salutem
466 3485 538 3527 cum
561 3465 750 3528 reuerentia.
777 3461 829 3526 Ex
843 3463 992 3550 antiquis
1015 3462 1179 3547 rescriptis
1201 3470 1233 3526 et
1255 3462 1469 3530 monumentis
1493 3471 1731 3525 antecessorum
1755 3483 1899 3526 meorum
1935 3471 1970 3526 et

309 3567 445 3632 diuersis
469 3567 540 3632 aliis
565 3570 756 3644 coniecturis
782 3569 948 3632 vanitatem
970 3567 1182 3653 perpendens,
1205 3565 1292 3652 quod
1316 3567 1495 3632 salonitana
1519 3565 1655 3632 eeclesia
1678 3568 1776 3632 totins
1805 3565 1974 3632 Dalmatia

310 3673 505 3738 dominatum
532 3684 571 3755 et,
584 3676 755 3760 primatum
780 3673 939 3759 quondam
963 3659 1109 3751 obtinuit,
1132 3680 1164 3737 et
1186 3673 1272 3758 quod
1297 3671 1477 3742 diocletana
1500 3671 1644 3754 ecelesia,
1665 3673 1757 3750 cuius
1780 3673 1869 3736 vices
1893 3675 1975 3736 anti-

311 3777 456 3844 barensis
478 3780 613 3844 ecclesia
638 3783 668 3844 in
693 3803 726 3845 se
751 3791 837 3844 recto
862 3777 1023 3842 transtulit
1044 3777 1189 3861 consilio,
1213 3780 1245 3842 in
1271 3777 1468 3865 metropolim
1483 3778 1624 3864 predicte
1640 3777 1819 3846 salonitana
1836 3776 1975 3842 ecclesie

310 3908 469 3950 consensu
492 3911 528 3950 se
551 3886 720 3969 ordinauit,
745 3887 926 3950 reuerentia
958 3907 1015 3948 sue
1047 3885 1170 3947 matrici
1205 3895 1340 3949 seruata.
1376 3883 1461 3949 Satis
1493 3895 1524 3950 et
1557 3886 1634 3948 satis
1665 3906 1789 3948 mecum
1821 3895 1975 3968 reputans

309 4002 374 4058 tam
400 3995 624 4076 grauissimum
650 4015 819 4058 excessum
845 3994 949 4076 potius
973 4013 1044 4056 cum
1070 3989 1190 4056 honore
1213 3990 1281 4056 fore
1302 3988 1530 4075 sepeliendum,
1554 3991 1758 4076 qnam-quod
1784 4000 1818 4054 ut
1841 3989 1883 4052 ad
1903 4011 1976 4053 con-

309 4099 507 4184 sequentiam
533 4107 564 4162 et
587 4097 769 4183 exemplum
794 4097 982 4161 traheretur.
1007 4096 1052 4160 Ut
1074 4097 1129 4160 illa
1155 4095 1271 4161 nobilis
1296 4095 1431 4160 ecclesis
1448 4106 1511 4160 tam
1529 4097 1748 4160 mundissimis
1761 4097 1977 4159 monumentis

310 4203 470 4282 decorata,
496 4203 616 4268 diutius
638 4205 672 4267 in
695 4212 817 4267 tantum
842 4226 900 4268 sua
924 4205 1103 4289 priuaretur
1126 4201 1303 4278 nobilitate,
1336 4201 1409 4266 binc
1439 4200 1514 4265 inde
1545 4223 1672 4288 quoque
1704 4201 1863 4264 curiosius
1899 4201 1978 4264 satis

310 4309 481 4394 permansi,
506 4307 617 4372 volans
641 4308 780 4373 debitam
804 4308 954 4372 dec-enter
977 4310 1189 4372 reuerentiam
1221 4308 1349 4372 domine
1382 4329 1450 4372 mee
1472 4307 1608 4372 firmiter
1631 4304 1793 4372 exhibere.
1819 4304 1976 4370 Nuntium

310 4422 432 4478 certum
456 4412 518 4477 hoc
540 4413 658 4498 agendi
684 4437 814 4500 perme
837 4423 1030 4486 tamennon
1054 4415 1234 4492 inueniens,
1259 4413 1387 4478 landem
1412 4412 1559 4477 dominus
1583 4413 1685 4476 trinus
1716 4421 1748 4474 et
1778 4433 1885 4493 verus,
1921 4412 1977 4497 qui

311 4523 364 4606 pia
384 4519 614 4603 gubernatione
638 4517 814 4604 quemlibet
836 4519 1048 4604 amplectitur,
1070 4519 1274 4585 fidelissimos
1298 4521 1424 4584 nuutios
1448 4528 1572 4582 vestros
1604 4519 1775 4603 magistros
1806 4516 1976 4603 Uarrum)

311 4635 343 4688 et
366 4625 580 4709 R(ainerium)
602 4620 657 4710 ¹qui
682 4647 778 4710 supra
801 4634 887 4689 certa
910 4627 1041 4689 seruitia
1065 4637 1171 4690 vestra
1199 4633 1336 4689 tractare
1371 4635 1551 4710 procurant,
1589 4621 1665 4686 mihi
1701 4621 1799 4688 multa
1833 4621 1976 4686 uoluenti

311 4730 450 4815 dirigere
474 4729 654 4794 destinauit.
681 4728 823 4808 Quorum
848 4729 953 4794 auidis
976 4731 1125 4816 precibus
1149 4731 1296 4812 sufretus,
1320 4739 1351 4794 et
1374 4729 1491 4816 quibus
1514 4727 1657 4794 inclitam
1681 4738 1820 4792 vestram
1834 4727 1975 4814 volunp-

311 4847 408 4902 tatem
431 4836 652 4914 referentibus,
675 4837 739 4899 iam
764 4835 932 4900 ecclesiam
958 4847 1096 4901 vestram
1114 4839 1146 4900 in
1163 4845 1295 4899 matrem
1314 4847 1345 4900 et
1367 4834 1526 4898 dominam
1553 4855 1783 4919 recognoscere
1807 4833 1980 4915 destinaui,

311 4945 387 5014 etei
412 4942 555 5016 debitum
579 4940 731 5007 honorem
757 4952 788 5004 et
810 4943 1023 5006 reuerentiam
1049 4963 1106 5006 eeu
1124 4941 1252 5006 domine
1269 4939 1398 5026 speciali
1414 4939 1580 5006 exhibere.
1597 4940 1645 5003 Ita
1662 4951 1779 5018 tamen,
1796 4939 1882 5024 quod
1899 4937 1982 5002 mibi

311 5049 352 5114 ad
375 5048 506 5134 pallium
531 5046 571 5112 ad
596 5057 738 5111 vestrum
759 5048 934 5128 seruitium,
959 5069 978 5110 a
1001 5048 1090 5112 curia
1112 5067 1244 5110 romana
1265 5045 1499 5131 inquirendum,
1524 5057 1673 5132 tanquam
1694 5049 1727 5110 in
1749 5048 1879 5131 negotio
1903 5067 1977 5131 pru·

313 5157 380 5241 prio
404 5155 562 5218 curiosius
586 5153 742 5233 existatis,
767 5161 798 5216 et
816 5149 900 5236 quod
921 5150 1099 5230 consilium,
1131 5151 1286 5218 auxilium
1311 5161 1343 5215 et
1373 5152 1593 5236 aldi)utorium
1624 5151 1698 5216 huic
1729 5151 1866 5216 ecclesie
1898 5151 1983 5216 antl-

313 5260 438 5324 barensi
465 5279 536 5322 curn
562 5254 803 5320 successoribus
828 5257 954 5336 vestris,
981 5257 1054 5320 mihi
1080 5269 1110 5321 ct
1143 5257 1383 5326 successoribus
1413 5259 1493 5322 meis
1528 5267 1681 5344 perpetuo
1717 5279 1775 5322 uos
1813 5268 1845 5322 et
1880 5258 1985 5322 vestri
