4254 5922
1743 405 1807 472 207

142 623 219 688 quae
240 601 343 669 nostri
367 607 586 665 antecessores
604 599 645 664 ad
659 599 829 664 ecelesiam
856 601 957 664 sancti
981 599 1066 664 Petri
1096 600 1263 686 sanctique
1279 597 1455 663 Roudberti
1474 597 1669 664 confessoris
1685 596 1813 680 Christi,

142 707 193 772 ubi
216 706 426 795 corporaliter
449 707 621 793 requiescit
635 693 667 771 et
682 706 752 793 ipse
768 705 963 770 venerabilia
979 705 1241 792 archiepiscopus
1261 715 1395 791 praeest,
1410 703 1552 768 fidelium
1585 725 1713 768 auorum
1731 705 1813 792 peti-

140 811 282 878 cionibus
306 823 525 894 coneeserunt,
542 837 561 876 a
576 813 670 878 nobis
695 833 824 899 quoque
840 819 994 877 renouata
1010 811 1285 876 confirmarentur.
1310 807 1409 874 Cuius
1436 812 1585 896 peticioni
1607 810 1648 876 ob
1672 833 1813 876 amorem

142 916 258 981 domini
283 917 387 982 nostri
409 917 488 983 Jesu
513 915 644 1002 Christi,
669 941 725 982 seu
749 917 791 983 ob
810 919 985 983 remedium
1003 923 1181 983 animarum
1198 931 1436 982 antecessorum
1453 928 1634 983 nostrorum
1655 927 1686 982 et
1703 917 1815 983 beatae

141 1025 310 1090 memoriae
329 1023 438 1088 domni
455 1045 494 1089 ec
509 1025 662 1110 genitoris
679 1025 789 1106 nostri,
806 1037 1018 1112 nostraequae
1035 1025 1191 1090 mercedis
1211 1034 1427 1108 augmentum,
1444 1021 1554 1088 libenti
1580 1025 1683 1088 aeimo
1707 1047 1814 1088 asseu-

19 1157 42 1168 ··
139 1151 204 1193 aum
227 1131 429 1216 praebentes,
446 1130 645 1196 decreuimus
660 1132 706 1195 ita
729 1131 807 1196 fieri.
832 1132 1037 1197 Renouamus
1062 1133 1161 1218 igitur
1184 1141 1280 1217 atque
1296 1129 1522 1195 confirmamus
1547 1130 1588 1195 ad
1612 1131 1814 1218 praedictum

137 1237 363 1301 monasterium
387 1238 489 1302 sancti
515 1237 601 1301 Petri
624 1237 790 1323 sanctique
813 1235 1001 1322 Roudbcrti,
1025 1239 1174 1324 primitus
1199 1235 1364 1302 castellum
1389 1249 1518 1301 sanctae
1534 1233 1716 1320 Erntrudia,
1741 1260 1813 1302 cum

19 1321 21 1382 l
139 1341 283 1406 omnibus
308 1343 349 1406 ad
378 1343 464 1408 idem
497 1342 662 1408 castellum
687 1345 770 1408 iuste
792 1367 831 1410 ac
854 1342 1000 1428 legaliter
1013 1341 1265 1430 pertinentibus,
1293 1365 1364 1407 cum
1390 1341 1544 1422 curtibus,
1569 1345 1815 1429 piscacionibus,

137 1449 377 1531 venaciouibus,
397 1449 430 1514 id
450 1459 499 1514 est
514 1447 555 1515 ab
572 1448 709 1516 ecclesia
725 1451 827 1516 sancti
850 1450 980 1515 Martini
1005 1471 1086 1536 quae
1105 1451 1237 1536 respicit
1259 1459 1370 1513 contra
1394 1449 1612 1515 monticulum.
1637 1451 1691 1536 qui
1717 1449 1816 1534 vulgo

19 1549 20 1552 '
136 1553 310 1620 Nocbstein
328 1567 536 1638 nuncupatur,
555 1577 681 1621 sursum
700 1579 741 1622 ex
757 1568 891 1644 utraque
905 1569 995 1643 parte
1011 1555 1152 1620 fluminis
1176 1555 1292 1620 Luaris
1317 1557 1478 1639 nominati,
1505 1577 1606 1642 usque
1629 1557 1662 1621 in
1678 1556 1817 1621 riuulum

19 1691 20 1696 ¹
138 1658 404 1748 Quartinespach.
427 1661 565 1749 insuper
594 1664 690 1728 etiam
710 1663 750 1730 de
773 1665 843 1751 ipso
866 1661 971 1728 riuulo
997 1663 1223 1749 piscacionem,
1249 1661 1467 1742 venacionem,
1497 1664 1538 1726 eri
1566 1673 1702 1749 utraque
1729 1673 1818 1749 parte

19 1743 21 1800 l
137 1771 315 1854 praenotati
338 1767 479 1834 fluminis
496 1768 536 1834 ad
550 1780 695 1834 sanctum
719 1768 986 1852 Maximilianum,
1004 1791 1107 1856 usque
1123 1769 1198 1833 dum
1213 1769 1375 1833 Tuontina
1391 1791 1433 1832 ex
1447 1767 1627 1856 aquilonari
1644 1781 1733 1856 parte
1749 1769 1820 1834 fluit

19 1865 21 1872 ‘
136 1875 169 1937 iu
191 1874 392 1960 praedictum
410 1875 539 1958 flumen,
559 1885 657 1963 atque
680 1875 803 1940 riuulus
820 1873 963 1946 Castuna
980 1897 1022 1940 ex
1038 1874 1169 1940 australi
1195 1885 1294 1960 parte.
1318 1875 1370 1940 Ad
1389 1875 1468 1940 baec
1494 1875 1594 1940 eciam
1609 1875 1773 1940 firmamus
1789 1888 1821 1941 et

19 2001 21 2058 ξ
135 1987 166 2045 et
186 2003 382 2047 renouamus
397 1982 437 2048 ad
461 1983 640 2070 praefatum
667 1984 896 2048 monasterium
920 1982 1101 2048 quauenae
1118 1981 1281 2064 forestum,
1306 2005 1326 2046 a
1348 1985 1484 2046 termino
1507 1983 1614 2068 quiin
1651 1979 1818 2046 Pisconcia

19 2121 21 2132 ε
137 2088 255 2173 incipit,
277 2087 340 2153 hoc
358 2097 407 2154 est
423 2088 463 2154 de
480 2087 584 2154 riuulo
608 2087 774 2176 Erilipach
797 2111 899 2176 usque
918 2087 958 2153 ad
983 2101 1113 2154 acutum
1136 2105 1285 2170 montem,
1310 2087 1364 2175 qui
1388 2085 1563 2173 vulgariter
1587 2086 1818 2174 Waseinperoh

135 2191 259 2276 dicitur,
282 2217 382 2282 prope
398 2195 545 2279 Isealam,
566 2196 599 2259 in
623 2195 677 2260 illo
697 2195 766 2260 loco
780 2195 833 2260 ubi
851 2197 1005 2260 terminus
1023 2195 1132 2259 foresti
1150 2193 1305 2281 Raptonis
1321 2194 1447 2259 comitis
1464 2215 1498 2258 se
1513 2191 1554 2258 ab
1578 2195 1639 2258 isto
1656 2194 1819 2280 disiungit,

19 2321 21 2368 ἕ
136 2301 213 2364 etin
229 2301 308 2387 aqui
330 2299 430 2365 lunari
454 2311 544 2387 parte
568 2301 608 2366 de
628 2301 732 2367 riuulo
755 2301 983 2389 Tinnilinpach
1007 2325 1109 2388 usque
1133 2303 1164 2366 iu
1189 2303 1404 2366 summitatem
1430 2303 1545 2366 montis
1569 2299 1749 2366 Ciruancus
1767 2325 1818 2367 no-

136 2407 255 2471 minati.
273 2405 318 2471 Et
334 2407 374 2471 de
397 2407 461 2472 iam
484 2407 568 2473 dioto
587 2406 936 2496 monteWassiuperch
960 2431 1063 2495 usque
1083 2408 1123 2472 ad
1137 2408 1314 2496 praefatum
1332 2407 1538 2472 monticulum
1556 2407 1741 2492 Nocbstein,
1766 2408 1820 2473 illa

19 2509 21 2514 ’
137 2524 288 2578 montana
305 2515 412 2578 omnia
436 2537 518 2602 quae
541 2517 572 2578 in
597 2524 755 2602 potestate
777 2525 1016 2580 antecessorum
1035 2525 1216 2580 nostrorum
1233 2513 1363 2579 fuerunt
1381 2525 1412 2578 et
1430 2525 1546 2596 nostra,
1563 2513 1683 2581 adium
1701 2516 1819 2580 dictum

138 2623 367 2686 monasterium
390 2621 566 2687 firmamus.
590 2621 642 2686 Ad
662 2619 823 2687 Ohimisse
840 2623 1009 2688 abbaciam
1027 2645 1099 2687 cum
1120 2619 1268 2686 omuibus
1283 2620 1324 2686 ad
1340 2621 1474 2686 eandem
1496 2621 1655 2686 ablibacia
1677 2623 1760 2688 iuste
1783 2645 1822 2686 ac

19 2745 20 2750 ¹
137 2724 284 2810 legaliter
309 2725 554 2813 pcrtinentibus,
576 2737 698 2792 curtem
732 2749 859 2816 quoque
894 2727 934 2792 ad
963 2727 1184 2794 Piscofesdorf
1213 2751 1286 2792 cum
1318 2727 1468 2792 omuibus
1497 2730 1579 2792 iusta
1610 2727 1650 2792 ad
1683 2727 1817 2793 eandem

138 2841 260 2897 curtem
287 2834 531 2920 pertinentibus,
555 2845 652 2922 atque
676 2836 892 2923 piscacionem
917 2837 949 2899 iu
972 2833 1042 2899 lacu
1071 2832 1207 2899 Atarseo
1238 2837 1393 2916 vocitato,
1429 2836 1497 2898 sine
1519 2834 1657 2899 alicuius
1681 2832 1819 2899 hominia

19 2973 25 3000 t
138 2939 402 3024 contradictione,
423 2931 494 3005 illos
518 2941 678 3028 quondam
706 2940 885 3028 praedictos
918 2937 994 3006 XII.
1029 2943 1171 3026 priuatos
1194 2952 1323 3023 tractus,
1348 2944 1434 3004 sicut
1454 2939 1655 3006 dominicalia
1679 2951 1764 3006 terra
1788 2964 1821 3005 se

139 3047 178 3111 ad
202 3047 422 3133 Pourugarteu
448 3049 516 3134 ipso
541 3047 612 3113 lacn
637 3047 792 3133 adiungit,
817 3049 887 3112 sine
918 3049 982 3112 alia
1005 3051 1165 3112 communi
1190 3049 1386 3134 piscacione
1405 3047 1436 3110 in
1461 3049 1595 3114 Atarneo
1619 3047 1660 3111 ad
1683 3045 1824 3112 Atax-hof

139 3157 332 3240 pertiuenti;
356 3153 396 3219 de
421 3163 577 3242 potestate
611 3163 721 3219 nostra
744 3154 912 3219 firmamus
934 3155 1030 3218 etiam
1055 3155 1133 3220 istas
1157 3168 1263 3218 curtes
1280 3156 1311 3218 in
1330 3155 1503 3240 proprium,
1529 3175 1610 3240 quae
1628 3165 1723 3218 autea
1739 3155 1818 3218 inibi

139 3261 169 3324 in
193 3261 389 3326 beneficium
413 3264 483 3327 siue
508 3285 547 3326 ex
573 3271 662 3347 parte
685 3271 926 3326 antecessorum
964 3273 1155 3343 nostrorum,
1185 3261 1253 3324 siue
1288 3283 1330 3324 ex
1366 3259 1499 3324 alterius
1534 3257 1706 3324 cuiuslibet
1730 3269 1820 3348 parte

141 3365 184 3431 ibi
207 3377 306 3432 antea
328 3367 539 3434 beneficiatae
563 3379 679 3450 essent,
704 3391 840 3454 quarum
864 3365 947 3433 baec
970 3369 1100 3433 uomina
1124 3379 1214 3432 sunt:
1234 3365 1285 3432 Ad
1307 3365 1498 3431 Scafarafelt
1520 3377 1642 3431 curtem
1667 3377 1699 3432 et
1721 3367 1821 3432 eccle·

141 3475 219 3539 siam
244 3499 320 3540 cnm
344 3475 480 3558 decima,
504 3485 536 3541 et
559 3477 642 3541 sieut
665 3475 718 3542 ille
741 3477 897 3542 terminus
920 3475 952 3539 in
977 3473 1108 3539 australi
1144 3483 1232 3560 parte
1264 3475 1385 3560 incipit,
1414 3475 1468 3560 qui
1493 3471 1662 3559 Wagreini
1695 3474 1822 3555 dicitur,

142 3580 224 3646 ultra
247 3584 363 3668 ipsam,
388 3590 420 3645 et
444 3583 475 3645 in
495 3580 684 3646 occidentali
712 3603 815 3668 usque
838 3580 914 3644 dum
951 3579 1088 3661 ducitur,
1114 3577 1168 3643 ubi
1205 3579 1307 3644 Urula
1341 3603 1375 3644 se
1402 3579 1542 3645 'dimittit
1576 3582 1606 3644 in
1643 3580 1821 3667 praefatum

143 3707 281 3771 amnem,
307 3697 339 3750 et
361 3687 514 3774 quicquid
538 3689 569 3752 iu
599 3687 746 3752 orientali
772 3693 862 3774 parte
892 3689 953 3751 iam
986 3687 1063 3751 dicti
1091 3686 1232 3751 fluminis
1267 3685 1386 3752 babere
1417 3685 1617 3771 videbamur,
1649 3694 1750 3752 totum
1781 3687 1821 3751 ad

142 3792 341 3880 praedictum
367 3791 599 3858 monasterium
625 3795 864 3877 confirmamus,
887 3796 1032 3881 exceptis
1057 3793 1424 3879 duobuspiscatoribue,
1457 3815 1528 3858 oum
1563 3817 1672 3859 eorum
1693 3793 1822 3860 ruribus

141 3900 172 3963 iu
191 3899 373 3987 aquilonari
399 3908 498 3986 parte.
527 3899 578 3964 Ad
613 3899 818 3985 Maiglicham
842 3903 973 3966 terciam
1006 3911 1127 3986 partem
1159 3902 1308 3984 ciuitatis,
1339 3909 1371 3966 et
1401 3901 1483 3966 sicut
1515 3899 1569 3965 ille
1601 3903 1757 3966 terminus
1788 3924 1824 3966 se

143 4005 299 4094 disiungit
320 4007 362 4072 ab
386 4005 450 4071 illis
473 4006 570 4072 rebus
587 4008 618 4072 in
644 4006 835 4072 occidentali
852 4017 953 4094 parte,
969 4030 1050 4092 quas
1067 4006 1228 4094 quondam
1245 4017 1466 4072 antecessores
1499 4009 1599 4072 nostri
1616 4008 1658 4072 ad
1675 4019 1820 4073 sanctum

143 4112 384 4178 Emmeramum
409 4112 621 4196 tradiderunt,
646 4123 746 4178 totum
771 4115 802 4177 in
824 4115 961 4178 termino
991 4113 1153 4179 orientalis
1177 4113 1218 4178 ad
1248 4111 1427 4200 praefatum
1452 4117 1679 4179 monasterium
1705 4114 1818 4179 conflr-

143 4243 277 4303 mamus,
302 4223 448 4306 exceptis
473 4219 566 4286 hobis
589 4219 703 4286 tribus.
725 4219 777 4284 Ad
803 4219 986 4285 Aruesdorf
997 4233 1028 4285 et
1043 4219 1085 4285 ad
1107 4219 1298 4286 Wachauua
1314 4219 1467 4307 quioquid
1483 4219 1527 4285 ibi
1546 4221 1726 4304 habuimus,
1741 4245 1816 4286 cum

144 4329 244 4390 vineis
269 4333 302 4390 et
336 4347 371 4388 sa
396 4323 551 4410 inaciode,
583 4335 615 4390 et
645 4335 753 4390 monte
785 4335 966 4412 querceato,
1000 4328 1164 4413 pratisque
1193 4329 1275 4392 inter
1306 4329 1410 4416 ipsum
1444 4340 1647 4412 querceatum
1681 4337 1820 4392 montem

146 4433 222 4515 sitis,
248 4442 281 4496 et
305 4433 387 4496 inter
409 4431 524 4496 siluam
550 4429 682 4516 Peliam,
708 4431 761 4498 vel
785 4432 939 4519 quicquid
962 4436 993 4496 iu
1018 4434 1099 4520 ipsis
1124 4431 1214 4498 siluis
1237 4431 1418 4516 habuimus,
1436 4444 1535 4498 totum
1562 4435 1594 4498 in
1618 4457 1710 4498 usum
1735 4457 1825 4520 prae·

150 4537 225 4603 dicti
247 4541 433 4603 monasterii
457 4539 695 4604 confirmamus.
721 4538 771 4604 Ad
796 4540 987 4605 Gruuzitam
1012 4539 1165 4627 quicquid
1196 4539 1353 4628 superfuit
1374 4539 1468 4605 hobis
1492 4539 1530 4605 V.
1555 4563 1634 4626 quas
1659 4539 1747 4605 fideli
1764 4563 1822 4605 suo

146 4643 288 4712 Dietrico
312 4657 532 4713 antecessores
557 4650 657 4712 nostri
683 4647 852 4730 dederunt,
878 4647 939 4712 hoc
963 4659 1037 4711 eunt
1060 4645 1163 4712 hobae
1187 4646 1225 4711 L.
1258 4645 1310 4711 Ad
1342 4645 1524 4726 Liubinsm,
1548 4647 1588 4710 ad
1613 4645 1825 4734 Holunpuroh

146 4755 276 4818 terciam
302 4763 423 4840 partem
448 4756 590 4818 ciuitatis
617 4777 688 4818 cum
714 4755 818 4818 vineis
844 4753 945 4818 XXX
981 4763 1021 4826 ,et
1054 4753 1146 4818 hobis
1180 4751 1253 4818 XV.
1287 4755 1356 4818 siue
1381 4751 1485 4817 curtili
1511 4765 1605 4818 terra.
1630 4753 1821 4817 Treisimam

147 4859 310 4924 ciuitatem
334 4869 367 4924 et
390 4860 559 4924 eeclesiam
583 4863 684 4924 saneti
709 4858 839 4926 Martini
865 4883 936 4925 cum
962 4862 1096 4944 decima,
1130 4873 1161 4925 et
1193 4881 1319 4924 sursum
1342 4863 1372 4924 in
1397 4857 1528 4924 australi
1554 4870 1650 4946 atque
1673 4859 1821 4925 orientali

150 4975 235 5049 parte
259 4965 402 5030 fluminis
426 4966 574 5030 Treisine
598 4987 700 5052 usque
731 4967 772 5032 ad
796 4957 1094 5054 Potiliuesprunnin
1127 4978 1159 5030 et
1187 4970 1270 5030 sicut
1301 4965 1568 5053 Diotrtohespach
1609 4965 1681 5030 fluit
1711 4979 1824 5031 contra

147 5070 227 5137 duos
251 5093 385 5138 aceruos
409 5075 596 5154 exteriores,
621 5073 674 5158 qui
700 5074 730 5136 in
756 5071 903 5137 orientali
926 5083 1017 5160 parte
1050 5074 1154 5158 campi
1187 5073 1282 5159 positi
1314 5084 1396 5154 sunt,
1430 5083 1461 5137 et
1492 5073 1609 5138 exinde
1633 5095 1735 5159 usquo
1760 5073 1825 5138 Da-

149 5179 281 5244 nubium
307 5181 339 5244 in
359 5178 446 5244 illum
472 5178 590 5260 locum,
615 5179 670 5266 qui
694 5177 859 5266 Tripoliza
883 5179 1008 5262 dicitur,
1032 5181 1131 5243 etita
1154 5201 1396 5264 eursumprope
1421 5177 1605 5243 Danubium
1631 5202 1703 5243 oum
1727 5181 1824 5275 agria,

27 5338 32 5347 .
150 5289 255 5369 pratia,
280 5285 375 5350 cultis
399 5298 431 5351 et
452 5284 591 5369 incultis,
618 5287 679 5350 viis
703 5295 735 5349 et
755 5287 861 5366 inuiis,
895 5284 973 5350 locis
1005 5287 1232 5372 piscacionnm,
1267 5308 1349 5371 quae
1388 5287 1546 5351 teutonice
1569 5285 1745 5351 Aricheteti
1772 5311 1824 5351 vo-

149 5402 265 5462 cantur.
289 5392 335 5456 Et
356 5395 551 5459 ita-sursum
584 5411 686 5478 usque
714 5393 754 5456 ad
786 5390 871 5456 illam
904 5391 1078 5475 marcham,
1106 5413 1188 5484 quae
1211 5393 1295 5456 inter
1318 5391 1540 5458 Treisimmam
1560 5403 1592 5457 et
1615 5392 1826 5479 Holunpuroh
