4310 5918
1797 380 1892 482 te'

145 602 324 676 ecelesiam
349 628 369 670 a
392 604 534 673 dominio
559 615 744 673 sanctorum
768 615 945 694 martyrum
970 607 1100 673 Domnii
1134 617 1230 697 atque
1253 607 1440 674 Anasthasii
1465 605 1654 674 subtrahere
1689 607 1841 690 voluerit,

144 706 205 772 vel
230 707 376 796 quolibet
399 711 528 778 modulo
551 712 757 777 donationem
781 712 901 778 dietam
926 735 1043 778 nocere
1078 715 1286 800 temptauerit
1303 715 1321 752 ¹⁴
1336 714 1415 778 iram
1440 714 1668 797 omnipotentis
1693 712 1746 778 dei
1770 735 1840 778 eoe-

149 809 266 879 lorum
301 813 415 882 arbitri
448 816 620 882 saluatoris
656 818 766 883 mundi
792 819 943 901 incurrat,
980 831 1011 882 ot
1043 829 1226 908 sanctornm
1262 820 1405 882 omnium
1442 816 1675 883 maledictionis
1711 818 1841 884 vinculo

150 913 363 986 CCCXVIII
388 931 514 1008 petrum
537 921 752 988 insolubiliter
768 921 956 1004 denudetur,
978 923 1239 1010 descendantque
1257 945 1353 1010 super
1369 946 1441 988 eum
1459 932 1490 988 et
1513 921 1608 988 domo
1627 945 1695 1008 sua,
1714 924 1841 1012 sibique

148 1023 444 1109 consentientibus,
468 1026 580 1092 decem
605 1049 685 1114 quas
709 1029 741 1093 in
766 1027 897 1115 Egypto
921 1027 1050 1094 habitae
1074 1039 1147 1094 sunt
1171 1027 1295 1116 plegae,
1314 1037 1345 1093 et
1362 1027 1451 1116 lepra
1471 1027 1617 1094 Naaman
1641 1025 1714 1117 Syri
1736 1027 1778 1093 ab
1802 1030 1841 1094 iis

148 1149 322 1216 nunquam
346 1131 486 1215 recedat,
510 1131 667 1218 deglutIat
690 1155 745 1198 eos
770 1145 856 1198 terra
879 1135 963 1198 siout
990 1133 1098 1198 Datan
1122 1143 1154 1198 et
1184 1132 1319 1214 Abirou,
1341 1143 1373 1198 et
1396 1135 1428 1196 in
1450 1135 1627 1200 nouissimo
1650 1133 1841 1198 Maranatba

146 1229 358 1318 litigantibus
382 1257 454 1301 oum
478 1239 518 1302 iis
554 1248 737 1304 sanctorum
769 1240 951 1304 constantia
988 1260 1060 1302 cum
1096 1237 1224 1304 diabolo
1260 1239 1387 1303 eteius
1418 1235 1783 1323 horribilibusangelis,
1808 1247 1841 1304 et

148 1335 246 1404 Juda
268 1339 444 1407 Iscariotae
477 1343 508 1407 in
533 1343 701 1428 gehennae
726 1343 876 1411 barathro
908 1353 1126 1424 munerentur,
1153 1343 1208 1408 ubi
1232 1343 1317 1428 ignIs
1341 1366 1403 1408 non
1430 1345 1640 1428 extinguitur,
1661 1351 1694 1408 et
1713 1364 1840 1408 vermes

147 1463 223 1508 non
247 1445 437 1514 moriuntur.
456 1445 573 1530 Aptum
590 1459 639 1514 est
650 1451 690 1514 vin
707 1449 808 1531 Biaei,
825 1459 898 1515 ante
912 1448 998 1514 fores
1015 1448 1172 1512 eeclesiae
1193 1457 1324 1513 sanctae
1340 1447 1487 1514 Marthae
1504 1449 1681 1536 martyris⁹
1695 1457 1840 1536 tempore

148 1555 185 1614 et
211 1547 391 1633 dimidium,
415 1575 518 1638 nuper
543 1563 577 1619 ut
599 1554 727 1620 luimus.
740 1556 754 1594 ³
769 1554 842 1620 Hoc
854 1553 960 1642 palem
976 1553 1111 1618 testibus
1129 1551 1412 1632 consentientibus,
1429 1563 1526 1640 etque
1546 1553 1835 1636 subscribentibus,

149 1649 231 1720 dein
256 1677 298 1722 ne
320 1655 487 1722 aboleatur
509 1659 543 1724 in
567 1645 728 1746 posterum
754 1659 849 1726 anulo
870 1667 979 1725 nostro
1003 1660 1154 1724 iussimus
1179 1660 1212 1724 in
1234 1657 1322 1724 calce
1345 1659 1477 1746 signari.
1538 1727 1542 1740 ,

316 1759 449 1846 Signum
473 1783 571 1828 manu
595 1767 666 1844 mei,
691 1766 745 1852 qui
770 1787 840 1830 sum
875 1765 1067 1830 Muncimiro
1091 1773 1222 1828 auctore
1254 1762 1348 1829 huius
1371 1761 1553 1828 donationis
1577 1762 1730 1829 cartulae.

316 1863 451 1952 Signum
475 1871 538 1934 mei
561 1864 729 1935 Budimiro
753 1872 870 1956 iupano
894 1869 1052 1934 Palatino.

373 2017 389 2054 „
499 2021 514 2057 „
562 1973 724 2040 Zelliuero
747 1975 866 2062 iupano
888 1971 1032 2040 Cleonis.

388 2122 404 2160 ,
497 2123 514 2158 „
562 2077 658 2142 Petro
682 2079 809 2166 inpane.

386 2227 402 2262 ,‚
497 2231 512 2262 ,
559 2181 675 2248 Priona
696 2181 896 2250 maccehari0
920 2185 1079 2272 iupano.⁴

384 2329 401 2368 „
495 2335 510 2370 „
558 2287 703 2354 Pruadra
724 2291 842 2374 iupano
864 2289 1045 2356 eauullario.

386 2436 402 2472 ,‚
496 2438 512 2472 „
559 2391 681 2458 Zelisto
704 2395 821 2480 iupauo
847 2396 1063 2460 camerario.⁵

387 2543 402 2580 „
497 2546 512 2578 „
559 2495 727 2562 Zellidedo
751 2499 869 2586 iupano
894 2501 1105 2584 pincernario.

388 2647 404 2684 „
497 2648 513 2685 „
561 2601 742 2690 Boledrego
767 2605 883 2690 inpano
908 2606 1094 2670 camerario.

385 2752 402 2790 „
498 2753 512 2786 ,
559 2705 728 2772 Bndimiro
751 2710 870 2796 inpane
895 2711 1068 2775 comitisse.

385 2855 401 2892 „
497 2861 512 2892 ,‚
561 2809 779 2880 Cresemustlo
803 2818 981 2880 camerario
1005 2815 1158 2890 seeundo.

386 2962 401 2994 „
495 2965 511 3002 „
560 2915 723 3003 Stephano
748 2918 812 2986 filio
837 2919 996 2984 Budimiri
1020 2920 1196 2984 camerario
1226 2921 1331 2986 tertio.
1427 2985 1429 2990 .

388 3069 402 3096 ,‚
496 3072 511 3101 ,
559 3020 744 3108 Zellidrugo
769 3025 970 3090 maceehario
993 3027 1166 3090 comitisse.

385 3175 400 3206 ,
493 3173 510 3210 „
558 3127 752 3194 Prubiteo'ho
776 3129 842 3195 filio
867 3129 954 3196 Petri
977 3131 1096 3216 iupani.

385 3277 401 3312 „
494 3280 511 3316 „
558 3231 719 3317 Dragasai
743 3234 798 3300 filii
824 3234 1032 3300 SemicasuI⁶

386 3383 402 3419 „
495 3383 511 3419 „
559 3335 690 3422 Tugina
713 3339 830 3425 iopano
853 3341 1017 3424 armigeri.

384 3489 397 3520 ,
494 3488 510 3524 „
558 3441 675 3507 Zitallo
698 3445 900 3530 superposito
923 3445 1136 3509 monasteriis.

385 3593 400 3629 „
494 3593 510 3630 „
539 3546 739 3632 vLeledrago
762 3550 881 3636 iupano
906 3548 1021 3616 CIIsse.

297 3675 299 3682 '
385 3699 401 3734 „
495 3701 511 3736 „
558 3652 692 3718 Pauelio
717 3653 897 3718 Linioena⁷

314 3753 468 3842 Sequenti
492 3766 598 3824 autem
620 3758 681 3842 die,
705 3761 760 3846 qui
784 3767 834 3824 est
856 3760 948 3824 tertio
973 3757 1115 3824 calendis
1130 3755 1279 3838 cumbris,
1298 3759 1431 3847 veniens
1457 3781 1517 3843 ego
1542 3781 1638 3845 saepe
1661 3757 1745 3822 fatus
1768 3757 1837 3822 dux

151 3859 187 3921 in
209 3858 343 3923 ciuitate
367 3859 489 3946 Spalati
513 3872 588 3927 ante
620 3863 898 3928 sanctissimorum
930 3863 1087 3928 dictorum
1112 3862 1235 3943 altaria,
1267 3871 1299 3928 et
1331 3861 1491 3950 priuilegii
1521 3863 1707 3950 paginulam
1741 3883 1837 3927 manu

152 3965 286 4048 propria
310 3966 393 4030 inter
411 3975 519 4032 cetera
542 3968 742 4050 munuscula,
759 3991 842 4055 quae
862 3991 974 4032 manus
991 3977 1118 4033 nostres
1142 3969 1287 4033 inuenire
1312 3969 1492 4052 voluerunt,
1518 3992 1616 4057 super
1639 3969 1836 4036 sacrosancti

72 4079 77 4084 '
151 4065 287 4133 Domnii
312 4067 427 4135 altario
451 4069 566 4155 obieci,
577 4065 623 4138 ‘et
645 4073 816 4138 donatione
840 4073 1005 4161 praedicte
1030 4075 1211 4159 mancipata
1234 4075 1335 4138 sancti
1365 4073 1497 4139 Domnii
1527 4075 1603 4142 sbii.
1702 4101 1705 4110 ·

314 4173 387 4260 Ego
410 4169 774 4243 Firminus⁸‘diaconus
798 4188 830 4242 et
842 4178 1037 4265 capellanus
1054 4177 1129 4242 dieti
1147 4177 1249 4257 ducis,
1267 4179 1482 4264 praecipiente
1500 4177 1577 4243 mibi
1601 4179 1731 4244 domino
1756 4199 1828 4242 meo
1877 4210 1880 4223 ·

151 4275 348 4344 Muncimiro
372 4279 513 4367 glorioso
536 4282 628 4364 duee,
665 4305 772 4348 coram
796 4283 891 4350 dictis
922 4283 1058 4349 testibus
1080 4281 1191 4350 andita
1221 4284 1346 4369 scripsi,
1378 4293 1411 4348 et
1440 4293 1514 4371 post
1544 4283 1663 4349 tradita
1699 4279 1835 4349 feliciter

152 4381 325 4470 compleui.

268 4523 282 4544 Ι
312 4565 342 4620 Iz
372 4566 511 4640 rutupina,
538 4568 733 4646 „Donatiouos
763 4568 908 4625 Ecclesiae
937 4569 1129 4640 Spalatensis“
1157 4587 1175 4626 n
1205 4570 1305 4626 arkivu
1335 4571 1534 4642 nadbiskupiJ'e
1565 4569 1701 4642 sptjeuke
1732 4575 1782 4624 etr.
1807 4571 1836 4624 6.

150 4652 246 4722 gledaj
271 4653 281 4706 i
306 4653 411 4708 Lucius
434 4655 468 4710 de
497 4657 595 4728 Regno
628 4657 735 4712 Daltm.
766 4663 795 4713 et
824 4655 918 4712 Oroat.
951 4655 1135 4712 Francoiurti.
1171 4659 1263 4712 1666.
1287 4675 1315 4730 p.
1351 4659 1400 4714 65.
1428 4659 1513 4714 vind.
1537 4677 1565 4732 p.
1591 4657 1641 4714 64.
1674 4663 1704 4712 et
1725 4655 1834 4712 Fariati

150 4739 299 4810 Illyricum
332 4741 447 4796 Sacrum
471 4743 505 4798 T.
530 4743 579 4798 111.
603 4761 631 4814 p.
655 4743 705 4798 82.

264 4928 274 4965 ¹
296 4917 368 4989 Luc.
391 4935 523 4992 IFarlati
544 4935 703 4990 tentsuerit.
722 4933 843 5004 ⁹Luci
859 4937 890 4994 F.
909 4937 1043 5006 Martyre.
1066 4932 1125 4992 ³1..
1143 4937 1151 4991 i
1167 4937 1199 4992 F.
1213 4937 1315 4992 fumus.
1334 4933 1459 4996 ⁴Lucet
1479 4940 1511 4993 F.
1529 4940 1637 4996 Prason
1654 4937 1833 4994 maneubario

155 5020 279 5162 popano.
320 5017 418 5080 ⁶an.
442 5029 468 5077 ot
490 5024 522 5078 F.
547 5023 680 5078 Zellisbo.
718 5019 779 5078 ⁶1¹.
814 5023 958 5098 Drogaaai
987 5023 1046 5078 filio
1076 5024 1267 5081 Semicarini.'
1282 5019 1295 5058 ⁷
1310 5028 1380 5083 Luc.
1414 5033 1443 5082 et
1471 5027 1505 5082 F.
1528 5027 1654 5084 Paciaiio
1677 5023 1834 5084 Limitesia.

213 5108 401 5168 ‚Formiana
