4300 5930
220 593 226 606 Ι
324 523 490 591 Timemus
514 527 608 608 enim,
634 527 720 612 quod
744 529 769 591 si
795 529 857 592 iam
883 528 970 594 dieta
993 530 1180 595 executioni
1211 529 1362 595 mandata
1385 551 1454 621 non¹
1474 528 1603 612 fuerint,
1628 528 1749 594 domini
1786 549 1869 615 pape
1901 525 2011 611 indig-

148 663 164 678 ,.
244 707 248 730 Ι
315 635 412 698 natio
436 655 614 720 supervos
640 657 703 699 non
728 634 931 700 extendatur.

475 833 516 887 Ex
540 833 654 889 archivo
678 834 803 906 Capituli
827 835 935 906 Spalat.
959 837 1034 892 Fari.
1062 829 1138 908 lllyr.
1166 837 1242 897 Sacr.
1266 837 1300 894 T.
1327 837 1378 894 ΙΙΙ.
1404 841 1453 892 slr.
1479 835 1552 892 193.

892 1129 1045 1211 CXXI.
1073 1129 1181 1213 uta.
1209 1130 1247 1212 U
1277 1131 1428 1213 Zadru.

316 1304 421 1382 xDetea
444 1305 592 1377 Sidotoco,
613 1306 713 1379 sapon
735 1309 879 1384 sidrudis,
903 1310 1034 1383 dopitsp'e
1056 1314 1231 1369 sootostonu
1260 1327 1301 1370 so.
1326 1311 1439 1369 Ilusme
1454 1309 1466 1366 i
1480 1307 1641 1380 Domjono
1659 1305 1799 1380 scnsljittc
1815 1304 2010 1378 Mojmiroco,

989 1415 1053 1489 tojc
1076 1433 1126 1474 mu
1150 1412 1227 1493 bjcle
1250 1418 1335 1473 oteto.

470 1600 565 1666 Anno
590 1601 631 1667 ab
655 1603 874 1667 incarnatione
898 1603 1019 1666 domini
1045 1603 1214 1667 millesimo
1236 1600 1403 1666 CLXXII.
1430 1600 1604 1665 indictione
1623 1599 1661 1664 V.
1680 1597 1880 1685 temporibus
1894 1598 2008 1682 itaque

327 1706 481 1794 Stephani
506 1710 592 1792 regis
618 1709 769 1794 Ungurie,
791 1719 823 1774 et
845 1709 1008 1774 Dossenni
1040 1707 1098 1772 filii
1122 1708 1281 1789 Solbuinc,
1319 1711 1373 1794 qui
1406 1717 1482 1770 tunc
1514 1707 1668 1793 temporis
1700 1707 1836 1790 iupanus
1866 1702 2009 1786 Sidrage

321 1824 399 1880 erat.
422 1810 494 1898 Ego
516 1802 657 1902 namque
682 1814 844 1879 Niciforus
869 1826 1052 1880 sanctorum
1081 1813 1199 1879 Cosme
1223 1824 1255 1878 et
1279 1814 1429 1877 Damiani
1454 1811 1565 1894 abbas,
1591 1812 1685 1878 iubeo
1710 1808 1866 1875 cartalam
1897 1829 2007 1872 recor-

324 1919 463 1984 dationis
489 1922 623 2006 posteris
647 1921 726 2003 fieri,
751 1921 888 2007 qualiter
912 1931 985 1986 aute
1009 1919 1230 2006 supradictum
1255 1919 1438 1984 Dessenum
1467 1920 1621 2004 iupanum
1655 1926 1687 1981 et
1717 1938 1825 1981 coram
1856 1913 2009 2001 pluribus

321 2023 955 2111 Sclauoniehominibus,aputTinum,
980 2026 1201 2090 deterritorio
1226 2024 1376 2104 Moimiri,
1401 2047 1474 2088 cum
1506 2023 1656 2088 Brucona
1689 2031 1804 2108 nepote
1834 2020 1998 2100 Planenoi,

326 2141 357 2194 ct
379 2130 418 2194 ds
444 2131 545 2195 vineis
567 2130 715 2196 abuimus
742 2132 1009 2216 (altercationem)
1033 2132 1223 2195 vendiderat
1245 2133 1329 2194 enim
1354 2130 1505 2194 Bracona
1533 2131 1644 2193 vineas
1662 2124 2008 2215 quasMoymirusde·

327 2235 417 2300 derat
431 2237 623 2299 monasterio
648 2238 748 2300 saneti
773 2236 941 2320 Johannis,
967 2248 998 2302 et
1021 2239 1089 2323 ipse
1107 2237 1246 2301 faciebat
1263 2259 1347 2316 suas,
1365 2257 1560 2320 suorumque
1579 2247 1757 2320 parentum.
1782 2233 1854 2316 Ego
1871 2231 2005 2296 hosten-

322 2340 438 2404 debam
456 2340 609 2406 cartulam
632 2353 664 2406 et
681 2354 778 2406 testes
799 2345 891 2406 vinos
909 2352 940 2406 et
957 2353 1108 2422 mortuos,
1125 2342 1264 2428 qualiter
1281 2343 1521 2427 prenominatus
1538 2339 1718 2426 Moymirus
1736 2325 1848 2403 vineas
1865 2347 1898 2431 et
1912 2337 2009 2401 terri-

324 2449 440 2510 torium
459 2447 499 2510 oh
523 2449 700 2511 remedium
724 2451 830 2518 anime
854 2472 920 2531 sue,
946 2471 1140 2534 suorumque
1161 2458 1337 2533 parentum,
1356 2449 1548 2511 monasterio
1567 2447 1668 2511 sancti
1684 2444 1844 2508 Johannis
1858 2442 2007 2506 dederat.

246 2601 249 2608 .
323 2551 468 2615 Tandem
494 2551 548 2616 diu
572 2555 654 2617 inter
679 2577 736 2617 nos
761 2553 1002 2635 altercantibus,
1026 2554 1183 2618 iudicauit
1206 2555 1315 2618 Desen
1340 2554 1499 2639 iuppauas
1523 2575 1596 2616 cum
1620 2551 1692 2614 aliis
1717 2551 1772 2636 qui
1794 2547 1839 2613 ibi
1855 2548 2006 2625 aderant,

321 2657 399 2721 mihi
421 2657 578 2723 Niciforio
603 2659 713 2724 abbati
739 2660 902 2724 affirmare
927 2659 1083 2724 cartulam
1109 2670 1141 2723 et
1165 2683 1252 2724 meos
1278 2669 1386 2740 testes,
1410 2659 1496 2745 quod
1521 2662 1629 2745 itaque
1653 2656 1822 2743 compleui,
1840 2657 2004 2718 iusiuran-

321 2762 397 2827 dum
418 2774 495 2848 aput
518 2763 646 2845 Tinum,
668 2775 742 2829 ante
765 2765 881 2828 fratres
898 2765 1025 2851 templi:
1044 2768 1172 2829 nominc
1186 2764 1317 2830 Sadiluc
1334 2774 1366 2829 et
1381 2764 1571 2851 capelanum
1590 2773 1621 2828 et
1638 2763 1808 2828 diaconum
1822 2761 2007 2840 Stoianum,

242 2883 246 2892 '
324 2869 378 2952 qui
402 2878 435 2932 et
456 2869 518 2954 ipsi
542 2868 694 2955 reliquias
719 2869 913 2950 aduxerunt.
938 2872 1076 2957 Insuper
1100 2881 1131 2935 et
1154 2870 1263 2936 Sclaui
1287 2871 1332 2936 ibi
1357 2870 1447 2935 multi
1471 2869 1695 2948 interfuerunt,
1713 2891 1849 2956 quorum
1867 2869 2005 2930 nomina

321 2983 396 3038 sunt
418 2972 493 3038 hec:
523 2974 690 3055 Draaimir,
715 2975 800 3040 filius
822 2975 985 3058 Comesse,
1011 2976 1111 3041 iudex
1135 2975 1312 3055 Grubessa,
1346 2975 1431 3040 filius
1463 2974 1610 3057 Gauzuli,
1643 2975 1824 3038 Damianos
1856 2971 2003 3051 scutifer,

320 3088 352 3141 ct
375 3078 515 3162 Dragos,
539 3077 625 3142 filins
651 3079 774 3154 Frocci,
803 3081 952 3146 Vilcinna
973 3082 1066 3146 Tolei
1088 3069 1173 3148 filius
1197 3091 1229 3147 et
1252 3132 1259 3148 .
1284 3129 1292 3147 .
1316 3080 1452 3146 Tolissa.
1477 3081 1606 3146 Deinde
1623 3079 1781 3166 completo
1798 3077 2002 3159 iusiurando,

321 3183 431 3247 Desen
454 3186 590 3270 iupanus
615 3184 705 3249 dedit
728 3187 917 3272 pristaldum
944 3188 1165 3270 Dobrannam,
1192 3187 1292 3252 filiam
1317 3185 1476 3252 Johannis
1500 3185 1699 3262 Madesiuisi,
1725 3187 1780 3271 qui
1804 3206 1855 3247 me
1887 3184 1921 3246 in
1955 3183 2004 3245 vi·

320 3311 397 3353 neas
421 3298 452 3352 et
475 3291 508 3352 in
532 3299 693 3355 terrenum
720 3295 806 3356 misit
829 3304 861 3356 et
886 3295 1126 3377 pristaustinam
1151 3291 1250 3356 dedit.
1275 3292 1355 3356 Post
1378 3281 1438 3356 hec
1469 3295 1579 3376 itaque
1613 3292 1703 3354 venit
1738 3292 1807 3375 ipsc
1843 3288 2004 3352 Dobrona

320 3406 398 3482 aput
421 3395 564 3478 Jadram,
590 3405 622 3462 et
644 3398 809 3462 moriendo
835 3401 985 3464 uniuersa
1007 3401 1090 3463 sieut
1113 3399 1333 3484 suprascripta
1358 3407 1441 3480 sunt,
1465 3397 1597 3478 Tolisio,
1624 3395 1690 3460 lilio
1714 3394 1889 3460 Prodanici
1913 3393 2005 3456 losti-

321 3502 435 3565 ficatus
460 3515 523 3584 est3
548 3503 617 3586 ipse
641 3524 718 3566 vero
743 3503 884 3592 Tolisius
907 3507 1014 3570 omnia
1039 3528 1095 3592 per
1119 3505 1273 3586 ordinem,
1312 3503 1449 3590 qualiter
1481 3506 1589 3589 sepius
1622 3503 1742 3587 scripta
1773 3511 1857 3582 sunt,
1891 3521 2003 3564 coram

321 3607 516 3693 Lampredio
551 3608 708 3673 iadcrtino
740 3607 985 3697 archiepiscopo
1016 3623 1048 3676 et
1079 3611 1253 3676 Dominico
1287 3591 1489 3676 Maurocend
1514 3585 1642 3690 comile,
1674 3605 1837 3670 Damiano
1860 3604 2004 3683 Sluradi,

322 3713 473 3777 Dauiddo
497 3713 613 3794 iudice,
637 3713 776 3779 Martino
800 3715 949 3798 Petrane,
974 3717 1040 3782 filio
1063 3721 1198 3800 Patrico,
1223 3717 1376 3783 Michaeli
1407 3727 1439 3780 et
1469 3703 1655 3780 Prostahcio
1688 3713 1797 3806 fratre,
1821 3723 1854 3777 et
1888 3711 2001 3776 Blasio

322 3819 423 3882 Mirce
447 3828 480 3882 et
502 3818 658 3900 Bolessio,
684 3820 847 3906 Stephano
872 3821 994 3900 Cosuti,
1020 3821 1182 3909 Stephano
1208 3822 1348 3904 Camasi,
1371 3823 1524 3887 Dimitrio
1545 3819 1744 3902 Camerzari,
1761 3819 1871 3884 hladio
1888 3816 2002 3900 Cossa,

324 3923 528 4006 Trunnanno,
553 3923 731 4010 Segurlato,
757 3927 912 3992 Dobrono
937 3929 1090 4015 Zipriani,
1115 3928 1301 3993 Prostancio
1333 3929 1432 3994 fratre
1465 3930 1543 4008 eius,
1576 3927 1662 3991 Bitte
1693 3926 1884 4007 Prcstanoii,
1920 3923 1997 3988 Pre-

325 4031 448 4095 stancio
474 4030 610 4116 plebano
635 4035 736 4096 sancti
764 4033 928 4119 Stephani,
954 4035 1085 4100 Andr-ea
1109 4035 1246 4121 plebano
1271 4045 1382 4100 sancte
1406 4034 1517 4116 blarie,
1543 4035 1575 4096 in
1600 4032 1739 4097 ecclesia
1771 4040 1883 4094 sancte
1914 4028 2002 4093 Ana·

324 4139 422 4202 stasie
447 4136 576 4224 publice
603 4137 793 4204 testificatus
822 4152 880 4206 est.
918 4141 961 4205 Et
995 4163 1055 4228 ego
1089 4141 1255 4206 Jchannes
1289 4141 1467 4206 iadertinus
1502 4141 1645 4205 notarius
1680 4137 1801 4202 ibidem
1838 4157 1910 4200 cum
1948 4133 2000 4198 his

325 4241 460 4308 testibus
482 4239 622 4326 interlui,
647 4246 761 4330 scripsi
787 4257 818 4310 et
842 4247 1003 4316 roboraui.

480 4445 674 4504 Polichoriom
700 4445 725 4502 U
749 4446 849 4500 arkivu
872 4447 1022 4517 gubernija
1041 4447 1226 4518 zadarslroga.

692 4737 869 4819 cxxn.
897 4737 1002 4820 1173.
1031 4739 1096 4822 ao.
1123 4739 1351 4840 arsapius.
1381 4739 1418 4822 u
1448 4705 1630 4842 soncos.

416 4917 507 4976 Pctor
524 4933 586 4990 pop
610 4918 622 4974 i
640 4917 800 4991 posjednt'lo
822 4921 908 4980 crlcoe
929 4936 973 4980 so.
1001 4920 1133 4994 Milicho
1155 4939 1177 4980 a
1200 4920 1324 4990 Sobata,
1347 4920 1455 4994 duruje
1473 4921 1543 4994 istoj
1565 4921 1648 4980 crlcoi
1668 4921 1759 4994 nJ'clou
1781 4919 1898 4991 sembra

480 5089 517 5154 In
542 5091 671 5155 nomine
695 5087 816 5155 Christi
836 5091 952 5156 Amen.
978 5091 1030 5158 Ab
1053 5095 1275 5158 incarnatione
1295 5090 1416 5157 domini
1441 5094 1541 5157 nostri
1562 5091 1645 5158 Jesu
1670 5091 1790 5156 Christi
1814 5113 1898 5155 anno
1923 5087 1993 5152 mil-

328 5194 450 5276 lesimo,
476 5197 662 5279 centesimo,
687 5199 924 5283 septuagesimo
949 5199 1052 5282 tertio,
1077 5197 1129 5262 die
1151 5196 1230 5264 XX.
1253 5221 1373 5263 menois
1398 5198 1549 5264 octobris.
1573 5198 1725 5263 —Ecce
1749 5220 1810 5283 ego
1833 5195 2007 5283 presbyter
