<?xml version="1.0" encoding="UTF-8"?>
<!DOCTYPE html PUBLIC "-//W3C//DTD XHTML 1.0 Transitional//EN"
    "http://www.w3.org/TR/xhtml1/DTD/xhtml1-transitional.dtd">
<html xmlns="http://www.w3.org/1999/xhtml" xml:lang="en" lang="en">
 <head>
  <title>
</title>
<meta http-equiv="Content-Type" content="text/html;charset=utf-8" />
  <meta name='ocr-system' content='tesseract 3.04.00' />
  <meta name='ocr-capabilities' content='ocr_page ocr_carea ocr_par ocr_line ocrx_word'/>
</head>
<body>
  <div class='ocr_page' id='page_1' title='image "./codexdiplomatic00unkngoog_0088.png"; bbox 0 0 4350 5932; ppageno 0'>
   <div class='ocr_carea' id='block_1_1' title="bbox 320 436 364 500">
    <p class='ocr_par' dir='ltr' id='par_1_1' title="bbox 320 436 364 500">
     <span class='ocr_line' id='line_1_1' title="bbox 320 436 364 500; baseline -0.045 0"><span class='ocrx_word' id='word_1_1' title='bbox 320 436 364 500; x_wconf 87' lang='grc'>48</span> 
     </span>
    </p>
   </div>
   <div class='ocr_carea' id='block_1_2' title="bbox 308 627 2004 1558">
    <p class='ocr_par' dir='ltr' id='par_1_2' title="bbox 308 627 2004 821">
     <span class='ocr_line' id='line_1_2' title="bbox 308 627 2004 717; baseline 0 -24"><span class='ocrx_word' id='word_1_2' title='bbox 308 649 366 714; x_wconf 87' lang='lat' dir='ltr'>per</span> <span class='ocrx_word' id='word_1_3' title='bbox 389 650 492 694; x_wconf 89' lang='lat' dir='ltr'>annos</span> <span class='ocrx_word' id='word_1_4' title='bbox 515 630 710 694; x_wconf 82' lang='lat' dir='ltr'>constitutos</span> <span class='ocrx_word' id='word_1_5' title='bbox 727 651 897 696; x_wconf 88' lang='lat' dir='ltr'>numerum</span> <span class='ocrx_word' id='word_1_6' title='bbox 914 631 1066 717; x_wconf 86' lang='lat' dir='ltr'>quinque,</span> <span class='ocrx_word' id='word_1_7' title='bbox 1089 639 1125 696; x_wconf 91' lang='lat' dir='ltr'>ut</span> <span class='ocrx_word' id='word_1_8' title='bbox 1146 629 1236 696; x_wconf 87' lang='lat' dir='ltr'>nulla</span> <span class='ocrx_word' id='word_1_9' title='bbox 1258 629 1390 715; x_wconf 83' lang='lat' dir='ltr'>malitia,</span> <span class='ocrx_word' id='word_1_10' title='bbox 1416 651 1477 698; x_wconf 86' lang='lat' dir='ltr'>neo</span> <span class='ocrx_word' id='word_1_11' title='bbox 1492 627 1571 696; x_wconf 86' lang='lat' dir='ltr'>lesio</span> <span class='ocrx_word' id='word_1_12' title='bbox 1588 631 1672 696; x_wconf 85' lang='lat' dir='ltr'>inter</span> <span class='ocrx_word' id='word_1_13' title='bbox 1688 638 1797 716; x_wconf 82' lang='lat' dir='ltr'>partes</span> <span class='ocrx_word' id='word_1_14' title='bbox 1822 630 2004 716; x_wconf 85' lang='lat' dir='ltr'>perueniat.</span> 
     </span>
     <span class='ocr_line' id='line_1_3' title="bbox 313 732 686 821; baseline 0.011 -25"><span class='ocrx_word' id='word_1_15' title='bbox 313 732 424 821; x_wconf 87' lang='lat' dir='ltr'>(Dalje</span> <span class='ocrx_word' id='word_1_16' title='bbox 449 733 686 820; x_wconf 79' lang='lat' dir='ltr'>inostevljeno).</span> 
     </span>
    </p>

    <p class='ocr_par' dir='ltr' id='par_1_3' title="bbox 309 837 2003 1558">
     <span class='ocr_line' id='line_1_4' title="bbox 466 837 2003 928; baseline 0.001 -26"><span class='ocrx_word' id='word_1_17' title='bbox 466 838 510 904; x_wconf 82' lang='lat' dir='ltr'>Et</span> <span class='ocrx_word' id='word_1_18' title='bbox 529 838 591 904; x_wconf 86' lang='lat' dir='ltr'>hoe</span> <span class='ocrx_word' id='word_1_19' title='bbox 614 839 793 922; x_wconf 84' lang='lat' dir='ltr'>statuimus,</span> <span class='ocrx_word' id='word_1_20' title='bbox 827 849 863 906; x_wconf 91' lang='lat' dir='ltr'>ut</span> <span class='ocrx_word' id='word_1_21' title='bbox 881 841 1120 928; x_wconf 78' lang='lat' dir='ltr'>‚quodcumque</span> <span class='ocrx_word' id='word_1_22' title='bbox 1152 843 1339 908; x_wconf 83' lang='lat' dir='ltr'>mandatum</span> <span class='ocrx_word' id='word_1_23' title='bbox 1373 841 1495 906; x_wconf 91' lang='lat' dir='ltr'>domini</span> <span class='ocrx_word' id='word_1_24' title='bbox 1526 841 1734 928; x_wconf 84' lang='lat' dir='ltr'>Imperatoris</span> <span class='ocrx_word' id='word_1_25' title='bbox 1766 838 1914 904; x_wconf 88' lang='lat' dir='ltr'>Lotharii</span> <span class='ocrx_word' id='word_1_26' title='bbox 1938 837 2003 903; x_wconf 81' lang='lat' dir='ltr'>oln-</span> 
     </span>
     <span class='ocr_line' id='line_1_5' title="bbox 309 943 2002 1033; baseline -0.001 -25"><span class='ocrx_word' id='word_1_27' title='bbox 309 946 428 1010; x_wconf 84' lang='lat' dir='ltr'>rissimi</span> <span class='ocrx_word' id='word_1_28' title='bbox 445 947 583 1028; x_wconf 86' lang='lat' dir='ltr'>augusti,</span> <span class='ocrx_word' id='word_1_29' title='bbox 601 944 654 1008; x_wconf 82' lang='lat' dir='ltr'>vei</span> <span class='ocrx_word' id='word_1_30' title='bbox 671 947 840 1009; x_wconf 88' lang='lat' dir='ltr'>missorum</span> <span class='ocrx_word' id='word_1_31' title='bbox 861 947 930 1010; x_wconf 87' lang='lat' dir='ltr'>eius</span> <span class='ocrx_word' id='word_1_32' title='bbox 949 945 1042 1010; x_wconf 88' lang='lat' dir='ltr'>vobis</span> <span class='ocrx_word' id='word_1_33' title='bbox 1071 949 1253 1012; x_wconf 86' lang='lat' dir='ltr'>nuntiatum</span> <span class='ocrx_word' id='word_1_34' title='bbox 1277 947 1374 1012; x_wconf 86' lang='lat' dir='ltr'>fuerit</span> <span class='ocrx_word' id='word_1_35' title='bbox 1389 948 1473 1011; x_wconf 85' lang='lat' dir='ltr'>inter</span> <span class='ocrx_word' id='word_1_36' title='bbox 1489 955 1641 1032; x_wconf 83' lang='lat' dir='ltr'>utrasque</span> <span class='ocrx_word' id='word_1_37' title='bbox 1658 954 1765 1033; x_wconf 87' lang='lat' dir='ltr'>partes</span> <span class='ocrx_word' id='word_1_38' title='bbox 1789 943 1830 1008; x_wconf 91' lang='lat' dir='ltr'>ad</span> <span class='ocrx_word' id='word_1_39' title='bbox 1854 953 2002 1009; x_wconf 86' lang='lat' dir='ltr'>vestrum</span> 
     </span>
     <span class='ocr_line' id='line_1_6' title="bbox 310 1049 2003 1137; baseline 0 -25"><span class='ocrx_word' id='word_1_40' title='bbox 310 1049 459 1114; x_wconf 81' lang='lat' dir='ltr'>solatium</span> <span class='ocrx_word' id='word_1_41' title='bbox 495 1049 603 1115; x_wconf 87' lang='lat' dir='ltr'>nauali</span> <span class='ocrx_word' id='word_1_42' title='bbox 635 1052 815 1114; x_wconf 87' lang='lat' dir='ltr'>exereitum</span> <span class='ocrx_word' id='word_1_43' title='bbox 852 1062 964 1115; x_wconf 83' lang='lat' dir='ltr'>eontra</span> <span class='ocrx_word' id='word_1_44' title='bbox 996 1075 1053 1116; x_wconf 86' lang='lat' dir='ltr'>nos</span> <span class='ocrx_word' id='word_1_45' title='bbox 1089 1055 1163 1137; x_wconf 83' lang='lat' dir='ltr'>(sio)</span> <span class='ocrx_word' id='word_1_46' title='bbox 1195 1053 1421 1137; x_wconf 84' lang='lat' dir='ltr'>geperationes</span> <span class='ocrx_word' id='word_1_47' title='bbox 1454 1050 1661 1133; x_wconf 86' lang='lat' dir='ltr'>Solauorum,</span> <span class='ocrx_word' id='word_1_48' title='bbox 1695 1052 1843 1116; x_wconf 77' lang='lat' dir='ltr'>inimicos</span> <span class='ocrx_word' id='word_1_49' title='bbox 1875 1049 2003 1116; x_wconf 82' lang='lat' dir='ltr'>scilieet</span> 
     </span>
     <span class='ocr_line' id='line_1_7' title="bbox 312 1154 2001 1250; baseline 0 -32"><span class='ocrx_word' id='word_1_50' title='bbox 312 1163 447 1238; x_wconf 87' lang='lat' dir='ltr'>vestros,</span> <span class='ocrx_word' id='word_1_51' title='bbox 472 1155 505 1218; x_wconf 91' lang='lat' dir='ltr'>in</span> <span class='ocrx_word' id='word_1_52' title='bbox 528 1177 592 1240; x_wconf 89' lang='lat' dir='ltr'>quo</span> <span class='ocrx_word' id='word_1_53' title='bbox 615 1155 814 1240; x_wconf 88' lang='lat' dir='ltr'>potuerimus</span> <span class='ocrx_word' id='word_1_54' title='bbox 832 1154 980 1220; x_wconf 83' lang='lat' dir='ltr'>solatium</span> <span class='ocrx_word' id='word_1_55' title='bbox 1000 1167 1143 1242; x_wconf 80' lang='lat' dir='ltr'>prestare</span> <span class='ocrx_word' id='word_1_56' title='bbox 1162 1156 1348 1238; x_wconf 80' lang='lat' dir='ltr'>debeamus,</span> <span class='ocrx_word' id='word_1_57' title='bbox 1365 1157 1490 1250; x_wconf 78' lang='lat' dir='ltr'>ebsqpe</span> <span class='ocrx_word' id='word_1_58' title='bbox 1507 1154 1571 1220; x_wconf 83' lang='lat' dir='ltr'>ulla</span> <span class='ocrx_word' id='word_1_59' title='bbox 1588 1157 1777 1236; x_wconf 72' lang='lat' dir='ltr'>occasione;</span> <span class='ocrx_word' id='word_1_60' title='bbox 1801 1154 2001 1242; x_wconf 80' lang='lat' dir='ltr'>spondemus</span> 
     </span>
     <span class='ocr_line' id='line_1_8' title="bbox 313 1257 2000 1348; baseline -0.001 -24"><span class='ocrx_word' id='word_1_61' title='bbox 313 1281 441 1345; x_wconf 86' lang='lat' dir='ltr'>quoque</span> <span class='ocrx_word' id='word_1_62' title='bbox 465 1269 500 1324; x_wconf 92' lang='lat' dir='ltr'>ut</span> <span class='ocrx_word' id='word_1_63' title='bbox 523 1257 647 1324; x_wconf 87' lang='lat' dir='ltr'>nullum</span> <span class='ocrx_word' id='word_1_64' title='bbox 671 1260 885 1342; x_wconf 88' lang='lat' dir='ltr'>inimieorum,</span> <span class='ocrx_word' id='word_1_65' title='bbox 910 1263 964 1346; x_wconf 88' lang='lat' dir='ltr'>qui</span> <span class='ocrx_word' id='word_1_66' title='bbox 989 1270 1101 1326; x_wconf 85' lang='lat' dir='ltr'>eontra</span> <span class='ocrx_word' id='word_1_67' title='bbox 1133 1284 1202 1344; x_wconf 83' lang='lat' dir='ltr'>vos,</span> <span class='ocrx_word' id='word_1_68' title='bbox 1227 1270 1417 1348; x_wconf 84' lang='lat' dir='ltr'>vestrasque</span> <span class='ocrx_word' id='word_1_69' title='bbox 1449 1270 1556 1347; x_wconf 87' lang='lat' dir='ltr'>partes</span> <span class='ocrx_word' id='word_1_70' title='bbox 1580 1269 1663 1342; x_wconf 88' lang='lat' dir='ltr'>sunt,</span> <span class='ocrx_word' id='word_1_71' title='bbox 1687 1260 1740 1326; x_wconf 89' lang='lat' dir='ltr'>vel</span> <span class='ocrx_word' id='word_1_72' title='bbox 1773 1260 1904 1342; x_wconf 81' lang='lat' dir='ltr'>suerint,</span> <span class='ocrx_word' id='word_1_73' title='bbox 1929 1280 2000 1339; x_wconf 85' lang='lat' dir='ltr'>nos,</span> 
     </span>
     <span class='ocr_line' id='line_1_9' title="bbox 309 1351 1999 1450; baseline -0.001 -22"><span class='ocrx_word' id='word_1_74' title='bbox 309 1365 366 1450; x_wconf 88' lang='lat' dir='ltr'>qui</span> <span class='ocrx_word' id='word_1_75' title='bbox 391 1363 485 1430; x_wconf 93' lang='lat' dir='ltr'>modo</span> <span class='ocrx_word' id='word_1_76' title='bbox 509 1386 630 1447; x_wconf 86' lang='lat' dir='ltr'>sumus,</span> <span class='ocrx_word' id='word_1_77' title='bbox 654 1363 708 1429; x_wconf 86' lang='lat' dir='ltr'>vel</span> <span class='ocrx_word' id='word_1_78' title='bbox 731 1367 786 1450; x_wconf 91' lang='lat' dir='ltr'>qui</span> <span class='ocrx_word' id='word_1_79' title='bbox 810 1363 941 1446; x_wconf 88' lang='lat' dir='ltr'>fuerint,</span> <span class='ocrx_word' id='word_1_80' title='bbox 958 1351 1152 1431; x_wconf 79' lang='lat' dir='ltr'>adiutorium</span> <span class='ocrx_word' id='word_1_81' title='bbox 1174 1365 1215 1431; x_wconf 88' lang='lat' dir='ltr'>ad</span> <span class='ocrx_word' id='word_1_82' title='bbox 1241 1377 1382 1432; x_wconf 78' lang='lat' dir='ltr'>vestram</span> <span class='ocrx_word' id='word_1_83' title='bbox 1406 1366 1560 1432; x_wconf 75' lang='lat' dir='ltr'>lesionem</span> <span class='ocrx_word' id='word_1_84' title='bbox 1577 1365 1758 1432; x_wconf 77' lang='lat' dir='ltr'>faciendam</span> <span class='ocrx_word' id='word_1_85' title='bbox 1776 1362 1915 1450; x_wconf 86' lang='lat' dir='ltr'>prebere</span> <span class='ocrx_word' id='word_1_86' title='bbox 1940 1363 1999 1428; x_wconf 92' lang='lat' dir='ltr'>de-</span> 
     </span>
     <span class='ocr_line' id='line_1_10' title="bbox 310 1467 1306 1558; baseline 0.005 -26"><span class='ocrx_word' id='word_1_87' title='bbox 310 1467 454 1552; x_wconf 86' lang='lat' dir='ltr'>beamus,</span> <span class='ocrx_word' id='word_1_88' title='bbox 480 1468 540 1534; x_wconf 88' lang='lat' dir='ltr'>sub</span> <span class='ocrx_word' id='word_1_89' title='bbox 564 1468 710 1555; x_wconf 85' lang='lat' dir='ltr'>quolibet</span> <span class='ocrx_word' id='word_1_90' title='bbox 732 1471 862 1554; x_wconf 85' lang='lat' dir='ltr'>ingenio</span> <span class='ocrx_word' id='word_1_91' title='bbox 886 1469 971 1534; x_wconf 85' lang='lat' dir='ltr'>infra</span> <span class='ocrx_word' id='word_1_92' title='bbox 994 1468 1057 1536; x_wconf 85' lang='lat' dir='ltr'>hoo</span> <span class='ocrx_word' id='word_1_93' title='bbox 1081 1473 1185 1557; x_wconf 80' lang='lat' dir='ltr'>spatio</span> <span class='ocrx_word' id='word_1_94' title='bbox 1209 1473 1306 1558; x_wconf 81' lang='lat' dir='ltr'>pasti.</span> 
     </span>
    </p>
   </div>
   <div class='ocr_carea' id='block_1_3' title="bbox 469 1633 1219 1740">
    <p class='ocr_par' dir='ltr' id='par_1_4' title="bbox 469 1633 1219 1740">
     <span class='ocr_line' id='line_1_11' title="bbox 469 1633 1219 1740; baseline 0.001 -34"><span class='ocrx_word' id='word_1_95' title='bbox 469 1633 616 1706; x_wconf 68' lang='lat' dir='ltr'>nemausa.</span> <span class='ocrx_word' id='word_1_96' title='bbox 641 1650 786 1706; x_wconf 68' lang='lat' dir='ltr'>Stetisti</span> <span class='ocrx_word' id='word_1_97' title='bbox 809 1651 947 1740; x_wconf 57' lang='lat' dir='ltr'>trepens.</span> <span class='ocrx_word' id='word_1_98' title='bbox 970 1651 1005 1706; x_wconf 80' lang='lat' dir='ltr'>r.</span> <span class='ocrx_word' id='word_1_99' title='bbox 1028 1652 1051 1706; x_wconf 89' lang='lat'>1.</span> <span class='ocrx_word' id='word_1_100' title='bbox 1075 1657 1123 1706; x_wconf 63' lang='lat' dir='ltr'>atr.</span> <span class='ocrx_word' id='word_1_101' title='bbox 1147 1651 1219 1707; x_wconf 77' lang='lat' dir='ltr'>sss.</span> 
     </span>
    </p>
   </div>
   <div class='ocr_carea' id='block_1_4' title="bbox 1038 1941 1279 2024">
    <p class='ocr_par' dir='ltr' id='par_1_5' title="bbox 1038 1941 1279 2024">
     <span class='ocr_line' id='line_1_12' title="bbox 1038 1941 1279 2024; baseline -0.004 -1"><span class='ocrx_word' id='word_1_102' title='bbox 1038 1941 1155 2023; x_wconf 85' lang='lat' dir='ltr'>LXI.</span> <span class='ocrx_word' id='word_1_103' title='bbox 1183 1941 1279 2024; x_wconf 74' lang='lat'>860.</span> 
     </span>
    </p>
   </div>
   <div class='ocr_carea' id='block_1_5' title="bbox 310 2134 2000 2212">
    <p class='ocr_par' dir='ltr' id='par_1_6' title="bbox 310 2134 2000 2212">
     <span class='ocr_line' id='line_1_13' title="bbox 310 2134 2000 2212; baseline 0.001 -18"><span class='ocrx_word' id='word_1_104' title='bbox 310 2135 402 2195; x_wconf 81' lang='lat' dir='ltr'>Kocet</span> <span class='ocrx_word' id='word_1_105' title='bbox 423 2135 498 2196; x_wconf 76' lang='lat' dir='ltr'>toea</span> <span class='ocrx_word' id='word_1_106' title='bbox 520 2136 629 2195; x_wconf 76' lang='lat' dir='ltr'>blotsla&#39;</span> <span class='ocrx_word' id='word_1_107' title='bbox 651 2136 757 2210; x_wconf 81' lang='lat' dir='ltr'>doraje</span> <span class='ocrx_word' id='word_1_108' title='bbox 780 2141 955 2198; x_wconf 83' lang='lat' dir='ltr'>samostanu</span> <span class='ocrx_word' id='word_1_109' title='bbox 976 2154 1020 2197; x_wconf 81' lang='lat' dir='ltr'>sa.</span> <span class='ocrx_word' id='word_1_110' title='bbox 1047 2138 1207 2197; x_wconf 61' lang='lat' dir='ltr'>masma</span> <span class='ocrx_word' id='word_1_111' title='bbox 1233 2137 1294 2195; x_wconf 82' lang='lat' dir='ltr'>sela</span> <span class='ocrx_word' id='word_1_112' title='bbox 1310 2134 1488 2212; x_wconf 76' lang='lat' dir='ltr'>Stromopia,</span> <span class='ocrx_word' id='word_1_113' title='bbox 1504 2134 1803 2212; x_wconf 77' lang='lat' dir='ltr'>Rapiaivortersdors</span> <span class='ocrx_word' id='word_1_114' title='bbox 1821 2137 1834 2194; x_wconf 80' lang='lat' dir='ltr'>i</span> <span class='ocrx_word' id='word_1_115' title='bbox 1855 2135 2000 2208; x_wconf 78' lang='lat' dir='ltr'>Boedorf.</span> 
     </span>
    </p>
   </div>
   <div class='ocr_carea' id='block_1_6' title="bbox 308 2305 2002 2707">
    <p class='ocr_par' dir='ltr' id='par_1_7' title="bbox 308 2305 2002 2707">
     <span class='ocr_line' id='line_1_14' title="bbox 470 2305 2001 2392; baseline -0.001 -22"><span class='ocrx_word' id='word_1_116' title='bbox 470 2305 508 2370; x_wconf 94' lang='lat' dir='ltr'>In</span> <span class='ocrx_word' id='word_1_117' title='bbox 533 2307 662 2371; x_wconf 89' lang='lat' dir='ltr'>nomine</span> <span class='ocrx_word' id='word_1_118' title='bbox 686 2306 809 2371; x_wconf 87' lang='lat' dir='ltr'>domini</span> <span class='ocrx_word' id='word_1_119' title='bbox 833 2309 934 2372; x_wconf 90' lang='lat' dir='ltr'>nostri</span> <span class='ocrx_word' id='word_1_120' title='bbox 958 2306 1038 2372; x_wconf 87' lang='lat' dir='ltr'>Jesu</span> <span class='ocrx_word' id='word_1_121' title='bbox 1063 2305 1194 2373; x_wconf 80' lang='lat' dir='ltr'>Christi.</span> <span class='ocrx_word' id='word_1_122' title='bbox 1219 2306 1337 2372; x_wconf 87' lang='lat' dir='ltr'>Notum</span> <span class='ocrx_word' id='word_1_123' title='bbox 1362 2309 1460 2392; x_wconf 87' lang='lat' dir='ltr'>igitur</span> <span class='ocrx_word' id='word_1_124' title='bbox 1483 2307 1551 2372; x_wconf 84' lang='lat' dir='ltr'>fieri</span> <span class='ocrx_word' id='word_1_125' title='bbox 1576 2306 1724 2372; x_wconf 84' lang='lat' dir='ltr'>volumus</span> <span class='ocrx_word' id='word_1_126' title='bbox 1748 2307 1873 2372; x_wconf 84' lang='lat' dir='ltr'>cunetis</span> <span class='ocrx_word' id='word_1_127' title='bbox 1898 2305 2001 2370; x_wconf 84' lang='lat' dir='ltr'>chris·</span> 
     </span>
     <span class='ocr_line' id='line_1_15' title="bbox 310 2409 2002 2498; baseline -0.001 -24"><span class='ocrx_word' id='word_1_128' title='bbox 310 2410 407 2476; x_wconf 86' lang='lat' dir='ltr'>tianis</span> <span class='ocrx_word' id='word_1_129' title='bbox 431 2409 592 2492; x_wconf 87' lang='lat' dir='ltr'>fidelibus,</span> <span class='ocrx_word' id='word_1_130' title='bbox 619 2421 651 2475; x_wconf 88' lang='lat' dir='ltr'>et</span> <span class='ocrx_word' id='word_1_131' title='bbox 673 2410 869 2493; x_wconf 89' lang='lat' dir='ltr'>infidelibus,</span> <span class='ocrx_word' id='word_1_132' title='bbox 895 2412 1118 2498; x_wconf 85' lang='lat' dir='ltr'>praesentibus</span> <span class='ocrx_word' id='word_1_133' title='bbox 1143 2411 1267 2477; x_wconf 84' lang='lat' dir='ltr'>scilieet</span> <span class='ocrx_word' id='word_1_134' title='bbox 1283 2423 1314 2475; x_wconf 86' lang='lat' dir='ltr'>st</span> <span class='ocrx_word' id='word_1_135' title='bbox 1337 2412 1525 2477; x_wconf 82' lang='lat' dir='ltr'>absentibus</span> <span class='ocrx_word' id='word_1_136' title='bbox 1550 2434 1688 2477; x_wconf 84' lang='lat' dir='ltr'>necnon</span> <span class='ocrx_word' id='word_1_137' title='bbox 1712 2421 1745 2477; x_wconf 90' lang='lat' dir='ltr'>et</span> <span class='ocrx_word' id='word_1_138' title='bbox 1767 2410 1893 2491; x_wconf 88' lang='lat' dir='ltr'>futuris,</span> <span class='ocrx_word' id='word_1_139' title='bbox 1911 2409 2002 2496; x_wconf 90' lang='lat' dir='ltr'>quod</span> 
     </span>
     <span class='ocr_line' id='line_1_16' title="bbox 310 2501 2002 2599; baseline -0.002 -19"><span class='ocrx_word' id='word_1_140' title='bbox 310 2535 371 2599; x_wconf 84' lang='lat' dir='ltr'>ego</span> <span class='ocrx_word' id='word_1_141' title='bbox 395 2513 508 2580; x_wconf 74' lang='lat' dir='ltr'>chozil</span> <span class='ocrx_word' id='word_1_142' title='bbox 533 2515 718 2582; x_wconf 89' lang='lat' dir='ltr'>humilimus</span> <span class='ocrx_word' id='word_1_143' title='bbox 750 2538 858 2581; x_wconf 84' lang='lat' dir='ltr'>eomes</span> <span class='ocrx_word' id='word_1_144' title='bbox 882 2516 922 2582; x_wconf 87' lang='lat' dir='ltr'>de</span> <span class='ocrx_word' id='word_1_145' title='bbox 953 2515 1131 2581; x_wconf 85' lang='lat' dir='ltr'>hereditate</span> <span class='ocrx_word' id='word_1_146' title='bbox 1152 2539 1224 2581; x_wconf 89' lang='lat' dir='ltr'>mea</span> <span class='ocrx_word' id='word_1_147' title='bbox 1264 2501 1380 2580; x_wconf 73' lang='lat' dir='ltr'>t&#39;radidi</span> <span class='ocrx_word' id='word_1_148' title='bbox 1416 2515 1456 2580; x_wconf 83' lang='lat' dir='ltr'>ad</span> <span class='ocrx_word' id='word_1_149' title='bbox 1482 2525 1628 2580; x_wconf 85' lang='lat' dir='ltr'>sanetum</span> <span class='ocrx_word' id='word_1_150' title='bbox 1658 2516 1936 2581; x_wconf 83' lang='lat' dir='ltr'>Emmerammum</span> <span class='ocrx_word' id='word_1_151' title='bbox 1967 2517 2002 2578; x_wconf 91' lang='lat' dir='ltr'>in</span> 
     </span>
     <span class='ocr_line' id='line_1_17' title="bbox 308 2619 1999 2707; baseline 0 -23"><span class='ocrx_word' id='word_1_152' title='bbox 308 2623 538 2707; x_wconf 80' lang='lat' dir='ltr'>proprietatem</span> <span class='ocrx_word' id='word_1_153' title='bbox 554 2622 594 2686; x_wconf 86' lang='lat' dir='ltr'>ad</span> <span class='ocrx_word' id='word_1_154' title='bbox 612 2623 807 2707; x_wconf 84' lang='lat' dir='ltr'>Stromogin,</span> <span class='ocrx_word' id='word_1_155' title='bbox 823 2631 978 2707; x_wconf 85' lang='lat' dir='ltr'>quantum</span> <span class='ocrx_word' id='word_1_156' title='bbox 1002 2619 1208 2707; x_wconf 82' lang='lat' dir='ltr'>Guntpoidus</span> <span class='ocrx_word' id='word_1_157' title='bbox 1232 2620 1345 2686; x_wconf 81' lang='lat' dir='ltr'>habuit</span> <span class='ocrx_word' id='word_1_158' title='bbox 1368 2623 1399 2686; x_wconf 91' lang='lat' dir='ltr'>in</span> <span class='ocrx_word' id='word_1_159' title='bbox 1426 2623 1652 2707; x_wconf 82' lang='lat' dir='ltr'>proprietatem</span> <span class='ocrx_word' id='word_1_160' title='bbox 1677 2631 1709 2686; x_wconf 90' lang='lat' dir='ltr'>et</span> <span class='ocrx_word' id='word_1_161' title='bbox 1732 2619 1937 2700; x_wconf 83' lang='lat' dir='ltr'>benefioium‚</span> <span class='ocrx_word' id='word_1_162' title='bbox 1963 2620 1999 2684; x_wconf 88' lang='lat' dir='ltr'>in</span> 
     </span>
    </p>
   </div>
   <div class='ocr_carea' id='block_1_7' title="bbox 181 2725 2002 2813">
    <p class='ocr_par' dir='ltr' id='par_1_8' title="bbox 181 2725 2002 2813">
     <span class='ocr_line' id='line_1_18' title="bbox 181 2725 2002 2813; baseline -0.001 -25"><span class='ocrx_word' id='word_1_163' title='bbox 181 2769 195 2788; x_wconf 56' lang='lat'>.</span> <span class='ocrx_word' id='word_1_164' title='bbox 311 2725 391 2791; x_wconf 89' lang='lat' dir='ltr'>villa</span> <span class='ocrx_word' id='word_1_165' title='bbox 412 2739 618 2813; x_wconf 83' lang='lat' dir='ltr'>nuncupante</span> <span class='ocrx_word' id='word_1_166' title='bbox 640 2725 984 2812; x_wconf 84' lang='lat' dir='ltr'>Reginiuuartersdorf</span> <span class='ocrx_word' id='word_1_167' title='bbox 995 2736 1027 2790; x_wconf 90' lang='lat' dir='ltr'>et</span> <span class='ocrx_word' id='word_1_168' title='bbox 1050 2729 1082 2790; x_wconf 93' lang='lat' dir='ltr'>in</span> <span class='ocrx_word' id='word_1_169' title='bbox 1107 2725 1258 2808; x_wconf 83' lang='lat' dir='ltr'>Rosdorf,</span> <span class='ocrx_word' id='word_1_170' title='bbox 1276 2747 1348 2790; x_wconf 85' lang='lat' dir='ltr'>oum</span> <span class='ocrx_word' id='word_1_171' title='bbox 1365 2733 1459 2806; x_wconf 89' lang='lat' dir='ltr'>terra,</span> <span class='ocrx_word' id='word_1_172' title='bbox 1476 2734 1613 2808; x_wconf 83' lang='lat' dir='ltr'>aratura,</span> <span class='ocrx_word' id='word_1_173' title='bbox 1630 2727 1745 2807; x_wconf 88' lang='lat' dir='ltr'>vineis,</span> <span class='ocrx_word' id='word_1_174' title='bbox 1766 2736 1863 2812; x_wconf 86' lang='lat' dir='ltr'>atque</span> <span class='ocrx_word' id='word_1_175' title='bbox 1888 2727 2002 2810; x_wconf 86' lang='lat' dir='ltr'>pratis,</span> 
     </span>
    </p>
   </div>
   <div class='ocr_carea' id='block_1_8' title="bbox 224 2829 2006 3129">
    <p class='ocr_par' dir='ltr' id='par_1_9' title="bbox 224 2829 2006 3129">
     <span class='ocr_line' id='line_1_19' title="bbox 224 2829 2004 2918; baseline -0.002 -22"><span class='ocrx_word' id='word_1_176' title='bbox 224 2845 227 2852; x_wconf 86' lang='lat'>&#39;</span> <span class='ocrx_word' id='word_1_177' title='bbox 312 2833 450 2918; x_wconf 83' lang='lat' dir='ltr'>pascuis,</span> <span class='ocrx_word' id='word_1_178' title='bbox 474 2834 576 2918; x_wconf 88' lang='lat' dir='ltr'>aquis,</span> <span class='ocrx_word' id='word_1_179' title='bbox 600 2854 821 2918; x_wconf 83' lang='lat' dir='ltr'>aquarumque</span> <span class='ocrx_word' id='word_1_180' title='bbox 843 2829 1041 2914; x_wconf 80' lang='lat' dir='ltr'>desursibus,</span> <span class='ocrx_word' id='word_1_181' title='bbox 1078 2830 1271 2896; x_wconf 86' lang='lat' dir='ltr'>molendinis</span> <span class='ocrx_word' id='word_1_182' title='bbox 1296 2841 1327 2896; x_wconf 90' lang='lat' dir='ltr'>et</span> <span class='ocrx_word' id='word_1_183' title='bbox 1359 2833 1392 2895; x_wconf 92' lang='lat' dir='ltr'>in</span> <span class='ocrx_word' id='word_1_184' title='bbox 1427 2831 1580 2896; x_wconf 84' lang='lat' dir='ltr'>omnibus</span> <span class='ocrx_word' id='word_1_185' title='bbox 1613 2829 1763 2896; x_wconf 80' lang='lat' dir='ltr'>marchis.</span> <span class='ocrx_word' id='word_1_186' title='bbox 1799 2829 1839 2894; x_wconf 91' lang='lat' dir='ltr'>In</span> <span class='ocrx_word' id='word_1_187' title='bbox 1870 2831 2004 2894; x_wconf 88' lang='lat' dir='ltr'>nomine</span> 
     </span>
     <span class='ocr_line' id='line_1_20' title="bbox 311 2933 2006 3022; baseline -0.001 -21"><span class='ocrx_word' id='word_1_188' title='bbox 311 2935 432 3001; x_wconf 91' lang='lat' dir='ltr'>domini</span> <span class='ocrx_word' id='word_1_189' title='bbox 449 2960 553 3003; x_wconf 89' lang='lat' dir='ltr'>amen.</span> <span class='ocrx_word' id='word_1_190' title='bbox 577 2937 621 3002; x_wconf 93' lang='lat' dir='ltr'>Hi</span> <span class='ocrx_word' id='word_1_191' title='bbox 645 2947 720 3002; x_wconf 88' lang='lat' dir='ltr'>sunt</span> <span class='ocrx_word' id='word_1_192' title='bbox 742 2946 858 3002; x_wconf 83' lang='lat' dir='ltr'>testes:</span> <span class='ocrx_word' id='word_1_193' title='bbox 889 2936 1011 3021; x_wconf 88' lang='lat' dir='ltr'>Ratpot</span> <span class='ocrx_word' id='word_1_194' title='bbox 1035 2958 1152 3016; x_wconf 81' lang='lat' dir='ltr'>eomes,</span> <span class='ocrx_word' id='word_1_195' title='bbox 1177 2934 1345 3001; x_wconf 81' lang='lat' dir='ltr'>Gundram</span> <span class='ocrx_word' id='word_1_196' title='bbox 1369 2957 1486 3020; x_wconf 85' lang='lat' dir='ltr'>eomes,</span> <span class='ocrx_word' id='word_1_197' title='bbox 1519 2933 1695 3022; x_wconf 85' lang='lat' dir='ltr'>Gundpold</span> <span class='ocrx_word' id='word_1_198' title='bbox 1727 2957 1845 3016; x_wconf 85' lang='lat' dir='ltr'>comes,</span> <span class='ocrx_word' id='word_1_199' title='bbox 1868 2934 2006 3020; x_wconf 86' lang='lat' dir='ltr'>Huogo,</span> 
     </span>
     <span class='ocr_line' id='line_1_21' title="bbox 312 3030 1981 3129; baseline -0.002 -23"><span class='ocrx_word' id='word_1_200' title='bbox 312 3041 445 3127; x_wconf 84' lang='lat' dir='ltr'>Hunoif,</span> <span class='ocrx_word' id='word_1_201' title='bbox 468 3042 639 3128; x_wconf 85' lang='lat' dir='ltr'>Engildeo‚</span> <span class='ocrx_word' id='word_1_202' title='bbox 663 3041 848 3129; x_wconf 83' lang='lat' dir='ltr'>Gundpold,</span> <span class='ocrx_word' id='word_1_203' title='bbox 874 3041 991 3124; x_wconf 89' lang='lat' dir='ltr'>Puoso,</span> <span class='ocrx_word' id='word_1_204' title='bbox 1016 3039 1196 3107; x_wconf 83' lang='lat' dir='ltr'>Ootahelm.</span> <span class='ocrx_word' id='word_1_205' title='bbox 1976 3030 1981 3041; x_wconf 63' lang='grc'><em>“</em></span> 
     </span>
    </p>
   </div>
   <div class='ocr_carea' id='block_1_9' title="bbox 471 3203 1468 3275">
    <p class='ocr_par' dir='ltr' id='par_1_10' title="bbox 471 3203 1468 3275">
     <span class='ocr_line' id='line_1_22' title="bbox 471 3203 1468 3275; baseline -0.004 -11"><span class='ocrx_word' id='word_1_206' title='bbox 471 3207 621 3264; x_wconf 84' lang='lat' dir='ltr'>Anamodi.</span> <span class='ocrx_word' id='word_1_207' title='bbox 645 3206 754 3263; x_wconf 84' lang='lat' dir='ltr'>Tradit</span> <span class='ocrx_word' id='word_1_208' title='bbox 776 3207 805 3264; x_wconf 85' lang='lat' dir='ltr'>S.</span> <span class='ocrx_word' id='word_1_209' title='bbox 828 3208 996 3262; x_wconf 87' lang='lat' dir='ltr'>Emmeram.</span> <span class='ocrx_word' id='word_1_210' title='bbox 1019 3204 1083 3260; x_wconf 89' lang='lat' dir='ltr'>Lib.</span> <span class='ocrx_word' id='word_1_211' title='bbox 1104 3205 1126 3260; x_wconf 96' lang='lat' dir='ltr'>I.</span> <span class='ocrx_word' id='word_1_212' title='bbox 1150 3203 1221 3275; x_wconf 78' lang='lat' dir='ltr'>Cap.</span> <span class='ocrx_word' id='word_1_213' title='bbox 1246 3203 1298 3264; x_wconf 81' lang='grc'>87.</span> <span class='ocrx_word' id='word_1_214' title='bbox 1322 3211 1371 3260; x_wconf 86' lang='lat' dir='ltr'>str.</span> <span class='ocrx_word' id='word_1_215' title='bbox 1397 3203 1468 3260; x_wconf 76' lang='lat'>233.</span> 
     </span>
    </p>
   </div>
   <div class='ocr_carea' id='block_1_10' title="bbox 1025 3529 1286 3612">
    <p class='ocr_par' dir='ltr' id='par_1_11' title="bbox 1025 3529 1286 3612">
     <span class='ocr_line' id='line_1_23' title="bbox 1025 3529 1286 3612; baseline -0.008 0"><span class='ocrx_word' id='word_1_216' title='bbox 1025 3529 1166 3612; x_wconf 84' lang='lat' dir='ltr'>LXII.</span> <span class='ocrx_word' id='word_1_217' title='bbox 1193 3529 1286 3612; x_wconf 77' lang='lat'>860.</span> 
     </span>
    </p>
   </div>
   <div class='ocr_carea' id='block_1_11' title="bbox 454 3724 1846 3802">
    <p class='ocr_par' dir='ltr' id='par_1_12' title="bbox 454 3724 1846 3802">
     <span class='ocr_line' id='line_1_24' title="bbox 454 3724 1846 3802; baseline -0.006 -13"><span class='ocrx_word' id='word_1_218' title='bbox 454 3729 597 3789; x_wconf 77' lang='lat' dir='ltr'>Gandbat</span> <span class='ocrx_word' id='word_1_219' title='bbox 617 3729 728 3801; x_wconf 76' lang='lat' dir='ltr'>djakon</span> <span class='ocrx_word' id='word_1_220' title='bbox 752 3729 860 3802; x_wconf 69' lang='lat' dir='ltr'>daraJ&#39;e</span> <span class='ocrx_word' id='word_1_221' title='bbox 883 3729 974 3801; x_wconf 78' lang='lat' dir='ltr'>njeta</span> <span class='ocrx_word' id='word_1_222' title='bbox 1002 3727 1065 3785; x_wconf 82' lang='lat' dir='ltr'>sela</span> <span class='ocrx_word' id='word_1_223' title='bbox 1088 3742 1126 3784; x_wconf 77' lang='lat' dir='ltr'>aa</span> <span class='ocrx_word' id='word_1_224' title='bbox 1150 3724 1225 3784; x_wconf 81' lang='lat' dir='ltr'>Sala</span> <span class='ocrx_word' id='word_1_225' title='bbox 1248 3727 1259 3782; x_wconf 80' lang='lat' dir='ltr'>i</span> <span class='ocrx_word' id='word_1_226' title='bbox 1289 3725 1392 3784; x_wconf 67' lang='lat' dir='ltr'>vetita</span> <span class='ocrx_word' id='word_1_227' title='bbox 1411 3731 1585 3785; x_wconf 82' lang='lat' dir='ltr'>samostanu</span> <span class='ocrx_word' id='word_1_228' title='bbox 1608 3741 1650 3786; x_wconf 82' lang='lat' dir='ltr'>ea.</span> <span class='ocrx_word' id='word_1_229' title='bbox 1675 3725 1846 3784; x_wconf 82' lang='lat' dir='ltr'>Emerama.</span> 
     </span>
    </p>
   </div>
   <div class='ocr_carea' id='block_1_12' title="bbox 311 3893 2003 4805">
    <p class='ocr_par' dir='ltr' id='par_1_13' title="bbox 311 3893 2003 4805">
     <span class='ocr_line' id='line_1_25' title="bbox 470 3893 2001 3981; baseline -0.001 -19"><span class='ocrx_word' id='word_1_230' title='bbox 470 3898 704 3964; x_wconf 88' lang='lat' dir='ltr'>Nonnullorum</span> <span class='ocrx_word' id='word_1_231' title='bbox 740 3901 867 3964; x_wconf 91' lang='lat' dir='ltr'>nouerit</span> <span class='ocrx_word' id='word_1_232' title='bbox 902 3897 1061 3962; x_wconf 83' lang='lat' dir='ltr'>industria</span> <span class='ocrx_word' id='word_1_233' title='bbox 1094 3893 1247 3975; x_wconf 88' lang='lat' dir='ltr'>fidelium,</span> <span class='ocrx_word' id='word_1_234' title='bbox 1282 3894 1368 3981; x_wconf 89' lang='lat' dir='ltr'>quod</span> <span class='ocrx_word' id='word_1_235' title='bbox 1402 3893 1575 3980; x_wconf 84' lang='lat' dir='ltr'>Gundpato</span> <span class='ocrx_word' id='word_1_236' title='bbox 1609 3894 1806 3960; x_wconf 85' lang='lat' dir='ltr'>venerabilis</span> <span class='ocrx_word' id='word_1_237' title='bbox 1839 3894 2001 3960; x_wconf 84' lang='lat' dir='ltr'>diaeonus</span> 
     </span>
     <span class='ocr_line' id='line_1_26' title="bbox 312 3999 2003 4090; baseline -0.003 -22"><span class='ocrx_word' id='word_1_238' title='bbox 312 4005 525 4086; x_wconf 76' lang='lat' dir='ltr'>traditionem,</span> <span class='ocrx_word' id='word_1_239' title='bbox 556 4027 621 4090; x_wconf 89' lang='lat' dir='ltr'>qua</span> <span class='ocrx_word' id='word_1_240' title='bbox 654 4003 794 4090; x_wconf 80' lang='lat' dir='ltr'>capitulo</span> <span class='ocrx_word' id='word_1_241' title='bbox 830 4003 948 4068; x_wconf 85' lang='lat' dir='ltr'>XXIII</span> <span class='ocrx_word' id='word_1_242' title='bbox 983 4003 1165 4086; x_wconf 79' lang='lat' dir='ltr'>conscripta</span> <span class='ocrx_word' id='word_1_243' title='bbox 1200 4011 1259 4076; x_wconf 81' lang='lat' dir='ltr'>est,</span> <span class='ocrx_word' id='word_1_244' title='bbox 1296 3999 1436 4064; x_wconf 87' lang='lat' dir='ltr'>seeundo</span> <span class='ocrx_word' id='word_1_245' title='bbox 1469 4000 1619 4080; x_wconf 82' lang='lat' dir='ltr'>firmauit,</span> <span class='ocrx_word' id='word_1_246' title='bbox 1651 4000 1775 4064; x_wconf 86' lang='lat' dir='ltr'>addens</span> <span class='ocrx_word' id='word_1_247' title='bbox 1811 4021 1942 4086; x_wconf 88' lang='lat' dir='ltr'>quoque</span> <span class='ocrx_word' id='word_1_248' title='bbox 1969 4013 2003 4064; x_wconf 70' lang='lat' dir='ltr'>et</span> 
     </span>
     <span class='ocr_line' id='line_1_27' title="bbox 312 4103 2001 4196; baseline -0.004 -20"><span class='ocrx_word' id='word_1_249' title='bbox 312 4120 441 4176; x_wconf 75' lang='lat' dir='ltr'>caetera</span> <span class='ocrx_word' id='word_1_250' title='bbox 464 4110 544 4175; x_wconf 79' lang='lat' dir='ltr'>loos.</span> <span class='ocrx_word' id='word_1_251' title='bbox 569 4111 606 4176; x_wconf 90' lang='lat' dir='ltr'>In</span> <span class='ocrx_word' id='word_1_252' title='bbox 628 4112 811 4196; x_wconf 84' lang='lat' dir='ltr'>praesentia</span> <span class='ocrx_word' id='word_1_253' title='bbox 848 4111 946 4193; x_wconf 87' lang='lat' dir='ltr'>igitur</span> <span class='ocrx_word' id='word_1_254' title='bbox 984 4106 1110 4172; x_wconf 85' lang='lat' dir='ltr'>Arnulfi</span> <span class='ocrx_word' id='word_1_255' title='bbox 1133 4105 1224 4170; x_wconf 82' lang='lat' dir='ltr'>ducis</span> <span class='ocrx_word' id='word_1_256' title='bbox 1253 4103 1436 4190; x_wconf 81' lang='lat' dir='ltr'>praedictus</span> <span class='ocrx_word' id='word_1_257' title='bbox 1455 4103 1630 4170; x_wconf 84' lang='lat' dir='ltr'>Gundbato</span> <span class='ocrx_word' id='word_1_258' title='bbox 1665 4127 1804 4169; x_wconf 82' lang='lat' dir='ltr'>unacum</span> <span class='ocrx_word' id='word_1_259' title='bbox 1835 4106 2001 4170; x_wconf 74' lang='lat' dir='ltr'>aduocato</span> 
     </span>
     <span class='ocr_line' id='line_1_28' title="bbox 311 4209 2000 4296; baseline -0.002 -16"><span class='ocrx_word' id='word_1_260' title='bbox 311 4238 370 4280; x_wconf 89' lang='lat' dir='ltr'>suo</span> <span class='ocrx_word' id='word_1_261' title='bbox 395 4214 595 4281; x_wconf 84' lang='lat' dir='ltr'>Starohando</span> <span class='ocrx_word' id='word_1_262' title='bbox 617 4214 749 4279; x_wconf 86' lang='lat' dir='ltr'>tradidit</span> <span class='ocrx_word' id='word_1_263' title='bbox 771 4214 813 4279; x_wconf 84' lang='lat' dir='ltr'>ad</span> <span class='ocrx_word' id='word_1_264' title='bbox 837 4223 982 4278; x_wconf 88' lang='lat' dir='ltr'>sanetum</span> <span class='ocrx_word' id='word_1_265' title='bbox 1006 4211 1249 4276; x_wconf 81' lang='lat' dir='ltr'>Emmeramum</span> <span class='ocrx_word' id='word_1_266' title='bbox 1272 4209 1369 4274; x_wconf 88' lang='lat' dir='ltr'>talem</span> <span class='ocrx_word' id='word_1_267' title='bbox 1394 4212 1633 4294; x_wconf 81' lang='lat' dir='ltr'>proprietatem,</span> <span class='ocrx_word' id='word_1_268' title='bbox 1657 4209 1784 4296; x_wconf 78' lang='lat' dir='ltr'>qualem</span> <span class='ocrx_word' id='word_1_269' title='bbox 1809 4209 1924 4276; x_wconf 77' lang='lat' dir='ltr'>habuit</span> <span class='ocrx_word' id='word_1_270' title='bbox 1955 4211 2000 4276; x_wconf 87' lang='lat' dir='ltr'>ad</span> 
     </span>
     <span class='ocr_line' id='line_1_29' title="bbox 311 4313 2000 4404; baseline -0.003 -19"><span class='ocrx_word' id='word_1_271' title='bbox 311 4318 522 4400; x_wconf 80' lang='lat' dir='ltr'>Quartinaha,</span> <span class='ocrx_word' id='word_1_272' title='bbox 544 4329 576 4384; x_wconf 90' lang='lat' dir='ltr'>et</span> <span class='ocrx_word' id='word_1_273' title='bbox 591 4319 631 4384; x_wconf 89' lang='lat' dir='ltr'>ad</span> <span class='ocrx_word' id='word_1_274' title='bbox 648 4318 724 4384; x_wconf 80' lang='lat' dir='ltr'>Sale</span> <span class='ocrx_word' id='word_1_275' title='bbox 747 4332 778 4384; x_wconf 89' lang='lat' dir='ltr'>et</span> <span class='ocrx_word' id='word_1_276' title='bbox 800 4319 842 4384; x_wconf 83' lang='lat' dir='ltr'>ad</span> <span class='ocrx_word' id='word_1_277' title='bbox 859 4318 1030 4404; x_wconf 86' lang='lat' dir='ltr'>Vueligam</span> <span class='ocrx_word' id='word_1_278' title='bbox 1048 4319 1080 4380; x_wconf 91' lang='lat' dir='ltr'>in</span> <span class='ocrx_word' id='word_1_279' title='bbox 1098 4338 1227 4379; x_wconf 87' lang='lat' dir='ltr'>manum</span> <span class='ocrx_word' id='word_1_280' title='bbox 1246 4313 1397 4379; x_wconf 88' lang='lat' dir='ltr'>videlieet</span> <span class='ocrx_word' id='word_1_281' title='bbox 1412 4313 1555 4379; x_wconf 89' lang='lat' dir='ltr'>Hittonis</span> <span class='ocrx_word' id='word_1_282' title='bbox 1571 4315 1699 4380; x_wconf 88' lang='lat' dir='ltr'>abbatis</span> <span class='ocrx_word' id='word_1_283' title='bbox 1723 4325 1820 4401; x_wconf 83' lang='lat' dir='ltr'>atque</span> <span class='ocrx_word' id='word_1_284' title='bbox 1843 4315 2000 4380; x_wconf 68' lang='lat' dir='ltr'>Ekkirtei</span> 
     </span>
     <span class='ocr_line' id='line_1_30' title="bbox 311 4418 2001 4510; baseline -0.002 -20"><span class='ocrx_word' id='word_1_285' title='bbox 311 4427 481 4490; x_wconf 85' lang='lat' dir='ltr'>missorum</span> <span class='ocrx_word' id='word_1_286' title='bbox 508 4424 643 4510; x_wconf 85' lang='lat' dir='ltr'>praefati</span> <span class='ocrx_word' id='word_1_287' title='bbox 664 4425 767 4488; x_wconf 85' lang='lat' dir='ltr'>saneti</span> <span class='ocrx_word' id='word_1_288' title='bbox 800 4447 839 4488; x_wconf 83' lang='lat' dir='ltr'>ac</span> <span class='ocrx_word' id='word_1_289' title='bbox 861 4421 1057 4488; x_wconf 86' lang='lat' dir='ltr'>venerabilis</span> <span class='ocrx_word' id='word_1_290' title='bbox 1092 4420 1244 4506; x_wconf 80' lang='lat' dir='ltr'>Episcopi</span> <span class='ocrx_word' id='word_1_291' title='bbox 1277 4418 1517 4484; x_wconf 85' lang='lat' dir='ltr'>Ambrichonis.</span> <span class='ocrx_word' id='word_1_292' title='bbox 1554 4420 1612 4484; x_wconf 87' lang='lat' dir='ltr'>Isti</span> <span class='ocrx_word' id='word_1_293' title='bbox 1639 4431 1746 4484; x_wconf 82' lang='lat' dir='ltr'>autem</span> <span class='ocrx_word' id='word_1_294' title='bbox 1779 4429 1855 4485; x_wconf 84' lang='lat' dir='ltr'>sunt</span> <span class='ocrx_word' id='word_1_295' title='bbox 1877 4431 2001 4486; x_wconf 85' lang='lat' dir='ltr'>testes:</span> 
     </span>
     <span class='ocr_line' id='line_1_31' title="bbox 311 4523 2001 4611; baseline -0.002 -17"><span class='ocrx_word' id='word_1_296' title='bbox 311 4527 480 4594; x_wconf 80' lang='lat' dir='ltr'>Gundram</span> <span class='ocrx_word' id='word_1_297' title='bbox 504 4551 622 4607; x_wconf 86' lang='lat' dir='ltr'>comes,</span> <span class='ocrx_word' id='word_1_298' title='bbox 647 4539 679 4593; x_wconf 88' lang='lat' dir='ltr'>et</span> <span class='ocrx_word' id='word_1_299' title='bbox 702 4529 787 4594; x_wconf 88' lang='lat' dir='ltr'>filius</span> <span class='ocrx_word' id='word_1_300' title='bbox 811 4529 880 4592; x_wconf 85' lang='lat' dir='ltr'>eius</span> <span class='ocrx_word' id='word_1_301' title='bbox 905 4528 1082 4611; x_wconf 78' lang='lat' dir='ltr'>MegIngoa.</span> <span class='ocrx_word' id='word_1_302' title='bbox 1100 4523 1252 4608; x_wconf 79' lang='lat' dir='ltr'>sigihart.</span> <span class='ocrx_word' id='word_1_303' title='bbox 1277 4524 1411 4588; x_wconf 89' lang='lat' dir='ltr'>Droant.</span> <span class='ocrx_word' id='word_1_304' title='bbox 1437 4523 1625 4590; x_wconf 83' lang='lat' dir='ltr'>Wiiiihelm.</span> <span class='ocrx_word' id='word_1_305' title='bbox 1652 4523 1781 4606; x_wconf 83' lang='lat' dir='ltr'>Hohoit‚</span> <span class='ocrx_word' id='word_1_306' title='bbox 1806 4523 2001 4610; x_wconf 85' lang='lat' dir='ltr'>Lantperbt.</span> 
     </span>
     <span class='ocr_line' id='line_1_32' title="bbox 311 4627 2002 4718; baseline -0.001 -20"><span class='ocrx_word' id='word_1_307' title='bbox 311 4629 442 4718; x_wconf 84' lang='lat' dir='ltr'>Rihger.</span> <span class='ocrx_word' id='word_1_308' title='bbox 468 4632 617 4700; x_wconf 88' lang='lat' dir='ltr'>Drudolt.</span> <span class='ocrx_word' id='word_1_309' title='bbox 642 4633 814 4718; x_wconf 82' lang='lat' dir='ltr'>Sigiperht.</span> <span class='ocrx_word' id='word_1_310' title='bbox 838 4631 1035 4718; x_wconf 83' lang='lat' dir='ltr'>Epareehar.</span> <span class='ocrx_word' id='word_1_311' title='bbox 1053 4629 1199 4713; x_wconf 87' lang='lat' dir='ltr'>Vuitger.</span> <span class='ocrx_word' id='word_1_312' title='bbox 1216 4627 1367 4693; x_wconf 85' lang='lat' dir='ltr'>Otaohar.</span> <span class='ocrx_word' id='word_1_313' title='bbox 1384 4627 1530 4694; x_wconf 77' lang='lat' dir='ltr'>Einhart.</span> <span class='ocrx_word' id='word_1_314' title='bbox 1549 4629 1594 4692; x_wconf 88' lang='lat' dir='ltr'>Pe</span> <span class='ocrx_word' id='word_1_315' title='bbox 1603 4652 1638 4692; x_wconf 88' lang='lat' dir='ltr'>ro</span> <span class='ocrx_word' id='word_1_316' title='bbox 1667 4627 1848 4695; x_wconf 78' lang='lat' dir='ltr'>Framrieh.</span> <span class='ocrx_word' id='word_1_317' title='bbox 1870 4629 2002 4696; x_wconf 80' lang='lat' dir='ltr'>Karen-</span> 
     </span>
     <span class='ocr_line' id='line_1_33' title="bbox 312 4735 1116 4805; baseline -0.005 -3"><span class='ocrx_word' id='word_1_318' title='bbox 312 4748 417 4804; x_wconf 86' lang='lat' dir='ltr'>tanus.</span> <span class='ocrx_word' id='word_1_319' title='bbox 441 4737 533 4805; x_wconf 82' lang='lat' dir='ltr'>Glaz.</span> <span class='ocrx_word' id='word_1_320' title='bbox 556 4738 661 4804; x_wconf 89' lang='lat' dir='ltr'>Mirei.</span> <span class='ocrx_word' id='word_1_321' title='bbox 682 4739 794 4804; x_wconf 78' lang='lat' dir='ltr'>Kasia.</span> <span class='ocrx_word' id='word_1_322' title='bbox 819 4735 1031 4803; x_wconf 80' lang='lat' dir='ltr'>Necliuehim.</span> <span class='ocrx_word' id='word_1_323' title='bbox 1056 4745 1116 4798; x_wconf 86' lang='lat' dir='ltr'>ete.</span> 
     </span>
    </p>
   </div>
   <div class='ocr_carea' id='block_1_13' title="bbox 390 4878 1546 4984">
    <p class='ocr_par' dir='ltr' id='par_1_14' title="bbox 390 4878 1546 4984">
     <span class='ocr_line' id='line_1_34' title="bbox 390 4878 1546 4984; baseline -0.01 -8"><span class='ocrx_word' id='word_1_324' title='bbox 390 4945 393 4952; x_wconf 32' lang='grc' dir='ltr'><strong><em>ι</em></strong></span> <span class='ocrx_word' id='word_1_325' title='bbox 471 4919 618 4984; x_wconf 67' lang='lat' dir='ltr'>anement.</span> <span class='ocrx_word' id='word_1_326' title='bbox 642 4919 751 4976; x_wconf 58' lang='lat' dir='ltr'>rearis.</span> <span class='ocrx_word' id='word_1_327' title='bbox 774 4919 802 4974; x_wconf 82' lang='lat' dir='ltr'>s</span> <span class='ocrx_word' id='word_1_328' title='bbox 826 4920 995 4974; x_wconf 70' lang='lat' dir='ltr'>emmeram.</span> <span class='ocrx_word' id='word_1_329' title='bbox 1017 4915 1080 4972; x_wconf 78' lang='lat' dir='ltr'>mn.</span> <span class='ocrx_word' id='word_1_330' title='bbox 1105 4915 1127 4969; x_wconf 92' lang='lat'>1.</span> <span class='ocrx_word' id='word_1_331' title='bbox 1151 4912 1220 4984; x_wconf 67' lang='lat' dir='ltr'>cap.</span> <span class='ocrx_word' id='word_1_332' title='bbox 1246 4915 1296 4968; x_wconf 80' lang='lat' dir='ltr'>so.</span> <span class='ocrx_word' id='word_1_333' title='bbox 1319 4921 1367 4969; x_wconf 67' lang='lat' dir='ltr'>sn.</span> <span class='ocrx_word' id='word_1_334' title='bbox 1390 4913 1462 4967; x_wconf 78' lang='lat' dir='ltr'>ssa</span> <span class='ocrx_word' id='word_1_335' title='bbox 1535 4878 1546 4895; x_wconf 79' lang='grc'><em>“</em></span> 
     </span>
    </p>
   </div>
   <div class='ocr_carea' id='block_1_14' title="bbox 0 0 2181 5924">
    <p class='ocr_par' dir='ltr' id='par_1_15' title="bbox 0 0 2181 5924">
     <span class='ocr_line' id='line_1_35' title="bbox 0 0 2181 5924; baseline 0 0"><span class='ocrx_word' id='word_1_336' title='bbox 0 0 2181 5924; x_wconf 95' lang='lat' dir='ltr'> </span> 
     </span>
    </p>
   </div>
  </div>
 </body>
</html>
