4310 5918
703 645 906 726 CXXIX.
935 645 1052 727 1044.
1080 647 1114 726 l.
1139 645 1283 745 ruina.
1307 645 1342 726 U
1372 645 1529 728 Zadru.

535 799 634 872 Njeltu
656 799 794 857 Dnusete
817 799 924 870 deruis
941 799 1100 870 oporukom
1125 803 1300 856 samostuuu
1317 816 1360 858 so.
1386 799 1546 857 Krseooua
1568 800 1630 871 sooj
1652 802 1709 856 ort.

438 931 460 1010 †
481 926 519 991 In
545 924 666 990 Christi
686 927 814 989 nomine
835 935 867 990 et
884 925 1027 989 eiusdem
1054 928 1288 990 incarnacionis
1305 949 1389 990 anno
1407 926 1576 992 millesimo
1597 929 1823 1014 quatricesimo
1840 937 1965 1013 quarto,

283 1031 464 1096 indiccione
482 1033 581 1096 tercia
605 1032 740 1110 decima,
758 1031 851 1116 (Xll)
865 1032 925 1095 sub
943 1031 993 1094 die
1012 1031 1078 1096 fere
1094 1033 1197 1116 prima
1211 1033 1329 1094 mensis
1343 1033 1544 1116 septembris.
1561 1033 1796 1118 imperantibus
1811 1035 1964 1118 piissimis

242 1161 254 1178 ‘
281 1147 315 1202 et
341 1139 506 1224 perpetuis
537 1139 682 1221 augustis
707 1135 904 1203 ‚Constatino
922 1135 1180 1222 imperatoribus,
1202 1137 1354 1200 cathedra
1378 1136 1552 1222 pontificali
1577 1149 1709 1222 regente
1731 1138 1845 1202 Petrus
1870 1160 1964 1202 vene-

279 1241 375 1307 rabili
406 1245 557 1329 episcopo
581 1254 624 1306 et·
636 1241 765 1306 domino
788 1241 919 1306 Andrea
944 1243 1052 1328 priori.
1071 1242 1236 1305 Maturiori
1261 1263 1398 1327 namque
1415 1252 1446 1304 et
1462 1241 1582 1306 salubri
1600 1241 1735 1306 consilio
1751 1267 1770 1306 a
1788 1243 1964 1306 maioribus

281 1352 446 1435 prouisum
478 1359 536 1432 est,
571 1359 607 1412 ut
637 1351 739 1412 omnis
764 1371 836 1412 omo
867 1359 940 1412 ante
973 1348 1041 1411 dies
1075 1349 1185 1411 mortis
1210 1370 1267 1410 sne
1292 1346 1496 1433 disspensare
1527 1346 1731 1412 facultatulas
1756 1351 1965 1434 prins'quam

282 1455 394 1519 mortis
428 1453 572 1541 periculo
596 1463 758 1538 urgeatur,
783 1456 939 1538 cuiusque
963 1475 1132 1517 successus
1157 1455 1297 1516 incertus
1320 1455 1490 1534 nesciatur,
1515 1463 1622 1518 utrum
1639 1453 1778 1540 quedam
1795 1455 1964 1539 repentina

281 1561 391 1624 veniat
424 1581 522 1642 mors,
556 1569 612 1623 aut
641 1559 747 1624 officia
780 1559 889 1642 lingue
919 1561 1044 1643 priuata
1076 1579 1138 1620 nor.
1173 1567 1269 1642 queat
1303 1557 1390 1643 quod
1419 1562 1507 1644 cupit
1530 1561 1647 1623 testari.
1673 1559 1878 1645 Quamquam
1904 1581 1964 1644 ego

282 1663 430 1728 Dauseta
446 1667 621 1750 peccatrix,
638 1687 716 1727 sana
733 1675 847 1742 mente,
869 1665 1058 1748 integroque
1073 1663 1217 1744 consilio,
1235 1663 1389 1727 cartulam
1409 1667 1591 1729 testamenti
1608 1664 1749 1729 scribere
1768 1668 1965 1748 rogauimus.

281 1766 538 1854 Volo'namque
568 1780 600 1833 et
631 1768 736 1849 iubeo,
769 1777 804 1831 ut
836 1777 933 1847 ortus,
965 1770 1019 1853 qui
1054 1776 1102 1831 est
1125 1770 1215 1831 iuxta
1238 1772 1476 1850 monasterium,
1502 1793 1556 1834 cos
1581 1773 1645 1834 emi
1671 1793 1712 1834 ex
1735 1793 1807 1833 meo
1832 1771 1963 1857 proprio

281 1876 400 1959 precio,
419 1873 475 1938 fiat
492 1877 523 1938 in
542 1883 698 1959 potestate
723 1875 825 1936 sancti
843 1871 1036 1958 Chrisogoni
1061 1875 1200 1936 martiris
1224 1895 1282 1958 pro
1306 1875 1508 1938 redemcione
1533 1877 1638 1939 anime
1663 1897 1741 1960 mee,
1767 1899 1805 1939 ac
1822 1875 1963 1940 defuncti

281 1982 344 2045 viri
373 1983 445 2062 mei,
471 1991 505 2045 ut
528 1983 596 2066 ipse
620 1981 721 2046 abbas
757 1979 894 2054 Vitalns,
927 1982 958 2043 in
992 1981 1083 2043 euius
1117 2003 1231 2044 manus
1265 1991 1369 2044 ortum
1400 1980 1600 2060 tradidimus,
1633 2003 1704 2043 cum
1739 2004 1797 2043 sua
1829 2004 1963 2066 congre·

282 2088 417 2170 gecione
443 2097 534 2150 orent
557 2085 767 2171 omnipotenti
792 2084 853 2148 deo
879 2107 935 2170 pro
959 2084 1164 2150 redemcione
1188 2088 1293 2150 anime
1318 2097 1435 2150 nostre.
1459 2084 1661 2171 Quicumque
1690 2109 1766 2149 vero
1792 2095 1901 2149 nostra
1917 2087 1965 2150 di-

282 2191 435 2255 missione
472 2192 630 2255 contraire
665 2189 813 2270 voluerit,
838 2191 952 2253 iratum
975 2190 1070 2255 abeat
1085 2193 1204 2254 trinum
1229 2200 1261 2254 et
1284 2214 1381 2254 unum
1400 2191 1505 2272 deoru,
1530 2201 1562 2254 et
1587 2190 1816 2255 malediccione
1836 2193 1963 2254 tricenti

283 2295 394 2360 decem
427 2306 459 2360 et
482 2306 553 2360 octo
578 2298 679 2360 saneti
704 2307 821 2381 patres,
845 2305 876 2359 ct
899 2297 932 2359 in
953 2296 1078 2361 inferno
1103 2320 1174 2360 cum
1198 2295 1328 2360 diabolo
1352 2306 1383 2360 et
1406 2295 1530 2381 angelis
1555 2297 1622 2358 sius
1650 2319 1688 2360 ac
1711 2295 1814 2388 Judas
1839 2296 1965 2360 Scario-

284 2401 360 2466 then
394 2411 589 2465 muneretur.
619 2399 736 2465 Actum
769 2411 913 2487 tempore
945 2403 995 2466 die
1028 2412 1059 2467 et
1083 2403 1152 2468 loco
1176 2426 1215 2466 ac
1238 2402 1423 2466 consulibus
1447 2413 1482 2466 ut
1506 2425 1602 2488 supra
1626 2401 1747 2465 dictum
1771 2412 1829 2483 est,
1854 2404 1882 2465 is
1908 2425 1963 2487 ps-

283 2505 346 2570 lam
370 2506 525 2572 testibus:
584 2575 585 2580 γ

494 2611 629 2694 Signum
654 2600 767 2675 manus
792 2612 907 2678 Petrus
931 2614 1029 2679 lenita
1049 2616 1140 2678 testis

493 2717 657 2781 Tribunus
682 2717 800 2782 Paulus
824 2721 925 2803 testis,
950 2719 1068 2784 Martia
1093 2719 1190 2783 leuita
1215 2721 1314 2782 testis.

494 2823 600 2886 Maius
624 2828 839 2888 comerzarius
864 2829 963 2890 testis.
986 2824 1153 2889 Johannes
1177 2827 1278 2888 testis.

498 2928 570 3014 Ego
595 2927 731 2994 Orisana
755 2932 909 2994 diaconus
933 2941 1063 3015 rogatus
1095 2932 1207 3016 scipsit
1231 2940 1262 2993 et
1286 2931 1454 3016 coqrplcui.
1484 2931 1598 2995 Amen.

439 3110 544 3166 Matica
567 3130 603 3166 na
626 3072 698 3166 loti.
720 3112 748 3165 Iz
771 3111 899 3169 zadarslr.
916 3111 984 3182 gub.
1009 3113 1114 3168 arlriva.
1139 3113 1212 3167 Acta
1235 3132 1255 3168 s.
1276 3111 1461 3184 Chrysogoni.
1485 3113 1553 3184 Gap.
1579 3113 1600 3170 1.
1627 3113 1719 3168 Masso
1743 3113 1776 3170 B.
1801 3113 1849 3169 Nr.
1877 3115 1905 3167 3.

866 3410 1156 3505 CXXX.'(lko
1184 3445 1223 3522 g.
1250 3421 1368 3506 1044.

283 3585 365 3690 Secti
388 3588 479 3648 Peter
501 3585 635 3662 Damjon
656 3589 799 3664 spemiuje
823 3609 842 3649 n
866 3592 961 3661 sociiis
993 3593 1062 3651 deda
1080 3593 1202 3666 pisculi,
1220 3594 1346 3666 piscatu
1367 3595 1440 3666 pupi
1463 3594 1566 3652 Niloli
1590 3591 1633 3655 ΙΙ.
1659 3595 1817 3670 osorskopa
1838 3597 1965 3669 listune

283 3694 441 3768 blatenoya
472 3695 565 3753 Petro
596 3693 790 3768 condensus,
810 3696 992 3770 putrrjudepu
1023 3717 1043 3756 a
1074 3695 1179 3770 Ituliju
1203 3700 1231 3757 is
1261 3716 1348 3772 scope
1380 3700 1512 3772 atelnopu
1534 3701 1639 3772 mjesto
1664 3699 1760 3758 Osoro
1793 3701 1922 3774 lebetone
1945 3719 1965 3758 n

284 3801 446 3872 kroljeor'ni
468 3801 630 3872 broctslroj,
646 3793 949 3875 ibriposn'cdojuc'epa
963 3819 979 3860 o
995 3805 1140 3861 osornosti
1154 3805 1306 3878 ruetojepu
1321 3805 1481 3864 clostellno
1496 3805 1654 3880 leroutsltop
1664 3823 1770 3878 preme
1785 3807 1966 3865 sesamae.

970 3935 1021 4002 Ad
1046 3938 1215 4003 Nicolaum
1240 3939 1281 4004 Il.

284 4073 489 4140 Venerabilis
521 4097 648 4161 quoque
673 4075 873 4141 Gaudentius
895 4077 1078 4143 absarensis
1110 4081 1289 4165 episcopus,
1314 4082 1404 4152 cuius
1427 4103 1487 4164 ego
1511 4081 1735 4146 familiaritatis
1758 4082 1962 4148 dulcedinem

181 4251 186 4262 ,
285 4184 398 4263 merui,
434 4203 610 4267 perquem
635 4181 714 4246 deus
747 4184 809 4246 iam
841 4207 905 4247 non
938 4183 1080 4268 ignobile
1103 4185 1291 4248 miraculum
1317 4187 1445 4266 fecerat,
1470 4189 1687 4273 episcopatum
1714 4189 1845 4270 dimisit,
1871 4191 1965 4254 etde

285 4283 469 4350 sclavonico
501 4309 601 4371 regno
633 4289 800 4372 nauigans,
832 4287 979 4354 litoribus
1016 4293 1207 4354 anconitana
1239 4292 1327 4354 urbis
1360 4291 1523 4376 applicuit,
1556 4315 1661 4378 aqua
1683 4317 1745 4358 non
1771 4295 1867 4378 longe
1894 4307 1965 4381 post

284 4391 450 4457 biennium
480 4391 617 4456 feliciter
643 4395 738 4480 obiit,
761 4431 796 4440 —
827 4431 864 4441 -
892 4429 931 4441 -
1445 4387 1455 4408 '

400 4637 402 4641 y
443 4549 514 4613 Hac
545 4550 741 4615 venerabilis
774 4551 828 4616 ille
860 4554 909 4615 vir
940 4559 1102 4638 expertus,
1129 4552 1241 4617 Petrus
1266 4554 1495 4642 (Gaudentius)
1519 4556 1670 4622 videlicet
1692 4558 1878 4624 absarensis
1902 4561 1966 4646 epi·

286 4675 413 4739 scopus,
444 4655 498 4740 qui
528 4657 747 4740 episcopatum
779 4657 909 4740 dimisit,
942 4657 1037 4722 etde
1061 4657 1506 4744 sclauonieoreguoltallam
1538 4665 1694 4746 nauigans
1720 4662 1882 4728 littoribus
1906 4689 1960 4729 an·

210 4753 220 4762 ’
287 4761 434 4824 conitane
468 4759 554 4824 urbis
578 4761 745 4846 applicuit.
770 4761 833 4825 Hic
866 4761 953 4844 mihi,
978 4761 1053 4825 dum
1087 4765 1183 4827 totius
1214 4766 1300 4828 circa
1332 4788 1365 4827 se
1400 4768 1490 4848 regni
1524 4771 1735 4832 reuerentiam
1769 4782 1965 4856 conquestus

285 4874 472 4950 exponeret,
495 4888 534 4928 ac
561 4866 707 4931 molestia
731 4867 960 4952 inquietudinis
978 4867 1064 4931 tedia
1087 4879 1278 4952 numeraret,
1304 4871 1387 4932 inter
1408 4879 1515 4935 cetera
1539 4894 1634 4936 unum
1661 4873 1777 4956 intulit,
1800 4875 1887 4960 quod
1907 4899 1963 4940 vos

284 4967 385 5034 latere
408 4992 469 5033 non
491 4972 603 5055 patior.
629 4971 769 5052 Quidam
795 4973 907 5057 inquit,
932 4973 1073 5056 degener
1089 4973 1215 5058 quidem
1235 4976 1387 5058 moribus,
1405 4974 1461 5040 sed
1478 4979 1634 5042 maiorum
1651 4979 1761 5062 titulis,
1780 4983 1965 5067 insignitus,

285 5076 335 5140 sui
359 5076 486 5158 generis
510 5079 781 5160 consanguineam
808 5075 941 5162 nuptiali
964 5077 1073 5141 federe
1096 5077 1268 5163 copulauit.
1293 5079 1379 5159 Quid
1404 5080 1504 5165 plura,
1530 5082 1708 5167 prohibitus
1733 5088 1881 5170 perstitit,
1908 5111 1961 5151 sx-

286 5180 541 5244 communicatus
564 5180 700 5264 adhesit,
726 5191 891 5268 totumque
916 5181 1134 5247 ecclesiastice
1151 5206 1286 5248 censure
1304 5187 1458 5268 vigorem,
1472 5209 1630 5272 nugarum
1647 5189 1817 5276 puerilium
1834 5191 1960 5257 fabulas

284 5283 462 5370 deputauit.
493 5282 553 5348 Cui
577 5295 664 5350 certe
688 5285 748 5350 hoc
771 5287 812 5350 ad
836 5288 944 5351 diuine
971 5287 1201 5372 indignationis
1234 5290 1386 5354 iudicium
1418 5293 1562 5375 contigit,
1595 5302 1629 5357 ut
1653 5317 1751 5379 panes
1775 5295 1815 5359 de
1839 5300 1963 5382 nuptia·

283 5387 369 5458 libus
400 5391 519 5454 mensis
550 5392 581 5454 in
612 5391 736 5478 plateas
760 5403 833 5456 ante
855 5414 969 5456 canum
1002 5415 1058 5457 ora
1082 5397 1225 5480 proiecti,
1250 5397 1380 5460 minime
1403 5405 1620 5481 tangerentur.
1638 5399 1783 5487 Insuper,
1809 5418 1828 5466 o
1852 5401 1961 5468 diuiue
