4310 5918
750 600 856 682 clv.
889 600 982 683 986.
1009 602 1071 684 19.
1098 603 1312 704 prosince.
1340 603 1388 712 U,
1407 601 1560 686 zadru.

313 765 399 837 Mujo
418 765 509 837 priur
543 763 685 822 sudorslra'
708 762 913 834 iprolronaul¹
941 762 1115 835 Dolmscijc,
1149 781 1184 822 sn
1214 764 1301 822 soimr'
1332 763 1476 836 yrodjoni
1506 763 1698 834 raderstimi,
1729 764 1953 838 popruoljojndi
1977 765 2008 822 is

312 888 389 929 nova
411 871 502 928 crlrnu
526 886 568 927 so.
594 867 761 935 Krlcoona,
796 867 909 939 dorujn
944 867 1014 937 istoj
1043 861 1160 927 orsini
1190 873 1362 927 samostano
1397 868 1670 928 benedittinslromu
1701 871 1730 928 is
1762 888 1839 928 rzovo
1861 885 1917 928 svo
1941 873 2007 944 pri-

766 972 920 1045 podojudo
938 973 986 1044 joj
1008 973 1154 1044 pol-reno
1176 973 1188 1030 i
1211 975 1392 1045 nepolrrstno
1416 973 1540 1046 imarrja.

471 1144 508 1208 In
534 1142 664 1208 Christo
696 1144 825 1206 nomine
856 1154 888 1206 et
912 1141 1053 1206 ‹iosdsn
1084 1145 1313 1207 incarnationis
1339 1167 1423 1208 anno
1449 1144 1786 1212 DOOCOLXXXVI.
1822 1145 2007 1210 indictione

312 1248 422 1314 XIIII.
447 1250 507 1312 snb
525 1248 576 1312 die
591 1247 659 1312 fere
672 1245 813 1311 XVIIII.
829 1249 947 1311 mensis
970 1246 1158 1311 decembris.
1183 1248 1416 1340 Imperantibus
1444 1251 1581 1315 dominis
1613 1252 1767 1336 piissimis
1788 1254 1822 1316 et
1841 1252 2010 1337 perpetuis

313 1356 459 1438 augustis
489 1352 610 1417 Basilio
627 1363 659 1416 et
675 1351 897 1434 Constantino,
921 1377 940 1415 a
964 1353 1025 1416 deo
1048 1356 1190 1417 coronati
1209 1357 1315 1438 magni
1334 1358 1552 1440 imperatores.
1566 1355 1663 1442 Apud
1687 1358 1851 1422 ciuitatem
1873 1355 2006 1436 Jadera,

313 1457 489 1547 pontificali
521 1459 582 1523 sub
614 1459 771 1542 regimine
795 1457 957 1522 Anastasii
991 1459 1144 1543 episcopi.
1179 1458 1283 1542 igitur
1316 1481 1375 1543 ego
1407 1461 1536 1546 quidem
1562 1459 1668 1526 Maius
1700 1461 1788 1546 prior
1818 1461 2008 1546 supradicte

317 1567 469 1646 ciuitatis,
488 1575 584 1650 atque
601 1562 772 1649 proconsul
789 1561 1036 1656 Dalmatiarum,
1061 1586 1122 1626 una
1140 1586 1212 1627 cum
1230 1585 1389 1629 consensu
1406 1568 1546 1629 omnium
1569 1565 1723 1630 nobilium
1741 1577 1774 1630 et
1789 1565 2006 1630 habitantium

313 1672 454 1736 ciuitatis
476 1669 605 1750 Jadere,
627 1691 684 1733 seu
712 1679 745 1732 et
771 1667 942 1732 heredibus
969 1667 1089 1732 domini
1113 1668 1254 1751 Fusculi,
1279 1681 1375 1755 atque
1406 1669 1536 1734 Andree
1555 1673 1678 1755 prioris,
1705 1671 1922 1734 masculorum
1947 1693 2004 1734 seu

314 1777 517 1856 feminarum,
542 1786 638 1859 atque
675 1773 817 1837 uniuersi
838 1772 956 1857 populi,
990 1775 1145 1837 maiorum
1171 1786 1202 1838 et
1234 1778 1403 1856 minorum,
1438 1777 1579 1838 omnium
1613 1779 1645 1839 in
1678 1797 1776 1840 unum
1808 1776 2007 1858 conglobati,

263 1860 268 1870 ¹
316 1904 379 1946 uno
408 1879 592 1944 eonsilioet
612 1881 679 1964 pari
705 1877 883 1959 voluntate,
922 1881 1100 1964 cogitantes
1126 1877 1166 1942 de
1188 1878 1237 1941 dei
1263 1881 1386 1959 timore,
1411 1890 1444 1944 et
1467 1889 1578 1944 eterna
1599 1881 1825 1960 retribucione,
1857 1903 1896 1944 eo
1920 1882 2007 1966 quod

238 2002 241 2014 ’
318 1987 370 2052 ille
395 1986 476 2051 bene
512 1984 691 2072 possideret
713 2007 765 2048 res
789 1986 821 2047 in
846 1983 965 2065 seculo,
988 1985 1042 2070 qui
1068 1983 1130 2048 sibi
1154 1982 1194 2047 de
1228 1987 1373 2064 terrenis,
1408 1995 1504 2070 atque
1528 1984 1658 2048 caducis
1693 1995 1860 2070 comparat
1884 1988 2010 2068 premia

316 2094 521 2179 sempiterna.
540 2089 680 2154 Idcirco
704 2087 874 2153 ecclesiam
895 2088 981 2153 beati
1003 2087 1195 2173 Olirisogoni
1213 2081 1373 2176 martyris,
1391 2113 1454 2176 que
1478 2092 1539 2154 sita
1555 2101 1604 2154 est
1619 2090 1703 2153 infra
1728 2113 1836 2154 muros
1853 2092 2007 2174 ciuitatis,

315 2198 371 2264 ubi
394 2208 426 2262 et
448 2197 701 2261 sacratissimum
725 2197 794 2260 eius
818 2217 934 2280 corpus
966 2197 1148 2280 requiescit.
1182 2192 1278 2272 Quod
1310 2205 1359 2258 est
1381 2195 1527 2260 edificata
1549 2219 1569 2258 a
1590 2194 1743 2280 predictis
1773 2197 1853 2260 viris
1885 2195 2006 2260 domno

316 2300 458 2366 Fuseulo
476 2311 509 2364 et
523 2298 656 2364 Andrea
673 2301 788 2386 priore,
805 2299 860 2363 ubi
882 2299 999 2362 dicitur
1030 2299 1117 2384 quod
1149 2297 1321 2385 aliquando
1351 2301 1577 2364 monasterium
1601 2300 1724 2378 fuisset,
1749 2311 1799 2364 set
1823 2323 1880 2386 per
1904 2300 2006 2385 negli-

316 2409 458 2496 gentiam
483 2405 663 2470 defecisset.
687 2404 780 2468 Nune
805 2404 978 2468 adiuuante
1002 2404 1141 2486 domino,
1175 2403 1421 2468 rehedificamus
1454 2405 1629 2468 secundum
1668 2426 1793 2469 omnem
1820 2409 2010 2471 monasterii
2104 2482 2107 2488 ,

318 2515 472 2590 ordinem,
510 2522 607 2598 atque
642 2511 829 2600 ordinamus
860 2509 1014 2574 domnum
1044 2509 1200 2589 Medium,
1231 2510 1282 2573 dei
1315 2509 1524 2590 sacerdotem,
1560 2519 1592 2572 et
1628 2509 1818 2574 monachum
1850 2521 2010 2592 nostrum,

229 2641 233 2647 ·
317 2641 389 2684 esse
413 2618 574 2698 abbatem,
611 2618 665 2702 qui
690 2615 750 2680 fuit
772 2638 814 2678 ex
835 2617 1027 2680 monasterio
1052 2617 1153 2680 sancti
1178 2614 1361 2697 Benedicti,
1386 2615 1471 2701 quod
1496 2617 1591 2678 situm
1615 2626 1665 2679 est
1688 2617 1721 2678 in
1745 2625 1851 2681 monte
1875 2615 2009 2698 Casino,

219 2777 223 2784 ,
317 2747 477 2790 unacum
511 2745 669 2788 consensu
692 2731 799 2786 nostre
824 2722 1083 2806 congregationis
1109 2722 1194 2785 boati
1229 2719 1437 2804 Chrisogoni,
1469 2731 1500 2784 ot
1531 2720 1686 2784 tradimus
1720 2723 1747 2784 ei
1782 2721 1928 2806 predicte
1956 2745 2007 2786 ec-

221 2833 225 2841 '
317 2830 414 2896 clesie
436 2831 543 2894 omnia
560 2811 678 2892 ibidem
698 2828 901 2912 pertinentia.
930 2825 1215 2907 Domus,'vineas,
1240 2837 1272 2889 et
1292 2837 1393 2890 terras
1416 2823 1528 2904 cultas,
1553 2823 1604 2888 vel
1622 2823 1769 2906 incultas,
1794 2826 1929 2890 mobilia
1947 2849 2005 2891 seu

317 2934 503 3016 immobilia,
530 2945 565 2998 ut
582 2937 613 2998 in
639 2936 739 3019 ipsius
765 2936 807 2996 sit
830 2943 998 3018 potestate,
1024 2944 1056 2995 et
1081 2955 1208 2996 suorum
1233 2931 1378 3012 fratrum,
1402 2931 1443 2993 ad
1468 2929 1615 2993 solatium
1641 2929 1760 2994 ibidem
1784 2933 2008 3014 seruientium,

318 3041 483 3121 utendum,
508 3037 748 3125 possidendum,
776 3037 1015 3124 perfruendum,
1040 3038 1263 3114 ordinandum,
1291 3040 1360 3101 sine
1384 3038 1639 3101 contradictione
1664 3037 1769 3118 ullius,
1800 3037 1860 3103 tibi
1888 3037 2010 3102 domno

207 3215 210 3222 .
317 3148 426 3213 Madio
445 3144 554 3211 abbati
571 3145 724 3231 predicto,
754 3145 880 3229 tuisque
905 3145 1157 3226 successoribus,
1176 3144 1334 3228 quitpost
1364 3152 1395 3206 te
1427 3145 1554 3206 venturi
1571 3154 1655 3226 sunt,
1687 3144 1866 3208 secundum
1895 3165 2010 3208 mona-

318 3261 431 3318 sticum
446 3250 602 3315 ordinem.
618 3249 726 3336 Unum
743 3257 849 3312 tamen
867 3247 959 3312 nobis
976 3247 1228 3334 reprehensibile
1245 3271 1315 3312 esse
1333 3248 1469 3329 videtur,
1482 3248 1568 3334 quod
1581 3248 1718 3313 ecclesia
1732 3261 1826 3315 extra
1839 3251 2011 3336 antiquam

317 3358 490 3424 claustram
515 3359 556 3420 sit
589 3356 701 3441 posita,
728 3353 813 3440 quod
841 3365 991 3440 precepta
1008 3356 1111 3417 sancti
1139 3355 1220 3440 patri
1243 3353 1411 3418 Benedicti
1436 3354 1606 3439 perhibent
1626 3354 1705 3437 lieri,
1730 3378 1768 3420 eo
1792 3355 1879 3441 quod
1901 3359 2013 3422 omnia

318 3463 503 3529 necessaria
528 3462 694 3526 monachis
718 3459 803 3523 infra
827 3461 1055 3524 monasterium
1096 3459 1236 3524 debeant
1258 3459 1382 3540 haberi,
1415 3470 1450 3523 ut
1481 3459 1568 3523 nulla
1600 3463 1776 3524 necessitas
1809 3464 1851 3524 sit
1883 3464 1931 3526 eis
1956 3485 2011 3525 ra·

328 3569 437 3656 gandi.
459 3566 602 3653 Ideoque
621 3547 709 3628 ¹viam
734 3563 906 3650 publicam,
931 3585 993 3649 quo
1018 3566 1101 3628 inter
1125 3564 1295 3628 ecclesiam
1321 3574 1353 3628 et
1378 3565 1543 3649 antiquam
1564 3564 1735 3629 claustram
1761 3565 1830 3647 luit,
1856 3567 2011 3632 claudere

321 3673 466 3752 fecimus,
479 3671 543 3736 alia
555 3681 662 3735 autem
676 3670 729 3733 via
742 3668 878 3754 publica,
893 3691 956 3755 que
969 3669 1010 3734 ab
1024 3671 1147 3734 oriente
1163 3666 1299 3734 ecclesie
1316 3671 1421 3754 posita
1450 3669 1519 3750 fuit,
1534 3669 1681 3734 similiter
1697 3669 1847 3736 claudere
1859 3671 2014 3770 fecimus,

318 3777 376 3845 sed
399 3780 538 3843 inuicem
564 3775 708 3840 eiusdem
732 3776 784 3838 vic
817 3775 1043 3840 deterritorio
1079 3775 1221 3840 eiusdem
1259 3775 1396 3840 ecclesie
1427 3777 1512 3838 viam
1546 3775 1680 3839 fecimus
1710 3776 1883 3862 publicam,
1915 3799 2012 3842 secus

320 3907 446 3950 murum
480 3883 632 3947 ciuitatis.
663 3879 735 3944 Hec
763 3881 870 3944 omnia
901 3903 964 3944 non
1000 3881 1133 3966 speciali
1173 3891 1282 3946 nostro
1314 3881 1449 3944 consilio
1471 3880 1527 3944 sed
1553 3882 1702 3945 omnibus
1725 3883 2008 3948 consentientibus

210 4005 213 4011 '
319 3989 451 4074 ciuibus
471 3987 512 4053 ad
546 3985 757 4052 saluationcm
792 3985 935 4070 predicte
965 3988 1114 4066 ciuitatis,
1145 3995 1177 4050 et
1200 3985 1307 4072 populi
1340 3973 1571 4068 ordinabimus,
1604 3999 1636 4052 et
1668 3983 1895 4052 constituimus
1913 3999 2013 4075 atque

318 4097 494 4174 firmamus,
517 4101 553 4157 ut
575 4095 601 4156 si
626 4090 734 4176 aliquo
759 4089 918 4154 diabolico
943 4091 1058 4176 spiritu
1082 4091 1242 4178 impletus,
1267 4091 1353 4178 quod
1378 4115 1440 4155 non
1465 4103 1622 4177 optamus,
1654 4103 1765 4157 eontra
1789 4115 1848 4164 vos
1865 4107 2012 4158 vestros·

319 4224 382 4289 que
406 4220 611 4264 successores
629 4196 807 4260 molestiam
825 4194 865 4260 de
882 4195 977 4260 rebus
993 4207 1048 4261 aut
1065 4197 1262 4262 substanciis
1280 4199 1392 4262 fecerit
1416 4197 1456 4261 de
1480 4198 1666 4282 supradicta
1689 4198 1835 4279 ecclesia,
1860 4197 2011 4264 habeatis

319 4307 578 4375 licentiamucum
610 4302 670 4367 hac
693 4302 817 4366 cartula
849 4300 1092 4366 traditionisin
1127 4303 1280 4396 iudicium
1317 4305 1436 4383 venire,
1470 4313 1567 4388 atque
1600 4313 1777 4368 monstrare
1809 4315 1885 4368 ante
1909 4306 2011 4390 impe-

319 4423 469 4494 ratorem,
502 4419 576 4474 ante
610 4430 730 4492 regem,
762 4417 837 4471 ante
868 4407 1029 4488 comitem,
1062 4410 1131 4472 siue
1163 4408 1302 4490 indices,
1335 4410 1389 4494 qui
1423 4429 1479 4494 pro
1511 4421 1655 4494 tempore
1686 4405 1825 4489 luerint,
1856 4419 1892 4474 ut
1928 4409 2011 4480 nibil

320 4516 444 4603 aliquid
477 4515 518 4580 de
553 4513 739 4600 supradicta
769 4535 868 4576 causa
902 4512 1091 4578 subtrahere
1125 4524 1273 4600 possunt;
1301 4514 1388 4600 quod
1419 4513 1445 4576 si
1482 4512 1598 4599 aliquis
1623 4535 1827 4600 quocumque
1860 4523 2008 4600 tempore

322 4619 483 4686 diabolico
507 4620 621 4704 spiritu
646 4616 797 4704 repletos,
823 4629 887 4681 tam
911 4617 951 4682 de
975 4623 1104 4702 nostrie,
1129 4641 1226 4706 quam
1242 4618 1282 4683 de
1303 4620 1477 4702 extraneis,
1495 4631 1606 4683 contra
1622 4629 1765 4684 nostram
1782 4619 2012 4686 diffinitionem

320 4726 431 4812 aliqua
454 4713 593 4789 aduersa
615 4723 723 4788 facere
748 4726 990 4810 presumpserit,
1015 4727 1131 4788 iratum
1156 4723 1273 4788 habeat
1290 4734 1422 4809 patrem,
1438 4723 1596 4806 etlilium,
1622 4737 1653 4788 et
1677 4727 1825 4810 spiritum
1849 4738 2010 4806 sanctum,

322 4843 355 4896 et
373 4828 631 4894 maledictionem
656 4851 675 4892 a
699 4825 785 4892 000
823 4839 855 4892 et
878 4827 1002 4892 XVIII.
1036 4832 1137 4894 saneti
1159 4839 1265 4915 patres
1291 4827 1366 4915 (sic)
1388 4841 1420 4893 et
1445 4831 1478 4893 in
1508 4831 1684 4894 nouissimo
1717 4830 1907 4896 maranatha
1937 4830 2013 4898 cum

320 4933 450 5000 diabolo
472 4943 505 4998 et
528 4935 597 4996 eius
620 4932 742 4997 tethros
765 4933 908 5018 angelos,
933 4957 953 4998 a
967 4933 1055 4998 Juda
1071 4933 1238 4999 Scariothe
1255 4935 1287 4996 in
1305 4933 1430 4999 inferno
1462 4933 1635 5016 videretur,
1660 4944 1692 5000 et
1716 4935 1777 5000 hec
1807 4936 1933 5002 certula
1955 4947 2012 5003 vo·

321 5041 428 5106 lumus
452 5047 488 5104 ut
510 5039 544 5104 in
567 5059 626 5102 sua
651 5049 778 5104 maneat
801 5037 961 5104 firmitate.
990 5037 1107 5104 Actum
1126 5037 1187 5104 hoc
1202 5048 1351 5126 tempore
1374 5063 1393 5104 a
1416 5037 1603 5105 consulibus
1619 5042 1858 5128 suprascriptis,
1882 5051 1915 5108 et
1939 5041 2011 5109 loco

321 5167 431 5212 corum
455 5143 506 5207 his
530 5141 675 5224 testibus,
700 5154 732 5208 et
754 5145 886 5230 insuper
900 5145 1075 5226 firmamus,
1093 5155 1125 5209 et
1141 5145 1374 5228 constituimus,
1395 5154 1429 5210 ut
1444 5146 1590 5231 quisquis
1607 5145 1824 5212 contradIetor
1853 5149 2010 5231 extiterit,

322 5253 408 5316 sicut
430 5248 578 5334 superius
602 5247 753 5330 diximus,
789 5271 853 5314 non
887 5249 991 5315 solum
1025 5249 1074 5313 his
1105 5250 1299 5337 supradietis
1336 5249 1615 5317 maledictionibus
1651 5252 1805 5334 subiceat,
1830 5253 2012 5320 sedetiam

322 5377 440 5452 penam
464 5351 628 5444 persoluat
649 5356 720 5420 auri
742 5355 840 5422 libras
860 5353 936 5422 XX.
958 5365 991 5422 et
1012 5354 1167 5422 confusus
1200 5356 1294 5422 sileat
1316 5367 1432 5440 mutus,
1458 5366 1490 5422 et
1513 5355 1596 5422 hanc
1620 5357 1776 5423 cartulam
1810 5357 1940 5428 firmam
1967 5383 2007 5430 ac
