4310 5918
648 605 799 690 uxxl.
827 609 941 693 1035.
968 611 1157 711 11111111
1183 612 1366 696 studens
1393 612 1447 693 111
1474 613 1686 714 prosince.

320 753 412 830 NJelci
430 755 564 816 suedeait
572 757 642 830 pise
661 757 763 818 1111111
786 760 914 834 bistupu
926 763 963 820 od
989 763 1152 838 Vormcctie
1165 766 1241 823 tuto
1251 766 1285 840 je
1300 765 1422 824 11111111
1433 765 1557 837 vojaocta
1573 764 1744 824 Adulteros
1755 783 1818 839 pao
1835 769 2005 840 1111111ηῇ11,

320 858 361 917 du
383 859 414 919 de
431 861 570 936 pomotju
602 863 741 922 Hrautuh
764 865 775 922 i
798 865 1005 926 Mirmidouuh
1034 869 1442 942 (Vindouuh-Stovenuoab?)
1473 870 1590 928 aderiti
1612 889 1653 930 uu
1675 871 1868 946 ajemuttoqu
1891 872 2004 946 kratja.

476 997 677 1081 Dignissimo
709 999 845 1066 dilectae
877 1001 994 1068 filiolae
1031 1003 1235 1070 Wormaciae
1259 1007 1352 1091 patri,
1378 1005 1495 1071 domno
1521 1027 1578 1070 suo
1602 1005 1746 1070 Aaeconi
1773 1009 1937 1094 episcopo,
1961 1005 2002 1072 G.

317 1101 465 1168 infirmus
489 1112 520 1168 et
542 1103 664 1168 inutilis
685 1109 802 1172 summi
833 1110 932 1193 patris
956 1107 1096 1174 familias
1113 1111 1332 1195 vespertinum
1352 1110 1530 1176 denarium.
1557 1149 1593 1162 -
1621 1110 1740 1176 Malam
1765 1133 1860 1176 aures
1880 1111 2006 1178 domini

318 1207 381 1271 mei
404 1211 568 1293 prosperis
593 1231 720 1295 semper
744 1210 917 1278 laetificare
938 1235 1035 1299 quam
1058 1214 1196 1279 aduerso
1221 1213 1366 1300 quolibet
1389 1218 1518 1296 nuncio,
1542 1216 1628 1302 quod
1652 1239 1716 1280 non
1741 1217 1843 1297 decet,
1869 1226 2004 1282 unctum

318 1310 483 1376 dominum
500 1313 689 1400 inquietare,
707 1315 764 1380 sed
780 1319 857 1402 quia
872 1341 930 1383 vos
954 1318 1051 1384 michi
1070 1321 1133 1384 iam
1149 1319 1270 1384 dudum
1292 1323 1475 1407 precepisse
1498 1322 1638 1403 memini,
1665 1343 1704 1386 ne
1728 1343 1792 1406 qua
1815 1343 1875 1386 vos
1899 1319 2003 1388 celem

318 1437 380 1502 que
396 1415 493 1481 miehi
508 1416 627 1484 alicubi
642 1421 850 1504 innotescant,
868 1432 1019 1508 precepto
1035 1434 1067 1490 et
1084 1422 1238 1488 voluntati
1255 1435 1383 1492 vestrae
1406 1428 1440 1490 in
1460 1425 1554 1492 huius
1571 1425 1658 1492 modi
1674 1407 1789 1512 parere
1806 1447 1871 1492 non
1886 1427 2003 1512 ignoro

317 1530 474 1608 oportere.
498 1523 527 1586 A
551 1527 709 1610 proxima,
735 1549 817 1613 quae
840 1551 942 1615 nuper
958 1528 1027 1609 fuit,
1044 1530 1215 1612 dominica,
1239 1531 1399 1616 principes
1415 1531 1423 1568 ¹
1440 1532 1542 1615 regni,
1567 1529 1689 1596 scilicet
1710 1529 1771 1594 Ha
1804 1529 2003 1596 coloniensis

315 1625 586 1716 archiepiscopus,
613 1629 722 1696 Bruno
755 1633 1025 1718 wirceburgensis
1058 1637 1237 1722 episcopus,
1269 1657 1342 1700 cum
1373 1637 1509 1702 caeteris
1543 1635 1761 1722 compluribus
1785 1658 2002 1722 nuncusque

316 1729 510 1818 Moguntia³
532 1756 568 1798 se
591 1737 764 1816 continent,
789 1738 888 1802 multa
919 1738 1135 1822 consiliantes,
1172 1739 1270 1804 multa
1301 1750 1485 1821 tractantes,
1518 1739 1619 1806 multa
1650 1740 1862 1806 conferentes.
1894 1740 2003 1808 Huius

216 1849 218 1858 ’
315 1846 493 1904 conuentus
527 1862 684 1906 summam
717 1845 793 1930 quia
819 1846 967 1910 intimare
985 1845 1077 1910 vobis
1101 1857 1220 1910 certam
1250 1869 1312 1912 non
1330 1868 1510 1933 possumus,
1535 1845 1693 1932 quasdam
1718 1869 1801 1932 quae
1824 1847 1903 1932 ipsis
1920 1845 2003 1910 refe·

314 1945 459 2008 rentibus
489 1947 631 2032 reperire
654 1968 712 2012 nos
743 1950 886 2035 contigit,
919 1951 1011 2016 vohis
1036 1936 1178 2016 scribere
1211 1952 1404 2016 curauimus.
1437 1950 1560 2014 Ferunt
1590 1951 1744 2016 domnum
1772 1953 2002 2038 imperatorem

315 2055 508 2132 augustum,
545 2053 665 2116 veteris
697 2055 855 2119 existente
890 2079 989 2121 causa
1030 2056 1094 2120 odii
1131 2055 1337 2121 vehementer
1372 2057 1546 2120 animatum
1585 2079 1656 2122 esse
1691 2058 1724 2120 in
1760 2055 2003 2124 Adalberanem

315 2152 431 2218 ducem
454 2165 487 2218 et
510 2156 727 2222 marchionem
760 2167 791 2223 et
814 2162 859 2224 ita
881 2163 1066 2243 animatum,
1102 2162 1187 2248 quod
1218 2163 1403 2228 conuocatis
1432 2183 1540 2225 coram
1572 2183 1607 2226 se
1637 2161 1846 2247 principibus,
1878 2161 2005 2226 scilicet

314 2256 352 2322 Ε.
385 2257 426 2322 Α.
456 2260 721 2344 marchionibus*
751 2267 953 2351 caeterisque
985 2266 1200 2352 principibus,
1236 2269 1290 2352 qui
1332 2275 1408 2330 tuno
1438 2265 1483 2330 ihi
1522 2267 1714 2346 intererant,
1751 2268 1903 2353 quatinus
1937 2267 2012 2352 ipsi‘

314 2360 513 2428 Adalberoni
538 2365 688 2432 ducatum
715 2391 807 2433 suum
832 2381 864 2437 et
887 2371 1050 2436 maroham
1087 2371 1206 2436 iudicio
1230 2371 1427 2451 abdicarent,
1455 2365 1653 2456 preceperat.
1678 2370 1742 2436 Sed
1766 2374 1839 2458 ipsi,
1872 2393 1937 2435 non
1961 2370 1996 2434 id

305 2470 377 2534 -nisi
401 2471 433 2534 in
459 2474 621 2556 presentia
644 2483 676 2538 et
698 2475 817 2540 iudicio
846 2475 903 2540 filii
927 2479 976 2540 sui
993 2476 1139 2542 Heinrici
1156 2479 1242 2560 regis
1265 2477 1334 2542 lieri
1358 2474 1487 2554 debere,
1510 2485 1644 2561 accepto
1666 2476 1800 2540 oonsilio
1823 2476 1999 2564 responde·

317 2584 401 2640 runt.
428 2575 500 2656 Quo
525 2587 650 2660 vocato,
674 2582 850 2666 imperator
866 2583 1014 2646 iniuriam
1033 2605 1124 2646 suam
1143 2585 1302 2667 exposuit,
1327 2581 1428 2644 lilium
1452 2603 1556 2662 suurn,
1580 2583 1733 2666 quatinus
1756 2581 2000 2646 Adalberonem

313 2681 507 2746 omnimodis
531 2685 763 2770 insequeretur,
789 2695 823 2750 ut
846 2689 915 2772 ipse
939 2709 1010 2751 eum
1048 2709 1082 2750 se
1119 2685 1255 2770 diligere
1289 2694 1508 2770 cognosceret,
1541 2685 1726 2770 postulauit,
1757 2684 1917 2772 simulque
1942 2686 2001 2750 du·

314 2796 420 2850 catum
445 2787 507 2852 sihi
532 2788 651 2854 iudicio
680 2789 896 2856 abdicandum
922 2803 954 2858 et
978 2793 1144 2856 nunciauit
1160 2801 1192 2856 et
1215 2793 1351 2875 rogauit.
1377 2791 1525 2856 Domnus
1549 2813 1627 2857 vero
1648 2791 1822 2856 Heinricus
1844 2814 1913 2872 rex,
1939 2793 2001 2856 etsi

315 2893 398 2978 patri
422 2915 480 2978 per
503 2896 610 2958 omnia
633 2883 784 2961 oboedire
809 2907 841 2962 et
862 2896 960 2962 vellet
994 2907 1025 2962 et
1048 2897 1191 2975 deberet,
1216 2919 1337 2962 memor
1361 2907 1467 2960 tamen
1493 2895 1659 2960 cuiusdam
1685 2898 1781 2981 pacti,
1814 2895 1901 2983 quod
1925 2919 2000 2962 curn

314 2995 515 3064 Adalberoni
539 3002 715 3086 pepigerat,
740 3003 826 3088 quod
848 3012 938 3088 pater
957 3004 1092 3088 rogauit,
1114 3012 1144 3066 te
1170 3025 1231 3066 non
1251 3023 1345 3088 posse
1361 3025 1421 3066 nec
1435 3001 1554 3066 dehere
1572 3003 1690 3087 exequi
1708 3003 1868 3065 constanti
1889 3004 1999 3066 animo

313 3105 441 3168 iurauit.
467 3103 563 3183 Quod
585 3127 657 3170 cum
675 3106 730 3171 diu
752 3117 933 3190 tractarent,
952 3118 1040 3194 patre
1058 3130 1185 3193 semper
1200 3117 1231 3170 et
1249 3106 1477 3206 monitiopihus
1494 3117 1526 3170 11
1542 3108 1637 3170 minis
1660 3115 1692 3169 et
1716 3129 1810 3191 prece
1835 3107 2000 3172 omnibus-

313 3229 375 3293 que
401 3207 622 3275 huiuscemodi
646 3210 925 3280 exhortationibus
949 3213 1163 3294 incumbente,
1188 3211 1254 3276 filio
1280 3235 1355 3276 vcro
1381 3219 1511 3276 econtra
1538 3209 1699 3275 obstinato
1722 3214 1830 3276 animo
1852 3221 1884 3276 et
1909 3213 1955 3277 nil
1980 3238 1999 3276 a

313 3314 419 3399 priore
438 3317 598 3380 sententia
615 3326 735 3382 mutato
753 3317 986 3400 recalcitrante,
1005 3317 1133 3382 tandem
1151 3320 1326 3404 imperator
1351 3315 1446 3380 huius
1463 3315 1583 3380 doloris
1607 3316 1838 3381 immedicabili
1862 3317 1999 3382 vulnere

312 3429 426 3502 tactus,
451 3443 523 3484 cum
547 3422 592 3486 ita
619 3421 720 3486 filium
745 3445 822 3486 suae
846 3423 1002 3488 voluntati
1027 3424 1140 3490 deesse
1164 3423 1305 3505 videbat,
1329 3430 1403 3486 ante
1427 3445 1484 3486 ora
1506 3423 1648 3486 omnium
1673 3425 1737 3485 iam
1761 3445 1893 3508 prorsus
1919 3423 1998 3487 elin·

313 3527 385 3610 guis
409 3526 470 3590 sibi
494 3526 675 3609 excidebat,
700 3537 731 3591 et
754 3551 859 3615 neque
891 3529 1025 3614 loquens
1050 3550 1153 3614 neque
1178 3527 1292 3592 videns
1317 3549 1420 3612 neque
1444 3549 1628 3614 quenquam
1661 3529 1867 3612 presentium,
1893 3531 1998 3592 11111-

313 3630 460 3712 debatur,
492 3653 674 3716 agnoscens
707 3642 738 3697 et
770 3634 814 3696 ita
845 3636 876 3697 in
907 3642 1018 3720 ectasy
1047 3635 1163 3698 mentis
1199 3635 1321 3717 positus
1344 3633 1427 3696 inter
1462 3631 1594 3696 brachia
1617 3631 1797 3697 tollentium
1819 3634 1852 3697 in
1876 3633 1998 3698 lectum

313 3735 498 3802 collocatur.
522 3737 601 3802 Post
623 3735 789 3825 aliquanta
811 3738 853 3804 ad
876 3762 911 3803 se
935 3743 1039 3825 ipsum
1071 3739 1209 3820 rediens,
1233 3740 1403 3804 conuocari
1436 3739 1551 3802 iterum
1586 3736 1676 3802 iubet
1707 3736 1810 3802 filium
1840 3737 1881 3801 ad
1905 3760 1941 3802 se
1964 3752 2000 3804 et

314 3845 484 3927 principes.
506 3841 633 3922 Quibus
657 3847 843 3910 conuocatis
862 3846 978 3927 sciens,
995 3847 1070 3931 quia
1098 3867 1153 3908 cor
1168 3844 1340 3908 contritum
1364 3853 1396 3906 et
1416 3841 1618 3906 humiliatum
1642 3841 1734 3906 Deus
1759 3865 1822 3907 non
1847 3840 1998 3928 despicit,

313 3969 385 4010 sese
411 3947 451 4010 ad
470 3946 569 4034 pedes
585 3949 642 4014 lilii
659 3951 707 4014 sui
732 3949 924 4015 humotenus
949 3952 1093 4036 proiecit,
1121 3947 1262 4014 lacrimis
1286 3946 1420 4012 multum
1438 3946 1627 4028 obtestatus,
1655 3949 1808 4033 quatinus
1832 3946 1996 4011 recordari

313 4052 502 4137 dignaretur
527 4057 634 4135 patris,
658 4077 699 4120 na
721 4057 860 4122 inimicis
891 4055 1044 4140 gaudium
1068 4064 1210 4139 augeret,
1234 4061 1275 4118 'ne
1299 4075 1398 4137 regno
1422 4051 1573 4129 dedecus,
1600 4074 1639 4116 ne
1662 4051 1725 4116 sihi
1749 4053 1915 4117 infamiam
1941 4077 1997 4140 pa-

313 4167 409 4241 raret,
434 4159 510 4224 dum
534 4183 555 4224 a
576 4169 667 4246 patre
683 4159 893 4243 discordaret,
910 4184 950 4226 ne
969 4160 1184 4226 discordando
1215 4160 1306 4224 fieret
1322 4157 1478 4238 Absalon,
1503 4156 1579 4222 dum
1597 4157 1730 4242 pacifice
1753 4159 1863 4222 viuere
1887 4169 1999 4244 posset

313 4265 473 4332 Salomon.
499 4265 606 4330 Motus
630 4265 758 4330 tandem
783 4265 868 4332 filius
893 4269 953 4354 piis
977 4267 1118 4330 lacrimis
1141 4268 1241 4351 patris
1256 4265 1298 4329 ad
1316 4287 1350 4329 se
1374 4263 1486 4340 rediit,
1509 4262 1604 4328 rediit
1627 4264 1759 4349 inquam
1783 4263 1825 4328 ad
1849 4285 1894 4345 se,
1917 4267 1997 4350 quia

314 4373 417 4436 exiuit
440 4396 460 4436 a
482 4393 536 4453 sc;
560 4372 657 4436 rediit
678 4393 755 4436 vero
778 4372 819 4438 ad
843 4395 888 4448 se,
911 4372 987 4436 dum
1006 4371 1100 4436 rediit
1117 4371 1158 4436 ad
1180 4369 1433 4450 oboedienciam,
1450 4365 1492 4432 ad
1508 4377 1705 4453 preceptum,
1728 4368 1771 4432 ad
1795 4369 1995 4434 voluntatem

315 4477 424 4562 patris.
451 4473 515 4540 Sed
540 4477 584 4541 ita
604 4475 714 4540 rediit:
738 4479 960 4559 iuramentum,
978 4474 1063 4562 quod
1080 4474 1277 4540 Adalberoni
1303 4473 1387 4552 fecit,
1409 4475 1489 4559 patri
1509 4475 1645 4558 aperuit,
1663 4473 1797 4560 eiusque
1821 4475 1995 4540 iuramenti

312 4578 517 4664 Egilhertum
542 4582 730 4667 episcopum
763 4591 927 4646 auctorem
959 4581 1059 4646 luisse
1083 4579 1200 4646 retulit.
1226 4579 1321 4659 Quod
1345 4601 1418 4644 oum
1451 4581 1624 4664 imperator
1655 4576 1863 4644 vehementer
1893 4580 1996 4646 iratus

312 4685 355 4749 ah
378 4684 534 4768 Egiberto
559 4687 719 4771 episcopo,
741 4707 781 4750 an
806 4687 851 4750 ita
878 4695 972 4768 esset,
997 4687 1184 4773 requireret,
1208 4684 1262 4750 ille
1286 4708 1349 4750 non
1374 4683 1597 4764 dissimulauit,
1620 4705 1684 4748 non
1708 4686 1849 4768 negauit,
1874 4683 1932 4748 sed
1957 4707 1994 4750 se

313 4789 346 4854 id
370 4812 410 4854 ea
433 4811 531 4854 causa
554 4789 670 4854 fecisse
694 4791 894 4872 memorauit,
918 4793 1070 4877 quatinus
1087 4790 1329 4856 Adalberonem
1346 4793 1414 4873 regi
1431 4789 1530 4856 fidum
1550 4788 1689 4869 faceret3
1713 4790 1796 4876 qui⁵
1816 4811 1881 4854 non
1903 4788 1994 4854 aliud

312 4917 385 4960 csse
409 4895 623 4960 iuramentum
648 4893 741 4978 dixit,
765 4898 798 4960 ni
822 4897 908 4982 quod
932 4897 1055 4983 absque
1087 4899 1265 4960 iuramento
1289 4895 1442 4961 custodiri
1466 4902 1638 4978 oporteret,
1662 4892 1785 4960 scilicet
1809 4915 1848 4957 ne
1873 4893 1935 4958 sibi
1960 4895 1994 4958 in

314 4999 408 5063 honis
432 5000 498 5062 suis
523 4997 663 5083 dampno
687 5011 780 5083 esset,
815 5005 846 5065 ni
875 5003 956 5066 forte
992 5026 1034 5066 ex
1058 5002 1177 5067 iudicio
1201 5000 1404 5088 perdidisset.
1426 4998 1498 5079 Quo
1522 5011 1674 5086 percepto
1697 5002 1872 5084 imperator
1894 4997 1994 5064 vehe-

425 5169 478 5228 ¹U
500 5135 649 5244 rukopiau:
682 5176 821 5247 princeps.
847 5172 954 5248 Ω813111
988 5179 1023 5233 H.
1053 5174 1206 5248 pogriesno
1234 5179 1266 5248 je
1297 5181 1443 5231 umetnuta
1466 5193 1484 5229 u
1507 5173 1650 5245 ruhopisu,
1682 5171 1805 5243 tadahnji
1829 5173 1995 5246 nadhislrup

186 5303 191 5312 .
313 5259 457 5413 limbi
481 5259 569 5331 hijahe
592 5259 718 5333 Pilgrim.
756 5259 1357 5336 1113111111111111111111111111
1389 5264 1425 5318 od
1454 5257 1571 5318 1111111111
1594 5261 1601 5315 1
1624 5261 1780 5318 Adalberto
1803 5261 1840 5316 od
1863 5260 1996 5333 Austrije
