4300 5930
1759 355 1821 428 14⁷

132 557 458 644 sostria'expensia,
482 565 653 643 autequam
677 555 719 620 sd
743 555 962 644 supradictum
980 555 1123 622 officium
1146 557 1351 642 episcopatus
1374 551 1666 637 adscendissemus,
1691 575 1754 641 que
1776 552 1824 615 sic

131 658 379 728 distribuatur:
397 661 451 728 Ab
474 683 537 726 uno
560 661 665 747 eapite
688 683 803 728 versus
824 661 1029 744 Zacariuum,
1054 672 1086 726 et
1110 661 1251 728 maceria
1273 668 1382 726 vetare
1401 678 1500 746 prope
1523 658 1630 726 locum
1654 658 1817 743 Deregna,

129 762 181 828 ab
208 767 275 831 alio
299 765 402 832 latere
424 787 523 848 mara,
548 785 651 854 usqua
673 765 715 830 ad
738 768 844 832 riuum
865 765 907 832 da
928 765 1042 846 Zaulo,
1059 777 1091 832 et
1113 791 1133 832 a
1157 765 1243 831 dicto
1259 767 1331 830 riuo
1356 786 1457 851 usque
1481 763 1694 848 Burguldum,
1719 773 1752 829 et
1774 764 1820 826 in·

131 889 245 956 super
267 870 389 936 dietum
413 869 614 956 Burguldum
637 880 670 961 et
691 869 802 938 Polias
833 893 907 936 cum
937 870 1088 937 omnibus
1119 871 1320 957 pertinentiis
1353 871 1430 934 suis.
1462 868 1532 934 Has
1566 877 1674 934 autem
1711 891 1821 954 supra·

131 977 284 1062 scriptas
307 976 525 1042 dussvineas
549 986 676 1042 nostras
699 999 771 1042 eum
795 978 1023 1064 suprascriptis
1047 977 1151 1056 terris,
1176 984 1303 1040 etcum
1336 973 1486 1040 omnibus
1518 997 1628 1040 aarum
1654 959 1821 1045 ,bab'entiis

127 1089 181 1172 aa
197 1083 402 1166 pertinentiis
425 1103 465 1146 ae
486 1081 686 1164 adiacentiia,
710 1091 749 1147 at·
764 1103 838 1147 cum
862 1084 974 1168 vigore
998 1092 1029 1147 et
1053 1081 1170 1146 robore
1193 1081 1234 1145 de
1256 1080 1406 1146 omnibus
1430 1079 1570 1146 cartulis
1587 1081 1680 1144 nouis
1705 1089 1737 1145 et
1765 1101 1819 1143 ve-

130 1186 277 1270 teribus,
300 1187 342 1252 ad
365 1187 601 1274 suprascriptas
616 1187 735 1253 ¹vineas
757 1196 790 1252 et
812 1197 914 1253 terras
937 1188 1143 1274 pertinentes,
1161 1196 1257 1272 atque
1273 1207 1347 1250 cum
1363 1185 1482 1250 virtute
1496 1193 1529 1249 et
1544 1193 1702 1270 potestate
1719 1191 1816 1270 quam

130 1290 219 1356 inda
242 1291 408 1374 babemus,
439 1293 473 1356 in
496 1303 637 1356 vestram
669 1302 913 1379 rastrorumque
937 1311 1159 1360 successorum
1183 1289 1296 1356 damus
1320 1297 1352 1355 01
1374 1299 1609 1356 1101000101100
1624 1298 1817 1376 potestatem

132 1393 298 1478 habendi,
320 1396 461 1479 tenendi,
485 1395 680 1478 dominandi,
705 1396 857 1479 cultandi,
881 1395 1080 1474 meliorandi,
1103 1398 1346 1482 inperpetuum
1369 1393 1566 1482 possidendi,
1590 1394 1642 1460 vel
1659 1394 1818 1481 quidquid

132 1501 223 1566 inde
248 1501 341 1566 robis
364 1500 521 1588 placuerit
543 1501 693 1584 faciendi,
715 1501 802 1568 nullo
825 1503 919 1569 vobis
950 1501 1080 1568 homins
1103 1499 1353 1567 contradicente.
1385 1499 1512 1566 Amodo
1542 1502 1640 1586 igitur
1670 1503 1703 1564 in
1725 1511 1821 1564 antea

132 1625 274 1692 semper
295 1606 372 1671 inde
394 1609 499 1672 securi
524 1617 556 1699 et
579 1607 678 1693 quieti
702 1609 925 1694 permaneatis,
958 1609 1011 1690 its,
1034 1615 1070 1672 ut
1092 1599 1188 1672 nullis
1212 1605 1337 1690 diebus,
1359 1603 1522 1692 nullisque
1545 1603 1744 1692 temporibus
1760 1625 1818 1670 vos

133 1710 387 1793 indesmplius'
405 1714 570 1799 requirere
594 1711 770 1778 valeamus.
795 1709 942 1792 Quodsi
967 1712 1031 1778 ullo
1056 1735 1198 1800 unquam
1221 1721 1366 1798 tempore
1389 1719 1501 1778 contra
1521 1711 1605 1776 banc
1635 1709 1818 1776 offersionis

131 1825 169 1882 et
195 1818 425 1908 transactionis
449 1816 604 1882 cartulam
629 1839 687 1903 per
709 1815 840 1904 aliquod
862 1839 920 1883 vos
943 1819 1107 1904 ingenium
1130 1817 1178 1881 ire
1214 1818 1487 1902 temptauerimus,
1520 1837 1714 1902 componere
1745 1837 1815 1900 pro·

130 1921 298 1988 mittimus
323 1945 395 1990 cum
419 1923 536 1988 nostris
560 1921 802 1988 successoribus
826 1921 920 1988 vobis
941 1931 973 1986 et
995 1922 1111 1986 vestris
1134 1921 1375 1987 successoribus
1397 1922 1469 1987 auri
1491 1919 1591 1986 libras
1615 1921 1768 2007 quinque,
1784 1930 1818 1986 et

130 2025 200 2092 bac
223 2027 409 2094 011010101ὶο
431 2038 463 2094 01
486 2027 711 2094 transactionis
729 2025 852 2092 cartula
875 2037 1003 2098 maneat
1023 2027 1057 2092 in
1080 2048 1139 2092 sua
1161 2027 1321 2094 firmitate.

291 2131 365 2216 Ego
386 2131 554 2198 Jobannes
576 2130 739 2216 veglensis
763 2133 943 2218 episcopus,
968 2154 1064 2198 manu
1085 2151 1157 2198 mea
1180 2133 1306 2218 scripsi.

290 2237 456 2324 Slignum)
473 2236 632 2304 Johannis
656 2237 830 2322 primicerii
854 2237 1017 2323 veglensis
1039 2235 1183 2319 ecclesie,
1207 2238 1371 2304 nesciente
1387 2235 1538 2320 scribere,
1555 2261 1613 2326 pro
1628 2261 1665 2305 se
1687 2240 1816 2325 rogauit

333 2342 487 2408 scribere.

292 2447 365 2532 Ego
389 2447 602 2514 Paterniaaus
625 2447 665 2513 de
688 2447 822 2530 Putheo,
846 2446 1064 2514 subdiaconus
1086 2449 1180 2515 testie
1203 2447 1390 2536 subscripsi.

289 2552 361 2637 Ego
384 2551 550 2618 Jobannes
574 2552 714 2618 Vilionis
737 2555 829 2618 testis
852 2553 1040 2638 subscripsi.

259 2656 360 2743 ugo
383 2657 573 2725 Dominicus
594 2657 760 2724 Arduinus
783 2658 941 2745 presbiter
963 2658 1118 2744 plebanus
1149 2661 1252 2726 sancti
1281 2659 1440 2726 Jobannis
1475 2659 1683 2746 euangelista,
1718 2661 1810 2727 testis

331 2763 519 2850 subscripsi.

193 2899 195 2902 ·
288 2876 356 2952 Ego
378 2867 546 2933 Johsnnea
569 2868 729 2956 presbiter
743 2892 846 2937 manu
870 2891 941 2934 mea
964 2870 1087 2957 scripsi.

287 2972 359 3058 Ego
383 2973 512 3038 Marcus
536 2973 689 3040 Paulinus
712 2975 867 3040 diaconus
891 2998 930 3040 ac
952 2977 1096 3042 notarius
1121 2977 1283 3064 eompleui
1305 2988 1338 3044 et
1359 2977 1521 3044 roboraui.

286 3079 358 3164 Ego
374 3077 527 3144 Nicolaus
551 3080 711 3166 presbiter
733 3082 836 3145 sancti
860 3079 1016 3146 Oanciani
1039 3089 1071 3146 at
1093 3085 1237 3148 notarius
1260 3091 1296 3148 ut
1325 3081 1393 3149 vidi
1424 3085 1457 3147 in
1481 3091 1591 3164 matre,
1615 3082 1707 3148 testis
1740 3103 1809 3148 sum

332 3187 364 3247 in
388 3183 465 3250 lilia.

284 3287 358 3374 Ego
381 3333 555 3356 ......

285 3488 431 3560 Illyricum
454 3506 573 3546 sacrum.
596 3490 632 3550 Τ.
657 3489 693 3550 V.
717 3498 768 3548 etr.
794 3492 867 3550 641.

517 3777 697 3864 oxovl.
725 3783 922 3865 1181121.
950 3782 1106 3884 llpnja.
1132 3781 1169 3865 U
1197 3783 1431 3866 Laterano.
1486 3879 1495 3898 ι

133 3955 273 4017 Ktimaat
292 3957 357 4018 111.
373 3975 468 4033 popa,
490 3959 600 4034 potib'a
625 3955 765 4019 Tribunis
787 3961 978 4035 aodtiakupu
1000 3961 1236 4021 dubroaotkomu
1258 3961 1341 4035 etate
1363 3957 1592 4038 aususausus,
1609 3963 1621 4020 1
1632 3963 1806 4036 potorotjuje

707 4067 794 4124 storo
811 4083 912 4139 praua
934 4065 1116 4127 dobrovatlre
1139 4067 1234 4128 ortos.

20 4319 21 4324 η
284 4247 434 4314 Clemens
457 4254 627 4336 episcopus
650 4273 763 4316 seruus
787 4273 954 4318 seruorum
977 4254 1039 4338 dei,
1063 4253 1240 4319 venerabili
1256 4253 1346 4318 fratri
1368 4253 1514 4320 Tribnnn
1532 4255 1683 4340 ragusino
1701 4256 1808 4322 archi·

20 4399 21 4448 3
131 4355 296 4440 episcopo,
321 4356 454 4440 eiusque
478 4359 720 4422 successoribus
744 4343 897 4423 canonici
921 4359 1153 4452 substituendis
1177 4362 1210 4422 in
1237 4369 1438 4446 perpetuum.
1473 4361 1510 4424 Iu
1548 4363 1701 4426 eminenti
1732 4385 1807 4448 apo·

131 4459 247 4523 stolice
271 4459 357 4523 sedis
378 4460 508 4546 specula
532 4461 722 4547 disponente
746 4462 885 4546 domino,
910 4463 984 4528 licet
1006 4465 1157 4528 immeriti
1180 4465 1353 4544 constituti,
1389 4465 1504 4531 fratres
1540 4476 1667 4531 nostros
1702 4468 1807 4532 arehi-

131 4566 303 4650 episcopos
326 4575 359 4628 et
381 4567 560 4652 episcopos,
585 4577 649 4631 1010
674 4567 798 4634 ricinos
821 4589 916 4655 quam
942 4569 1037 4654 longe
1061 4571 1191 4656 positos,
1215 4569 1357 4634 fraterna
1379 4569 1534 4636 debemus
1558 4569 1714 4638 charitate
1736 4573 1807 4644 dili·

20 4719 21 4726 .
135 4691 224 4753 gere,
249 4679 281 4733 et
304 4668 457 4734 ecclesias
481 4693 591 4735 eorum
616 4670 841 4762 gubernationi
865 4676 1062 4758 commissas,
1086 4675 1262 4762 apostolice
1285 4675 1372 4741 sedis
1394 4676 1565 4762 priuilegio
1597 4680 1804 4744 communire.

20 4777 23 4884 Ξ
131 4773 178 4838 Ea
206 4784 337 4860 propter
357 4776 552 4840 venerabilis
575 4779 608 4840 in
632 4775 761 4842 Christo
782 4777 881 4844 frater
904 4779 1048 4845 Tribune
1070 4779 1322 4868 archiepiscope,
1346 4783 1512 4847 tuisiustis
1536 4783 1805 4868 postulationibus

20 4895 22 4976 f
130 4877 305 4944 clementer
327 4881 508 4962 annuimus,
532 4893 564 4946 et
585 4882 753 4947 eeclesiam
778 4887 973 4968 ragusinam,
997 4887 1049 4950 eui
1062 4895 1192 4952 auctore
1209 4887 1269 4952 deo
1285 4909 1415 4974 praesse
1431 4887 1619 4970 dinosceris,
1636 4889 1677 4954 ad
1694 4913 1802 4954 exem·

130 4983 200 5070 plar
217 4983 482 5069 predecessorum
500 4996 680 5052 nostrorum
697 4987 801 5056 felicis
817 4989 1049 5055 reeordatibnis
1064 4991 1253 5076 Innocentii,
1270 4990 1445 5075 Anastadi,
1462 4992 1607 5076 Adriani,
1625 4993 1804 5059 Alexandri

36 5147 45 5154 .
130 5099 160 5154 01
185 5087 312 5156 Urbani
335 5111 542 5156 romanorum
566 5091 762 5178 pontificum,
786 5093 847 5160 sub
869 5093 954 5160 beati
987 5095 1076 5162 Petri
1108 5107 1141 5163 et
1170 5107 1280 5164 uestra
1306 5099 1510 5184 protectione
1538 5101 1741 5186 suscipimus,
1773 5111 1806 5165 at

129 5197 290 5279 presentis
312 5196 423 5282 scripti
448 5193 619 5282 priuilegio
642 5199 886 5265 communimus.
912 5201 1106 5287 statuentes,
1142 5211 1179 5268 ut
1211 5224 1445 5294 quascumque
1462 5207 1692 5293 possessiones,
1725 5227 1799 5293 que·
