4292 5926
1030 545 1127 628 LII·
1158 546 1270 630 1145.

440 733 504 808 Pop
528 730 651 808 Ornata,
674 731 735 789 eins·
758 729 893 803 operata
915 745 958 786 aa
980 727 1074 787 bertot
1092 731 1266 787 samoatana
1289 727 1411 786 durnah
1433 744 1476 788 so.
1496 725 1665 786 Benedilrta
1686 744 1708 785 ιι
1730 723 1856 799 Spljeta.

457 924 494 986 lu
515 917 636 986 Christi
661 920 800 984 nornine.
825 917 921 998 Quod
945 925 1071 982 constat
1093 925 1197 981 actum
1221 915 1332 982 diuino
1355 915 1474 982 iudicio
1489 937 1552 982 non
1570 923 1675 1002 potest
1690 915 1836 1002 corumpi
1855 936 1989 979 nmauo.

315 1029 457 1114 Ideoque
473 1049 534 1112 ego
551 1025 711 1112 presbiter
727 1026 879 1106 Cirnotta,
897 1023 1157 1088 recordacionem
1174 1021 1257 1087 facio
1274 1022 1315 1086 ds
1338 1023 1498 1087 territorio
1521 1020 1674 1086 videlicet
1695 1043 1759 1107 que
1780 1019 1856 1108 (sic)
1880 1031 1930 1084 est
1954 1021 1989 1084 in

312 1133 383 1198 loco
406 1133 462 1219 qui
483 1129 551 1196 Pod
576 1127 690 1195 Obiloo
714 1129 906 1211 nominatur,
930 1151 1027 1214 quam
1047 1127 1124 1192 olim
1147 1137 1368 1193 antecessores
1393 1129 1453 1192 mei
1479 1151 1496 1192 a
1522 1128 1589 1192 suis
1613 1126 1856 1191 successoribus
1879 1127 1988 1211 ipsum

307 1236 531 1326 possederunt.
554 1235 706 1321 Denique
728 1235 791 1321 ipsi
824 1255 880 1318 pro
910 1233 1081 1298 animabus
1111 1234 1179 1298 suis
1206 1255 1402 1320 suorumque
1433 1232 1656 1298 defunctorum
1689 1233 1722 1296 in
1753 1233 1987 1297 monasterium

306 1344 411 1409 sancti
434 1340 601 1406 Benedicti
626 1339 855 1427 perpetualiter
879 1338 1154 1404 condonauerunt.
1178 1337 1251 1423 Ego
1272 1349 1379 1403 autem
1403 1361 1446 1402 ex
1470 1349 1560 1424 parte
1584 1361 1656 1402 mea
1679 1337 1871 1424 prelibatum
1895 1339 1989 1402 terri·

309 1450 425 1514 terium
450 1448 483 1512 iu
507 1447 771 1534 supranominato
794 1445 990 1510 monasterio
1015 1443 1179 1524 confirmo,
1204 1453 1236 1508 et
1258 1453 1421 1508 contestor
1444 1443 1504 1508 sub
1536 1466 1575 1509 ac
1607 1443 1683 1530 (sic)
1713 1465 1804 1526 uoce,
1836 1443 1923 1530 quod
1959 1445 1991 1508 in

310 1556 382 1640 ipso
406 1553 567 1618 territorio
590 1551 714 1616 nullum
739 1573 881 1616 meorum
905 1549 1060 1616 heredum
1083 1558 1139 1614 ant
1160 1549 1302 1637 aliquam
1327 1559 1513 1614 extraneam
1546 1571 1717 1636 personam
1745 1549 1821 1615 abet
1844 1551 1919 1636 (sic)
1959 1551 1990 1614 in

308 1669 524 1744 campartem
547 1666 604 1722 aut
626 1659 823 1741 societatem,
847 1656 904 1721 sed
928 1645 1050 1742 absque
1074 1655 1162 1721 omui
1184 1655 1368 1742 calumpnia
1395 1654 1531 1720 alicuius
1562 1677 1708 1740 persone,
1739 1657 1770 1718 in
1802 1655 1992 1742 supradicto

310 1764 506 1829 monasterio
529 1785 549 1827 a
572 1765 651 1827 meis
674 1770 895 1827 antecessores
919 1761 1003 1848 (sic),
1027 1764 1111 1826 siout
1134 1763 1287 1848 scriptum
1319 1761 1470 1840 continet,
1503 1759 1655 1826 traditum
1686 1783 1758 1825 esse
1796 1763 1917 1829 sciatis.
1956 1763 1991 1828 Si

308 1871 391 1957 quis,
426 1868 513 1958 quod
548 1867 642 1948 absit,
677 1867 836 1932 diabolico
869 1866 1042 1932 infamatus
1077 1867 1201 1954 spiritu,
1236 1875 1385 1954 proterue
1420 1888 1529 1951 agens,
1564 1889 1636 1931 cum
1669 1866 1778 1952 aliqua
1811 1867 1924 1932 fraude
1961 1877 1995 1933 et

310 1973 396 2040 malo
418 1974 549 2060 ingenio
571 1975 677 2060 ipsum
700 1975 897 2038 territorium
920 1995 939 2036 a
962 1995 1039 2058 sepe
1063 1972 1149 2037 dicto
1173 1973 1367 2037 monasterio
1391 1971 1558 2037 abstraere
1582 1971 1729 2054 voluerit,
1757 1971 1877 2037 habeat
1903 1975 1991 2038 iram

308 2090 425 2146 cuncta
448 2081 586 2167 potentis
609 2079 672 2161 dei,
697 2089 728 2144 et
751 2078 1009 2144 maledictionem
1042 2065 1233 2146 OOOtorum
1270 2078 1382 2144 decem
1411 2087 1443 2142 et
1467 2087 1538 2142 octo
1569 2087 1752 2142 sanctorum
1785 2087 1922 2164 patrum,
1960 2088 1995 2143 et

309 2185 477 2251 duodecim
502 2183 656 2270 apostolis
679 2184 754 2269 (sic)
778 2194 811 2248 et
833 2207 905 2249 cum
927 2184 1013 2250 Juda
1037 2185 1158 2249 domini
1182 2183 1345 2272 proditore
1365 2185 1565 2269 mancipetur
1588 2184 1816 2264 ininferuum,
1840 2195 1873 2250 et
1896 2183 1991 2249 hlas-

310 2291 440 2379 phemia
461 2292 504 2355 sit
526 2312 584 2356 sua
607 2293 741 2378 premia.
765 2290 838 2356 Hoc
855 2299 962 2356 autem
985 2290 1106 2356 factum
1129 2289 1190 2356 fuit
1209 2313 1318 2354 coram
1341 2290 1478 2354 diacono
1501 2288 1646 2354 Grubice
1669 2288 1779 2362 Salati.
1801 2301 1899 2376 atque
1930 2290 1992 2356 Sa·

310 2397 406 2463 bacio
428 2395 551 2478 Tiueri,
574 2398 629 2483 qui
653 2406 685 2461 et
708 2395 914 2461 subdiacono.
938 2395 982 2461 Et
997 2417 1059 2480 ego
1074 2396 1213 2462 Duimus
1233 2395 1371 2465 clericus
1389 2417 1512 2482 suoque
1536 2394 1766 2482 condiscipulo,
1785 2419 1828 2461 ex
1844 2397 1995 2463 iussione

313 2501 435 2569 domini
459 2499 631 2589 presbiteri
654 2499 809 2585 Cirnotte,
834 2501 918 2566 sicut
939 2501 1049 2568 audiui
1072 2525 1092 2576 a
1115 2525 1172 2570 suo
1195 2523 1260 2586 ore,
1285 2503 1330 2568 ita
1352 2503 1467 2589 scripsi
1490 2510 1522 2568 et
1544 2503 1637 2567 testis
1656 2511 1735 2567 tum.

458 2719 566 2776 Matina
587 2718 690 2792 pisana
711 2737 749 2776 na
770 2719 945 2793 pergameni,
965 2719 1056 2776 nalaai
1072 2737 1102 2776 se
1125 2737 1144 2775 u
1168 2719 1343 2792 piamobrani
1364 2718 1559 2792 lraludjericah
1580 2737 1622 2778 ar.
1639 2719 1741 2792 MariJa
1759 2737 1778 2775 u
1794 2719 1899 2782 Zadru.

1021 3031 1139 3118 LIII.
1165 3031 1280 3118 1145.

313 3229 434 3290 Maltar
455 3229 583 3307 Hmrit,
602 3230 746 3304 portauit
767 3230 869 3292 stallae
890 3231 1007 3310 armate,
1031 3231 1166 3305 ιιιιριιιϋα
1188 3231 1346 3293 remanere
1368 3249 1410 3292 so.
1432 3233 1579 3306 sajepaaa
1600 3251 1622 3293 ιι
1644 3233 1991 3306 apostatarum

318 3354 459 3430 spljetslce
477 3355 565 3416 ultae
585 3371 630 3416 av.
653 3355 777 3446 Datiano,
796 3355 909 3430 pmads'
923 3355 1028 3430 maroa
1042 3355 1155 3434 objectu,
1171 3353 1217 3415 tto
1229 3374 1271 3430 pa
1284 3355 1435 3417 rcdovoici
1449 3374 1492 3416 aa
1506 3356 1595 3432 draps·
1609 3357 1671 3416 dan
1685 3357 1797 3418 uatrsa
1811 3357 1996 3417 tunontltom

984 3479 1088 3539 donati
1109 3477 1202 3538 dadai
1224 3479 1336 3553 bijaltu.

463 3701 546 3771 Cum
571 3705 798 3769 uniuersorum
821 3702 1004 3769 mortalium
1028 3703 1158 3768 nonsit
1190 3726 1255 3768 uua
1284 3703 1464 3792 eademque
1496 3703 1657 3783 voluntas,
1689 3714 1721 3772 et
1757 3707 1821 3772 iam
1858 3706 1999 3772 definita

313 3812 446 3896 negotia
467 3811 501 3875 in
525 3811 666 3898 priorem
689 3808 922 3876 dubitationem
955 3809 1125 3895 sepissime
1155 3807 1310 3876 reducere
1346 3813 1580 3894 consueuerint,
1612 3811 1747 3877 inoleuit
1779 3813 1997 3896 consuetudo,
2073 3879 2079 3886 ,
2135 3879 2136 3892 ,

313 3926 349 3982 ut
371 3937 484 3982 omues
507 3924 701 3996 contractus,
726 3918 795 3980 siue
819 3914 1021 3980 conditiones
1044 3913 1198 3980 adnotent
1220 3917 1254 3980 in
1277 3918 1416 4002 scriptis,
1439 3941 1479 3982 ne
1497 3917 1700 4003 postmodum
1723 3918 1842 3983 exinde
1865 3921 1995 3985 oriatur

315 4023 486 4106 dissensio,
509 4030 542 4087 et
562 4045 583 4086 a
605 4021 735 4085 tramite
759 4021 904 4085 veritatis
927 4021 1095 4086 audientes
1119 4021 1291 4108 compellat
1319 4031 1475 4088 auertere.
1499 4022 1580 4089 Iude
1604 4033 1661 4105 est,
1685 4023 1772 4110 quod
1795 4045 1856 4110 ego
1887 4026 1995 4110 magi·

317 4138 384 4194 ster
406 4127 568 4192 Henricus
589 4125 764 4212 apostolice
788 4125 874 4192 sedis
898 4125 1033 4210 legatus,
1058 4136 1202 4213 tempore
1225 4128 1418 4194 sanctissimi
1435 4127 1573 4214 Eugeuii
1590 4151 1685 4216 pape,
1703 4140 1736 4194 et
1751 4129 1994 4219 archiepiscopi

314 4231 445 4316 Gandii,
468 4231 553 4297 hanc
574 4233 725 4318 pagiuam
750 4229 790 4295 de
815 4230 943 4316 placito,
966 4229 1053 4318 quod
1076 4230 1136 4295 fuit
1160 4233 1242 4296 iuter
1264 4232 1439 4299 monachos
1467 4236 1568 4299 sancti
1601 4225 1765 4321 Stephani,
1797 4247 1830 4301 et
1859 4240 1998 4302 canoni·

317 4361 374 4404 cos
396 4337 499 4403 sancti
522 4337 666 4418 Domnii,
690 4337 723 4400 in
747 4337 848 4400 nostri
872 4338 1035 4422 presentia
1055 4335 1153 4401 scribi
1177 4339 1318 4424 precepi.
1342 4337 1428 4402 Dum
1452 4349 1559 4404 autam
1581 4338 1657 4404 hinc
1679 4340 1754 4406 inde
1771 4343 1860 4406 varie
1883 4351 1997 4407 osten·

314 4443 469 4508 derantur
490 4463 597 4525 eause,
621 4439 788 4506 confessus
812 4449 861 4506 est
880 4441 985 4521 abbas
1009 4444 1110 4506 nostri
1140 4441 1277 4529 predicti
1309 4447 1503 4526 monasterii,
1539 4467 1611 4510 cum
1636 4449 1785 4511 omnibus
1821 4448 1888 4512 suis
1924 4471 1993 4513 mo·

316 4547 440 4632 uachis,
465 4545 682 4635 quoddebite
713 4546 867 4612 tenebant
897 4547 974 4612 dare
1003 4550 1158 4634 optimum
1190 4551 1359 4637 prandium
1391 4551 1554 4614 canonicis
1585 4551 1687 4614 sancti
1721 4549 1851 4616 Domnii
1883 4553 1917 4616 in
1948 4575 2000 4616 se·

315 4654 423 4720 cunda
446 4653 527 4718 feria
549 4655 583 4718 in
605 4650 688 4718 albis
712 4653 843 4740 pasche.
868 4652 932 4718 Sed
957 4645 1108 4740 quoniam
1121 4654 1254 4722 videbat
1269 4679 1417 4742 asperum
1435 4665 1467 4720 et
1483 4655 1652 4720 molestum
1670 4656 1802 4742 prefatis
1814 4655 2000 4737 monachis,

317 4782 374 4846 per
397 4757 663 4824 innumerabilem
688 4757 852 4824 hominum
876 4759 1084 4840 affluentiam,
1110 4761 1288 4846 predictum
1312 4761 1480 4846 prandium
1505 4785 1686 4848 preparare,
1710 4773 1908 4846 rogauerunt
1933 4764 2000 4848 ipsi

315 4863 465 4930 monachi
486 4874 523 4929 ut
545 4863 637 4930 illum
659 4863 748 4933 domi
770 4867 965 4952 acciperent.
987 4865 1133 4932 Tandem
1157 4865 1274 4954 prefati
1306 4869 1452 4933 canonici
1484 4867 1593 4932 habito
1624 4867 1769 4948 consilio,
1808 4879 1840 4933 et
1870 4871 1999 4934 nostris

315 4970 465 5056 precibus
489 4981 521 5036 ct
544 4980 659 5056 rogatu
682 4972 780 5036 totius
804 4972 984 5036 communis
1008 4965 1264 5058 adquiescentes,
1289 4983 1522 5037 consenserunt
1544 4972 1623 5037 illud
1639 4973 1907 5060 domi'suscipere
1934 4973 2003 5040 hoc

316 5075 430 5142 modo:
467 5075 563 5158 Quod
599 5077 687 5142 omni
721 5097 806 5141 auno
837 5075 976 5142 debeant
1014 5079 1077 5164 ipsi
1111 5077 1261 5144 monachi
1278 5083 1514 5162 'representare
1547 5081 1711 5143 canonicis
1741 5077 1778 5143 L.
1811 5077 2001 5144 bucellatos

314 5182 434 5266 optimo
458 5203 550 5269 pane,
573 5191 605 5249 et
627 5190 715 5248 tauta
738 5183 939 5268 quantitatis,
963 5181 1050 5269 quod
1073 5180 1209 5268 quilibet
1230 5203 1340 5246 eorum
1364 5181 1517 5268 abundet,
1541 5183 1673 5250 cuilibet
1695 5181 1829 5266 cleric03
1852 5193 1885 5248 et
1908 5183 2000 5250 duos
