4300 5930
687 590 895 675 CXXXV.
924 593 1026 674 1177.
1054 593 1308 695 aa-srpnjs.
1334 593 1369 676 U
1397 593 1594 678 Mletoth.

307 777 396 848 Papa
416 774 588 836 Alexandro
609 774 688 844 ΙΙΙ..
707 773 860 847 prtobtuje
882 774 1071 846 andbutupu
1093 775 1291 849 spbeukomu,
1315 792 1415 834 suarna
1438 777 1545 852 lupata,
1576 778 1588 835 t
1616 777 1976 854 interammensem,

309 882 385 940 talto
401 883 434 954 je
456 881 557 955 anepos
578 880 726 953 potasse,
749 880 905 953 urutnjuti
926 895 957 938 se
978 879 1007 938 tr
1029 877 1151 956 Sinitije,
1166 897 1208 938 aa
1225 883 1306 953 puta
1319 881 1471 954 porobljen
1485 883 1523 940 od
1537 881 1638 958 ajetih
1653 883 1815 942 sunaus
1828 883 1976 958 pararat,

308 986 389 1046 rosto
412 987 452 1044 im
475 985 580 1044 ualuis
603 985 679 1044 saeta
699 985 819 1060 ylednju
840 985 880 1042 da
902 1001 933 1044 se
955 985 1126 1059 acrabitena
1147 987 1242 1044 stuort
1267 987 1421 1062 pronadju
1452 992 1479 1047 te
1510 989 1562 1046 isti
1592 990 1697 1063 putori
1726 1007 1763 1048 aa
1792 989 1851 1047 dna
1879 990 1977 1048 krsesa

306 1092 367 1165 Ιιιῄι·
388 1091 405 1151 t
425 1092 512 1164 ajimt
534 1091 645 1168 bustu,
664 1091 725 1164 palu
747 1091 803 1149 ako
822 1091 964 1163 porrum
985 1089 1069 1168 bade,
1091 1107 1128 1149 aa
1150 1092 1237 1150 animi
1258 1093 1423 1152 atcnnontcr'
1445 1093 1636 1171 accubitui,
1659 1094 1799 1167 mahtais
1823 1095 1836 1152 ι’
1866 1093 1973 1154 motta

457 1278 646 1345 Alexander
669 1280 839 1366 episcopus
862 1316 905 1327 —
927 1276 1171 1343 venerabilibus
1196 1279 1349 1344 fratribus
1370 1279 1544 1366 spalatensi
1567 1281 1810 1370 archiepiscopo
1843 1293 1973 1368 aposto·

279 1459 282 1464 ¹
308 1385 368 1449 lice
391 1386 477 1450 sedis
501 1384 607 1470 legato
630 1396 662 1448 et
683 1383 835 1450 Michaeli
858 1385 1051 1470 traguriensi
1075 1384 1236 1471 episcopo,
1260 1385 1396 1452 salutem
1420 1397 1452 1450 et
1475 1385 1683 1472 apostolicam
1702 1387 1971 1453 benedictionem.

306 1594 434 1661 Christo
457 1595 515 1660 filii
539 1597 638 1662 nostri
663 1593 716 1659 W.
740 1593 875 1659 illustris
900 1593 1009 1659 Sicilie
1032 1595 1192 1680 regis,ad
1217 1618 1311 1682 quem
1337 1596 1441 1660 fuerat
1463 1621 1482 1660 a
1512 1598 1605 1662 nobis
1637 1607 1670 1662 et
1702 1621 1722 1662 a
1756 1597 1873 1662 dilecto
1904 1597 1971 1664 filiu

307 1711 416 1767 nostro
438 1701 562 1766 Jacobo
583 1711 693 1765 sancte
715 1699 817 1765 Maria
841 1703 872 1764 in
901 1699 1084 1765 Cosmedim
1108 1700 1242 1764 diacono
1267 1701 1423 1765 cardinali
1446 1705 1662 1786 transmissus,
1685 1703 1806 1767 rediret
1827 1703 1868 1768 ad
1904 1725 1973 1784 nos,

307 1811 417 1894 pirate,
442 1811 496 1893 qui
521 1817 613 1871 erant
636 1809 666 1870 in
691 1809 827 1891 sagettia
850 1809 945 1870 castri
967 1806 1008 1871 de
1032 1807 1198 1885 Seuenico,
1232 1808 1265 1873 in
1301 1829 1365 1894 qua
1394 1807 1456 1871 duo
1481 1809 1613 1872 comites
1637 1817 1736 1890 erant,
1770 1808 1887 1872 Nestos
1924 1809 1972 1871 vi·

305 1914 421 1978 delicet
441 1925 473 1977 et
495 1912 604 1976 Perlat
629 1914 638 1950 ¹
662 1913 693 1976 in
718 1914 822 1998 ipsum
847 1921 879 1976 et
901 1913 1005 1976 socios
1028 1934 1103 1976 suos
1127 1923 1391 1999 presumpserunt
1424 1912 1582 1978 violentas
1617 1937 1729 1978 suanus
1763 1916 1905 1996 iniicere,
1941 1924 1974 1977 et

304 2021 332 2084 ei
354 2017 510 2105 quidquid
532 2017 672 2082 habebat
696 2020 728 2080 in
753 2018 837 2091 naui,
861 2016 973 2081 valens
997 2016 1080 2081 ultra
1111 2019 1281 2102 sexaginta
1309 2015 1455 2082 marchas
1484 2019 1619 2106 argenti,
1651 2029 1683 2082 et
1717 2019 1839 2082 litteras
1873 2019 1971 2082 etiam

305 2135 441 2206 nostras,
465 2134 497 2189 et
520 2123 589 2188 illas
614 2125 720 2200 etiam,
745 2145 840 2209 quam
865 2122 1008 2209 prefatus
1031 2144 1091 2186 nex
1113 2123 1205 2188 uobis
1224 2123 1383 2205 mittebat,
1407 2133 1442 2187 ut
1473 2126 1626 2209 scriptum
1660 2123 1742 2189 ded
1766 2171 1773 2186 .
1797 2171 1806 2186 .
1829 2126 1968 2208 pecunie

303 2234 403 2319 ipsius
427 2230 609 2304 cardinalis,
632 2232 660 2294 ei
685 2235 819 2316 turpiter
842 2240 874 2294 ot
898 2229 1066 2292 inhoneste
1097 2227 1222 2293 auferre
1254 2229 1383 2292 minime
1413 2229 1609 2293 dubitarunt.
1639 2229 1745 2315 Super
1772 2237 1835 2314 quo
1870 2230 1969 2314 igitur

304 2348 391 2402 tanto
415 2359 582 2401 monemur
605 2334 752 2422 amplius,
776 2347 807 2400 et
831 2336 1008 2418 turbamur,
1033 2347 1151 2420 quanto
1175 2334 1208 2398 id
1232 2335 1370 2420 amplius
1395 2336 1427 2398 in
1451 2345 1592 2399 nostram
1616 2337 1766 2400 iniuriam
1791 2335 1923 2420 respicit
1938 2345 1971 2398 et

303 2453 542 2528 contemptum
566 2463 638 2506 cnm
663 2451 782 2506 tantam
808 2443 960 2505 iacturam
982 2451 1015 2504 et
1028 2442 1162 2505 iniurias
1181 2440 1354 2505 cuiuslibet
1369 2439 1487 2521 clerici,
1506 2463 1546 2504 ne
1562 2441 1638 2504 dum
1654 2438 1843 2506 subdiaconi
1860 2441 1974 2518 nostri,

303 2572 365 2614 non
391 2571 557 2634 possemus
581 2547 642 2612 sub
665 2550 881 2612 taciturnitate
906 2559 938 2610 et
961 2545 1088 2610 silentio
1113 2549 1275 2631 preterire.
1302 2543 1461 2626 Quoniam
1486 2549 1584 2630 igitur
1607 2549 1765 2610 sustinere
1798 2567 1861 2610 non
1898 2568 1968 2631 pos·

302 2677 421 2735 sumus,
446 2677 505 2718 nec
528 2653 693 2736 debemus,
719 2664 754 2716 ut
776 2663 865 2716 tanta
887 2653 1084 2737 presumptio
1108 2663 1140 2716 et
1163 2673 1317 2716 excessus
1341 2652 1540 2716 incorrectus
1571 2667 1746 2732 remaneat,
1779 2651 1970 2715 fraternitati

302 2771 410 2825 vestre
433 2781 490 2846 per
513 2757 690 2844 apostolica
713 2759 832 2844 scripta
854 2757 1062 2845 precipiendo
1088 2757 1285 2836 mandamus,
1310 2769 1342 2822 et
1366 2758 1547 2822 mandando
1576 2759 1780 2844 precipimus,
1812 2769 1969 2843 quatenus

301 2865 373 2930 illos
393 2865 472 2930 duos
496 2866 638 2944 comites,
663 2875 695 2928 st
718 2865 847 2950 piratas,
871 2874 903 2927 et
926 2872 1070 2950 raptores
1093 2862 1183 2944 alios,
1208 2865 1262 2948 qui
1287 2865 1318 2926 in
1344 2863 1487 2950 predicta
1510 2865 1647 2949 sagettia
1669 2863 1808 2945 fuerunt,
1831 2873 1965 2948 quanto·

301 2974 369 3036 cius
391 2971 556 3050 moneatis,
578 2980 616 3033 ut
636 2979 703 3032 tarn
723 2969 855 3050 litteras,
880 2991 975 3054 quam
999 2970 1095 3032 etiam
1118 2967 1225 3033 ablata
1260 2970 1376 3032 nuncio
1404 2979 1585 3032 memorato
1619 2967 1818 3033 subdiacono
1843 2979 1961 3048 nostro,

301 3077 392 3141 latori
417 3077 623 3161 presentium,
647 3077 717 3140 sine
741 3073 950 3138 diminutione
975 3083 1007 3138 et
1029 3073 1181 3138 dilatione
1205 3097 1277 3137 curn
1303 3077 1464 3160 expensis,
1489 3096 1569 3160 quaa
1600 3083 1730 3159 propter
1763 3071 1824 3137 boc
1858 3072 1966 3138 facere

302 3191 431 3248 coactus
457 3191 516 3262 est,
539 3184 717 3255 restituant,
741 3191 773 3244 et
796 3191 934 3246 castrum
960 3179 999 3244 de
1024 3179 1191 3261 Seuenico,
1216 3180 1307 3244 cuius
1328 3179 1382 3242 illa
1406 3181 1544 3266 sagettia
1567 3179 1635 3260 tuit,
1669 3179 1709 3243 ad
1734 3180 1967 3244 restituendum

301 3287 453 3374 quicquid
477 3287 516 3351 de
540 3285 589 3350 his
610 3287 650 3351 ad
670 3307 744 3351 suas
769 3307 881 3350 manus
906 3284 1044 3368 deuenit,
1069 3285 1240 3368 diligenter
1263 3285 1434 3350 inducatis.
1457 3285 1490 3350 Si
1515 3307 1592 3349 vero
1615 3283 1657 3348 ad
1682 3285 1965 3350 commonitionem

301 3403 439 3458 vestram
466 3392 496 3455 id
521 3415 583 3455 non
607 3391 751 3472 fecerint,
775 3389 905 3456 eosdem
929 3403 962 3456 st
984 3414 1104 3470 omnes,
1129 3393 1182 3477 qui
1207 3401 1284 3456 tnnc
1308 3395 1339 3454 in
1365 3390 1509 3477 predicta
1530 3393 1667 3475 sagettia
1686 3390 1824 3472 fuerunt,
1842 3402 1967 3456 contra-

301 3498 440 3564 dictione
464 3511 495 3562 et
518 3497 732 3584 appellatione
755 3477 910 3577 cessante,
936 3496 1063 3583 publice
1087 3501 1233 3560 succensis
1257 3495 1399 3561 candelis
1422 3498 1610 3576 auctoritate
1644 3508 1751 3560 nostra
1783 3519 1968 3561 excommu-

301 3606 431 3684 nicetis3
455 3607 535 3667 etsi
560 3605 688 3668 neo'sic
710 3602 794 3667 infra
817 3602 927 3667 decem
953 3604 1021 3666 dies
1045 3605 1247 3687 resipuerint,
1270 3604 1299 3665 in
1325 3603 1455 3665 ciuitate
1478 3601 1636 3680 Seuenici,
1662 3612 1694 3664 et
1724 3605 1757 3665 in
1782 3602 1848 3666 alia
1878 3613 1965 3667 terra

301 3712 480 3780 communis
505 3709 663 3790 Seuenici,
688 3713 714 3772 si
738 3712 806 3772 eius
826 3711 887 3772 tuit
910 3711 979 3795 ipsa
1003 3711 1148 3793 sagettia,
1173 3710 1279 3770 omnis
1302 3707 1411 3800 diuina
1437 3718 1542 3791 preter
1566 3705 1726 3772 babtisma
1756 3708 1963 3793 paruulorum

301 3829 333 3881 et
355 3816 573 3902 penitentiam,
598 3813 795 3900 prohibeatis
817 3814 924 3879 officia
948 3813 1112 3878 celebrari.
1139 3812 1214 3875 lllos
1238 3825 1354 3894 autern,
1375 3815 1428 3897 qui
1461 3813 1491 3876 in
1522 3812 1698 3897 predictum
1732 3812 1965 3880 subdiaconum

302 3934 444 3986 nostrum
469 3920 628 3985 violentas
652 3943 764 3985 manus
788 3921 975 4000 iniecerunt,
1000 3919 1126 3984 sublato
1157 3917 1379 4004 appellationis
1410 3918 1560 3996 remedio,
1584 3917 1714 4004 publice
1745 3923 1964 3986 excommuni·

301 4039 388 4092 catos
412 4029 479 4091 sine
504 4027 656 4093 dilatione
681 4026 891 4105 denuncietis,
914 4037 945 4090 et
968 4049 1022 4089 eos
1046 4024 1170 4089 faciatis
1195 4027 1277 4088 sicut
1302 4026 1595 4088 excommunicatos
1620 4026 1731 4108 vitare,
1767 4025 1871 4090 donec
1898 4029 1965 4091 uni-

301 4157 395 4198 uersa
418 4131 524 4196 ablata
548 4133 726 4214 restituant,
749 4143 781 4195 et
804 4153 875 4196 cum
901 4131 1013 4195 litteris
1038 4132 1152 4194 vestris
1176 4130 1269 4194 nobis
1294 4141 1325 4194 et
1348 4129 1470 4216 prefato
1489 4129 1655 4212 cardinali,
1686 4153 1745 4194 nec
1777 4153 1839 4194 non
1870 4133 1966 4196 etiam

300 4241 403 4304 eidem
430 4239 625 4303 subdiacono
651 4247 758 4301 nostro
776 4236 979 4310 satisfacturi,
995 4237 1034 4299 ad
1053 4235 1259 4322 apostolicam
1278 4236 1386 4299 sedem
1403 4235 1566 4300 accedant.
1591 4235 1738 4315 Qualiter
1753 4245 1860 4301 antem
1881 4237 1964 4302 idem

300 4347 436 4410 nuncius
460 4367 530 4409 curn
555 4342 613 4422 his,
640 4366 702 4430 qus
726 4344 973 4428 recuperarent,
998 4341 1038 4405 ad
1063 4365 1121 4406 nus
1144 4363 1256 4406 secure
1281 4352 1388 4426 posset
1411 4341 1524 4423 redire,
1543 4339 1699 4406 studeatis
1715 4341 1839 4408 solicite
1858 4346 1964 4428 proni·

300 4451 386 4515 dere.
411 4449 472 4512 Per
489 4473 526 4513 eo
547 4451 561 4487 2
583 4451 608 4513 si
634 4461 767 4534 uterque
791 4457 932 4513 vestrum
958 4496 965 4510 .
990 4496 998 4512 .
1023 4449 1195 4533 sequendis
1221 4450 1373 4513 interesse
1390 4471 1452 4512 non
1469 4449 1594 4534 poterit,
1611 4447 1691 4513 alter
1711 4459 1743 4514 et
1757 4447 1965 4515 nihilominus

301 4565 490 4640 exequatur.
515 4552 633 4617 Datum
659 4551 802 4618 Venetiis
825 4552 973 4633 Riuoalti,
997 4553 1040 4617 X.
1065 4553 1130 4617 lral.
1154 4554 1304 4639 Augusti.

447 4753 562 4811 Lucius.
586 4753 648 4808 Lib
674 4753 725 4810 ill.
750 4771 811 4824 cap.
836 4753 871 4809 X.
896 4754 920 4807 ia
943 4754 1040 4809 arlaiva
1061 4755 1137 4825 lrapt.
1163 4754 1327 4825 spljetskog.
1352 4755 1428 4809 Fsrl.
1457 4755 1536 4840 lllyr.
1569 4753 1647 4814 Sacr.
1680 4753 1716 4812 Τ.
1746 4753 1797 4810 ΙΙΙ.
1829 4773 1853 4826 p.
1890 4756 1960 4813 tat.

299 4843 325 4894 iz
347 4840 445 4895 arkira
469 4841 664 4911 kaludjerieab
689 4859 728 4894 su.
755 4843 857 4896 Bene
882 4841 1001 4912 Spljetu.

453 5033 461 5067 ¹
485 5037 589 5094 laucius
613 5037 718 5093 Poclat.
765 5033 779 5068 ⁹
801 5037 905 5092 Lucius
930 5037 1026 5104 Patro,
1049 5036 1155 5091 Parlati
1183 5037 1278 5094 Pereo.
