4350 5932
301 437 322 504 6

301 629 420 696 diuinis
446 629 629 694 ministeriis
652 629 870 714 competentia
886 627 1042 693 exhibere
1059 629 1200 693 seruitia.
1226 625 1421 692 Audientiae
1445 635 1477 690 et
1501 628 1661 712 questioni
1678 636 1816 711 nostras,
1835 629 1862 691 si
1883 627 1992 692 adhuc

302 737 387 800 inter
410 756 469 799 ros
493 756 609 798 caussa
632 736 773 798 nutritur
796 733 950 817 scandali,
977 733 1162 820 praedictus
1175 732 1424 798 archidiaconus
1442 743 1590 798 occurrat
1613 733 1807 816 admonitus,
1832 743 1932 820 atque
1948 734 1997 800 di·

303 840 399 907 lectio
424 837 560 927 tuapro
585 839 731 926 partibus
756 841 823 905 suis
845 839 966 926 dirigat
989 862 1160 926 personam
1194 841 1393 922 instructam,
1419 839 1538 926 quibus
1562 840 1796 926 praesentibus,
1822 839 1998 904 solatiante

303 949 444 1030 domiuo,
468 948 562 1012 nobie
598 945 745 1034 deposito
777 945 883 1012 studio
914 969 1135 1034 personarum,
1167 969 1250 1033 quae
1282 954 1471 1032 competunt
1503 945 1606 1010 fauori
1640 946 1791 1030 iustitiae,
1822 945 1999 1011 decernere

303 1055 479 1122 vulcamas.

452 1184 555 1246 Mauri.
579 1183 718 1244 Collectio
741 1183 850 1242 Concil.
873 1184 909 1245 T.
932 1183 986 1244 IX.
1014 1189 1063 1244 etr.
1091 1178 1184 1244 1039.

728 1408 779 1490 Χ.
809 1407 896 1492 591.
926 1410 1113 1510 mjeseca
1154 1409 1332 1512 vellate.
1361 1412 1399 1495 U
1428 1413 1572 1494 Rima.

304 1533 413 1632 Grqur¹
433 1551 459 1614 I.
479 1572 567 1628 papo
589 1553 759 1628 actualitor
782 1553 900 1613 Notata
923 1555 1051 1629 bisaura
1072 1555 1255 1615 actiaslroma
1275 1575 1317 1616 aa
1343 1558 1459 1616 destillat
1481 1559 1525 1617 s'to
1542 1559 1576 1631 Je
1591 1559 1689 1632 aosjeo
1704 1559 1810 1619 ctetica
1828 1561 1998 1634 papinsau.

786 1718 980 1804 Gregorius,
1003 1717 1112 1803 Natali
1146 1720 1298 1806 episeopo
1323 1719 1503 1785 salonitano

463 1871 592 1958 Scripta
615 1873 817 1935 reuerentiae
842 1880 980 1952 vestrae,
1004 1891 1088 1957 quae
1104 1871 1303 1956 processioni
1321 1881 1449 1936 nostrae
1473 1874 1593 1956 gratias
1618 1872 1811 1954 referebant,
1837 1873 1994 1939 offerente

304 1971 468 2066 Stephano
492 1977 640 2058 diacono,
664 1998 760 2064 quem
785 1977 961 2060 direxistis,
994 1978 1189 2062 accepimus,
1221 1987 1253 2040 et
1283 1979 1433 2041 nimirum
1468 1977 1563 2042 valde
1595 1978 1757 2043 credenda
1790 1989 1865 2043 suut
1888 1982 1995 2063 gratia

303 2096 335 2152 et
356 2085 462 2150 studio
491 2085 636 2149 caritatis
652 2083 902 2169 impensa,.dum
921 2081 1126 2168 pontificatus
1142 2084 1244 2146 nostri
1268 2083 1475 2166 congaudere
1492 2084 1637 2150 ordinem
1657 2087 1737 2150 ratio
1755 2085 1993 2150 commonebat.

302 2192 429 2258 Idcirco
454 2213 512 2256 uos
537 2191 741 2255 salutationis
765 2200 893 2254 vestrae
910 2212 1026 2253 caussa
1049 2187 1191 2252 reddidit
1208 2188 1366 2269 laetiores,
1386 2192 1616 2254 conscientiam
1642 2201 1784 2254 nostram
1811 2191 1993 2255 iudicamus

302 2301 404 2386 ipsius
428 2297 560 2363 honoris
584 2320 684 2362 onera
706 2319 758 2360 me
782 2319 880 2380 aegro
904 2298 1013 2360 animo
1038 2296 1230 2380 suscepisse.
1256 2294 1319 2358 Sed
1348 2297 1425 2380 quia
1451 2295 1569 2360 diuinis
1601 2295 1732 2361 iudiciis
1756 2320 1820 2362 non
1845 2308 1992 2382 poteram

303 2405 470 2487 resultare,
502 2405 685 2469 necessario
720 2414 861 2467 mentem
894 2425 997 2466 meam
1041 2402 1123 2486 parti
1157 2399 1280 2464 laetiori
1317 2404 1479 2464 reuocaui.
1512 2402 1575 2465 Pro
1607 2425 1672 2488 qua
1703 2425 1739 2468 re
1770 2407 1993 2468 reuerentiam

272 2565 276 2576 ,
303 2521 445 2576 vestram
469 2509 655 2598 epistolario
681 2532 830 2574 sermone
858 2509 1073 2595 deposcimus,
1092 2517 1206 2570 uttam
1225 2530 1293 2587 nos,
1311 2527 1407 2592 quam
1424 2505 1620 2580 christianus
1637 2529 1728 2591 grex,
1746 2531 1843 2574 curae
1860 2521 1992 2573 nostrae

303 2619 504 2700 commissus,
529 2617 685 2682 orationis
709 2625 838 2680 vestrae
862 2615 986 2680 solatiis
1010 2615 1222 2700 perfruamur,
1252 2624 1410 2698 quatenus
1439 2636 1478 2678 ea
1506 2614 1671 2679 valeamus
1688 2615 1822 2700 presidii
1839 2615 1994 2680 firmitate

304 2723 463 2812 procellas
488 2733 668 2810 temporum
694 2745 857 2808 superare.
884 2721 996 2786 Mense
1019 2720 1208 2800 Februario,
1234 2719 1408 2784 indictione
1436 2743 1531 2785 nona.

460 2854 563 2912 Menai.
584 2853 723 2910 collectio
748 2853 857 2908 Concil.
881 2853 915 2906 T.
940 2852 993 2906 IX.
1016 2858 1066 2910 etr.
1103 2851 1198 2906 1040.

789 3104 868 3186 XI.
896 3102 981 3185 591.
1009 3102 1070 3184 15.
1108 3099 1277 3200 ouujka
1305 3097 1342 3178 U
1370 3095 1516 3178 Rimu.

305 3279 406 3358 Gryur
430 3280 457 3340 1.
476 3295 561 3354 popo
583 3277 689 3338 aetate
711 3277 823 3336 Multa
846 3277 975 3348 biskupa
997 3274 1234 3350 ducaaaslromu,
1261 3271 1301 3328 cta
1322 3267 1506 3340 lanescprad
1525 3267 1584 3326 aad
1598 3285 1709 3340 rurprrr
1732 3268 1831 3340 media
1861 3264 1985 3326 Iuanom

510 3387 706 3459 scrp'etaikom
730 3383 852 3458 Gjorqje
870 3381 1010 3455 profetia
1038 3379 1142 3452 Ilattia
1165 3380 1177 3436 r'
1198 3377 1371 3451 Sljepuaom
1405 3375 1558 3446 bistupom
1582 3375 1780 3434 stcdcrskim.

770 3517 960 3604 Gregorius,
984 3515 1114 3580 Malcho
1139 3517 1291 3602 episcopo
1314 3509 1532 3577 dalmatiensi.

461 3659 605 3724 Joauues
621 3659 672 3722 vir
687 3654 984 3742 eloquentissimus,
999 3649 1203 3714 consiliarius
1231 3649 1292 3712 viri
1322 3649 1588 3714 excellentissimi
1605 3649 1726 3714 domini
1744 3648 1876 3733 Georgii
1894 3672 1986 3736 prae·
2077 3637 2089 3652 ⁰

303 3769 378 3834 fecti
422 3789 480 3853 per
507 3765 645 3843 Italiam,
682 3762 857 3826 insinuauit
890 3759 985 3824 nobis
1017 3765 1129 3822 contra
1161 3754 1359 3842 Stephanum
1395 3759 1580 3843 episcopum
1615 3755 1806 3822 Scodrensis
1837 3757 1990 3836 ciuitatis,

304 3873 517 3962 quorumdam
542 3895 577 3935 se
599 3866 944 3956 negotiorum'habere
968 3865 1219 3944 controuersias,
1242 3871 1273 3924 et
1289 3865 1381 3947 petiit
1401 3865 1484 3926 inter
1503 3885 1575 3926 eum
1594 3872 1626 3924 et
1643 3885 1677 3924 se
1694 3859 1849 3926 iudicium
1870 3860 1989 3926 debere

189 4043 192 4049 ,
304 3983 490 4046 consistere.
515 3978 691 4064 Propterea
714 3975 947 4040 fraternitatem
972 3980 1059 4034 tuam
1083 3969 1244 4056 praesenti
1272 3970 1500 4053 praeceptione
1524 3969 1709 4032 curauimue
1740 3953 1990 4048 admonendam,

304 4099 341 4153 ut
363 4086 565 4174 praedictum
599 4086 786 4170 episcopum
810 4081 852 4146 ad
884 4077 1067 4164 eligendum
1099 4073 1275 4161 compellas
1308 4082 1418 4138 venire
1450 4072 1614 4154 iudicium,
1649 4084 1680 4136 et
1711 4071 1870 4163 quidquid
1902 4073 1988 4135 inter

304 4193 505 4281 praedictum
529 4189 689 4256 Joanuem
714 4191 819 4252 virum
845 4185 1053 4271 magnificum
1079 4193 1111 4247 et
1135 4180 1333 4267 saepefatum
1363 4181 1560 4265 episcopum,
1592 4178 1765 4242 electorum
1798 4177 1896 4241 fuerit
1918 4199 1989 4241 sen-

304 4302 406 4366 tentia
428 4297 614 4379 diffinitum,
638 4295 681 4360 ad
704 4294 853 4360 effectum
886 4291 1064 4380 perducere
1088 4311 1152 4354 nou
1178 4289 1325 4368 omittas;
1350 4295 1441 4350 utet
1472 4296 1563 4349 actor
1593 4285 1634 4348 de
1664 4293 1836 4348 consecuta
1870 4284 1994 4348 iustitia

304 4409 425 4496 gratias
448 4404 576 4486 referat,
601 4412 633 4466 et
656 4401 811 4488 pulsatus,
836 4421 909 4466 cum
933 4397 975 4463 ad
999 4397 1215 4482 cognitionem
1244 4393 1423 4474 deducitur,
1448 4390 1529 4456 nibil
1553 4401 1665 4457 contra
1689 4414 1723 4456 se
1748 4389 1788 4455 de
1823 4389 1912 4454 illata
1934 4390 1982 4454 in-

304 4514 428 4588 iustitia
451 4519 678 4598 conqueratur.

383 4631 385 4636 ’
463 4641 565 4701 Mausi.
589 4639 708 4695 Collect.
733 4637 821 4694 Cone.
844 4637 897 4696 IX.
920 4642 972 4696 etr.
1000 4631 1095 4692 1057.

711 4872 826 4955 ·Xll.
854 4870 943 4955 591.
970 4866 1156 4970 mjeseca
1187 4861 1341 4967 llpnja.
1369 4863 1406 4946 U
1434 4862 1577 4944 Rimu.

363 5037 465 5112 Grqar
488 5030 517 5096 1.
540 5019 815 5105 paragromata
838 5016 991 5090 biskapcm
1017 5014 1145 5074 ilirakr'm
1176 5013 1260 5084 ejece
1285 5028 1320 5069 su
1336 5011 1431 5084 svojtlr
1454 5007 1578 5068 staticuli
1600 5007 1775 5081 proljeranr
1797 5005 1929 5080 biakupe.

729 5155 918 5242 Gregorius,
943 5151 1104 5218 universis
1135 5148 1296 5236 episcopis
1321 5171 1378 5234 per
1400 5147 1577 5234 Illyricum.

342 5363 344 5366 ,
462 5314 602 5382 Jobinus
633 5300 926 5372 excellentissimus
961 5295 1022 5378 vir,
1053 5292 1138 5356 filius
1169 5299 1290 5370 noster,
1323 5290 1525 5375 praepositus
1557 5310 1614 5372 per
1644 5285 1821 5372 Illyricum,
1854 5287 1983 5370 scriptis

306 5431 373 5498 suis
398 5423 492 5492 nobis
512 5419 673 5484 iudicasse
695 5409 905 5497 dignoscitur,
929 5403 971 5468 ad
995 5425 1029 5467 se
1053 5401 1154 5465 sacris
1182 5397 1328 5483 apicibus
1345 5379 1515 5462 destinatis
1536 5395 1658 5458 iussum
1676 5392 1785 5475 fuisse,
1802 5393 1982 5478 episcopos,
