4310 5918
306 421 369 488 128

460 613 602 682 Zatiem:
627 615 835 682 Pontificatus
859 615 979 680 domini
1004 616 1183 682 Alexandri
1216 639 1317 703 papae
1341 617 1383 682 ll.
1417 607 1591 684 indictione
1623 619 1691 685 XII
1714 621 1836 686 Datum
1859 621 1984 688 Romae

281 719 286 725 ’
303 720 378 784 XV.
401 720 556 786 kalendas
579 720 699 807 aprilis.
717 719 834 786 Manus
847 721 933 786 Petri
952 723 1134 788 cancellarii
1150 723 1356 788 vicedomini
1374 723 1530 805 Aneonis,
1548 725 1740 792 coloniensis
1752 727 1988 815 archiepiscopi

303 848 387 890 anno
402 835 512 916 ‘sexto
537 823 642 911 (ΧΙ).Ι
1655 842 1664 847 ·

462 981 541 1052 Illyr.
563 980 688 1040 Sacrum.
711 983 746 1038 T.
771 983 834 1039 Vll.
858 990 905 1039 str.
933 983 981 1038 ll.
1003 983 1085 1063 dalle.
1108 985 1231 1058 Regesta
1254 985 1358 1041 Pontis.
1382 986 1460 1041 Rom.
1485 987 1521 1041 ad
1543 985 1579 1042 Α.
1606 987 1698 1041 1067.

952 1273 1183 1356 CXLVIII.
1212 1275 1326 1359 1067.

303 1425 393 1486 Pstor
415 1429 485 1500 opat
507 1430 681 1485 comestam
702 1443 744 1486 so.
768 1427 927 1487 Krseoana
950 1445 971 1486 u
995 1427 1099 1486 Zodru
1117 1429 1257 1500 popisuje
1288 1445 1341 1486 soa
1363 1426 1509 1514 aemhiito
1526 1423 1734 1506 pripudojuc'a
1757 1429 1864 1486 tatomu
1886 1445 1986 1486 samo·

591 1536 693 1602 stans,
717 1533 904 1606 priobtro'uti
926 1534 938 1590 t
961 1533 1124 1591 dorovaicu
1146 1533 1246 1605 trotio
1269 1533 1427 1606 hruotshop
1451 1533 1618 1592 Kresimiro
1641 1533 1698 1591 IV.

459 1683 599 1764 †Anno
623 1706 751 1770 quoqne
775 1685 934 1751 dominice
951 1687 1186 1750 incarnacionis
1211 1684 1381 1750 millesimo
1406 1683 1467 1748 LX
1491 1688 1637 1772 septimo,
1662 1687 1837 1752 indictione
1859 1689 1984 1773 quinta,

302 1800 416 1876 epacta
438 1789 497 1854 III.
521 1801 732 1855 concurrente
757 1793 902 1876 septima.
940 1791 1109 1876 Regnants
1133 1789 1487 1886 domnossonstantino
1512 1791 1607 1856 Duca
1630 1813 1746 1876 magno
1779 1774 1985 1878 imperatore,
2045 1804 2053 1809 '

302 1898 478 1982 prioratum
502 1895 621 1960 Jadere
646 1917 723 1960 vero
748 1896 932 1982 presidente
948 1897 1065 1962 domno
1089 1896 1156 1962 Leo
1181 1897 1339 1984 imperiali
1366 1896 1621 1983 protospathario
1647 1907 1678 1962 et
1699 1900 1797 1962 totius
1816 1899 1986 1964 Dalmacie

303 2000 479 2087 Catapano.
514 2001 585 2086 Ego
621 2001 751 2086 quidem
782 2001 907 2082 Petrus,
942 2005 1042 2066 sancti
1076 1999 1269 2088 Ohrisogoni
1294 1999 1396 2066 abbas
1420 2003 1607 2084 immeritus,
1632 2025 1739 2086 cerno,
1763 2005 1851 2090 quod
1875 2007 1907 2068 in
1934 2005 1985 2068 his

302 2107 510 2194 temporibus,
534 2107 700 2192 inquibus
724 2109 788 2171 iam
812 2106 1012 2172 deuenerunt
1036 2109 1115 2174 fines
1141 2107 1331 2188 seculorum,
1356 2107 1510 2172 nonnulla
1534 2107 1766 2173 subtrahuntur
1789 2109 1830 2172 de
1854 2131 1984 2196 posses-

303 2213 446 2278 sionibus
478 2221 738 2298 sanctoruuper
777 2211 938 2297 ingluuias
982 2211 1145 2277 hominum
1190 2211 1442 2294 mundanorum,
1476 2233 1514 2276 aa
1548 2198 1643 2276 dauni
1679 2235 1744 2278 non
1778 2215 1985 2297 verensium,

303 2317 419 2384 callida
443 2317 709 2398 machinamenta,
735 2331 766 2382 et
799 2317 911 2382 dolosa
936 2339 970 2382 se
995 2321 1175 2382 amancium
1210 2317 1349 2404 plurima
1379 2327 1578 2402 argumenta.
1615 2317 1710 2383 Unde
1743 2320 1983 2405 cyrographum

302 2422 364 2488 boc
394 2421 435 2486 ad
469 2424 665 2508 posteritatis
697 2425 883 2502 memoriam
915 2447 985 2488 esse
1018 2423 1135 2504 studui,
1160 2445 1231 2487 cum
1257 2421 1391 2487 consilio
1425 2444 1463 2486 ac
1495 2421 1658 2486 voluntate
1694 2434 1726 2488 et
1756 2424 1982 2490 testificatione

302 2527 456 2614 prephato
479 2527 568 2592 urbis
593 2526 756 2608 nobilium,
781 2551 916 2614 quorum
942 2532 1071 2593 nomina
1094 2529 1208 2594 subtus
1232 2529 1372 2614 ascripta
1394 2529 1603 2614 reperientur.
1636 2528 1686 2592 De
1709 2531 1982 2614 possessionibus,

303 2633 362 2699 hoc
386 2643 435 2696 ast
455 2634 560 2714 terris,
584 2634 699 2715 vineis,
716 2633 853 2711 oliuetis,
872 2637 998 2719 pascuis
1015 2657 1053 2698 ac
1069 2633 1306 2720 piscacionibus
1323 2635 1535 2720 prenominati
1558 2633 1693 2716 cenobii,
1714 2633 1868 2699 videlicet
1894 2635 1981 2700 beati

304 2736 496 2823 Chrisogoni
522 2736 641 2802 Christi
668 2740 828 2824 martyris,
859 2738 909 2803 vel
934 2743 965 2803 in
990 2739 1107 2826 quibus
1132 2738 1210 2804 locis
1234 2737 1294 2803 hec
1317 2741 1424 2803 omnia
1447 2738 1637 2822 habeantur,
1661 2762 1725 2826 que
1749 2749 1893 2826 tempore
1919 2741 1981 2805 mei

230 2905 235 2910 .
302 2845 468 2928 regiminis
493 2844 524 2906 in
549 2843 705 2930 obsequio
729 2843 863 2906 fratrum
889 2844 919 2906 in
945 2845 1056 2907 eadem
1079 2843 1216 2907 ecclesia
1238 2844 1298 2908 deo
1320 2846 1526 2910 seruientium
1552 2864 1623 2908 esse
1647 2846 1793 2930 cognoui,
1818 2868 1859 2910 ne
1883 2845 1981 2910 alicui

304 2949 344 3014 de
368 2949 558 3034 subscriptis
582 2948 679 3013 rebus
703 2949 867 3012 minuendi
890 2947 1026 3012 facultas
1051 2951 1082 3012 in
1104 2958 1265 3034 posterum
1284 2948 1452 3014 tribuatur.
1477 2949 1512 3012 ln
1538 2952 1649 3035 primis
1674 2973 1813 3037 namque
1838 2949 1981 3014 scribere

302 3077 452 3120 curamus
477 3055 683 3136 territorium,
708 3056 827 3139 inquo
853 3055 947 3118 uinee
971 3065 1002 3119 et
1027 3053 1112 3118 oliue
1136 3056 1236 3118 nostri
1260 3056 1445 3119 monasterii
1470 3076 1541 3118 esse
1565 3054 1705 3140 plantate
1738 3065 1923 3138 noscuntur,
1949 3059 1981 3120 in

303 3158 373 3225 loco
396 3161 451 3245 qui
476 3155 597 3222 Yculus
630 3159 813 3222 nominatur
846 3168 878 3222 et
908 3158 969 3222 his¹
989 3161 1133 3224 terminis
1169 3137 1377 3236 terminaturi
1399 3158 1459 3222 Est
1481 3161 1513 3224 in
1537 3159 1651 3224 eodem
1684 3159 1753 3224 loco
1778 3160 1873 3224 vallis
1898 3161 1981 3226 infra

302 3265 383 3331 diros
408 3263 545 3328 humiles
569 3263 626 3329 sed
650 3273 796 3350 petrosos
821 3263 920 3328 colles
952 3274 1099 3351 porrecta
1122 3266 1155 3328 in
1179 3267 1311 3346 oriente,
1335 3285 1397 3350 qne
1423 3263 1563 3330 Rabiosa
1582 3265 1707 3344 dicitur,
1730 3275 1762 3329 et
1785 3277 1834 3330 est
1858 3267 1980 3352 primus

301 3371 457 3442 terminus
482 3368 576 3434 huius
600 3369 676 3433 dicti
700 3371 851 3434 territorii
876 3392 894 3432 a
919 3371 1023 3455 capite
1047 3371 1147 3454 ipsius
1171 3367 1265 3432 vallis
1289 3369 1321 3432 in
1347 3370 1478 3452 oriente,
1503 3367 1558 3432 ubi
1583 3371 1684 3433 eciam
1714 3369 1849 3456 pusillus
1873 3369 1980 3435 ulmus
2040 3429 2043 3436 .

302 3491 388 3546 stare
412 3478 564 3558 cernitur,
590 3473 756 3561 usquead
786 3472 920 3538 limitem
956 3475 1012 3559 qui
1036 3473 1118 3537 ultra
1150 3472 1302 3559 putheum
1336 3473 1480 3536 eiusdem
1506 3473 1567 3537 loci
1600 3475 1631 3538 in
1664 3474 1855 3539 occidentali
1891 3487 1981 3562 parte

301 3586 493 3652 habeturet
516 3582 599 3646 alins
624 3603 682 3667 per
706 3590 924 3646 transuersum
947 3603 966 3643 a
990 3601 1077 3642 mare
1110 3600 1212 3664 usque
1231 3581 1318 3642 viam
1347 3580 1521 3664 antiquam,
1543 3600 1606 3665 que
1631 3589 1679 3644 est
1703 3589 1814 3644 contra
1836 3579 1980 3662 Sablata,

302 3693 335 3756 in
358 3701 423 3777 qua
446 3690 549 3754 eciam
574 3686 634 3750 hac
657 3685 699 3750 de
723 3707 819 3749 causa
843 3687 903 3748 sita
935 3695 983 3748 est
1014 3685 1191 3769 antiquitus
1213 3684 1338 3768 petrina
1371 3683 1506 3768 paruula
1530 3683 1731 3766 columnella,
1758 3708 1821 3772 que
1845 3697 1914 3751 erat
1938 3685 1979 3750 ab

301 3793 543 3861 insidiatoribus
570 3792 609 3856 de
633 3813 692 3855 saro
716 3789 916 3855 occidentale
941 3789 1011 3854 loco
1047 3792 1153 3874 priore
1176 3800 1299 3853 remota
1330 3790 1361 3852 in
1395 3791 1517 3854 oriente
1550 3791 1641 3875 quasi
1667 3813 1779 3876 passos
1811 3792 1977 3872 ducentos,
2020 3848 2029 3854 .

302 3923 399 3988 quam
423 3921 482 3964 nos
504 3919 576 3963 cum
600 3917 759 3961 consensu
783 3893 996 3960 Obroatorum
1012 3897 1108 3979 regis,
1131 3897 1258 3958 nomina
1275 3892 1464 3975 Cresimiro,
1489 3915 1683 3980 suorumque
1708 3895 1863 3961 nobilium
1888 3900 1979 3962 resti-

302 4009 421 4071 tuimus
444 4007 477 4068 in
495 4003 566 4068 loco
582 4003 727 4088 pristino.
744 3999 837 4065 Hanc
853 4003 956 4088 ipsam
984 4001 1126 4086 denique
1154 4009 1272 4064 terram
1296 3999 1346 4063 bis
1371 3999 1466 4085 paulo
1488 4000 1682 4084 supradictis
1706 4003 1850 4066 terminis
1874 4006 1980 4066 termi-

302 4121 420 4192 natam,
446 4111 514 4175 sine
532 4108 743 4172 infestacione
763 4106 980 4192 quorumlibet
997 4103 1160 4170 hominum
1181 4108 1284 4170 seruis
1301 4104 1351 4168 dei
1378 4113 1533 4191 perpetuo
1550 4106 1788 4196 possidendam,
1806 4106 1867 4172 hoc
1884 4109 1979 4172 modo

302 4219 478 4302 antiquitus
515 4215 548 4278 in
582 4223 690 4277 nostro
727 4215 790 4277 iam
825 4212 911 4277 dicto
948 4213 1141 4276 monasterio
1176 4210 1277 4275 fertur
1312 4209 1412 4275 fuisse
1448 4210 1572 4286 datam,
1609 4210 1694 4296 quod
1730 4211 1861 4296 quidam
1894 4215 1978 4276 anim

303 4321 516 4388 Obroatorum
539 4341 599 4383 rex
623 4319 756 4382 veniens
781 4317 822 4380 ad
853 4318 1036 4382 oracionem
1059 4318 1091 4380 in
1116 4315 1285 4381 ecclesiam
1309 4316 1508 4402 prephatam,
1536 4340 1593 4404 pro
1614 4339 1671 4381 sue
1702 4317 1844 4382 remedio
1873 4319 1980 4382 anime

302 4424 418 4512 optulit
441 4445 521 4504 eam,
539 4422 625 4508 quod
641 4422 771 4505 factum,
791 4443 954 4508 pronepus
970 4417 1040 4486 ciui
1056 4419 1212 4486 Orssimir
1228 4423 1342 4504 dictus,
1368 4425 1430 4485 iam
1454 4445 1512 4486 rex
1526 4425 1644 4487 nostris
1668 4443 1796 4509 quoqne
1821 4421 1980 4487 stabiliuit

302 4529 427 4620 diebus,
460 4527 534 4592 inde
565 4526 658 4592 nobis
688 4527 818 4592 tradens
848 4525 992 4591 libellum
1024 4528 1239 4591 continentem
1273 4529 1335 4592 ita:
1366 4527 1437 4612 Ego
1471 4526 1635 4610 Oresimir,
1672 4529 1726 4613 qui
1756 4527 1819 4592 alio
1852 4531 1979 4592 nomine

301 4623 572 4716 vostrorPetrus,
605 4632 817 4698 Obroatorum
850 4655 909 4698 rex
941 4631 1276 4720 Dalmatinorumque,
1308 4633 1438 4698 notifico
1471 4633 1630 4712 omnibus,
1665 4633 1751 4718 quod
1783 4636 1902 4698 iustum
1933 4643 1981 4697 est

301 4745 406 4807 visum
432 4739 542 4822 michi,
568 4749 603 4803 ut
625 4748 744 4803 statuta
767 4747 934 4825 parentum
959 4759 1102 4802 meorum
1127 4741 1331 4823 antiquorum
1355 4759 1418 4802 non
1442 4748 1654 4819 cassarentur,
1680 4739 1821 4802 maxime
1844 4761 1892 4820 ea,
1917 4759 1979 4824 que

301 4847 343 4912 ad
375 4845 510 4911 salutem
543 4867 652 4910 eornm
687 4845 849 4930 pertinent
879 4845 1066 4908 animarum.
1103 4842 1328 4929 Comperimus
1369 4865 1507 4930 namque
1538 4845 1569 4907 in
1600 4846 1699 4928 gestis
1732 4846 1843 4928 proani
1878 4846 1979 4909 nostri

412 5035 594 5110 ¹Zakljudak
619 5039 691 5094 imao
716 5037 742 5094 bi
776 4999 927 5109 po'Jaffeu
956 5038 1050 5109 glasiti
1082 5037 1189 5093 ovalro:
1214 5037 1318 5092 Datum
1353 5037 1458 5094 Romae
1482 5037 1545 5094 XV.
1569 5037 1627 5092 kal.
1651 5037 1758 5113 aprilis,
1791 5056 1841 5108 par
1865 5055 1976 5094 manum

300 5128 378 5184 Petri
401 5127 562 5182 cancellarii
585 5126 646 5182 vice
669 5126 773 5182 domini
789 5125 918 5180 Annonis
940 5125 1038 5180 Gelon.
1062 5126 1266 5196 archiepiscopi
1289 5143 1363 5180 anno
1384 5132 1470 5194 sexto,
1494 5123 1675 5194 pontificatus
1698 5125 1804 5180 domini
1825 5125 1977 5180 Alexandri

300 5233 392 5288 papae
423 5215 459 5270 Il.
493 5213 593 5272 indict.
625 5213 691 5270 XII.
715 5215 760 5272 Nu
783 5231 836 5270 ora
860 5213 996 5284 indilrcija
1029 5213 1140 5355 nepada
1163 5231 1181 5267 u
1204 5213 1307 5267 rrieme
1330 5214 1481 5284 papinstva
1504 5213 1725 5284 Aleksandrova,
1757 5231 1830 5284 nego
1861 5230 1891 5267 se
1922 5213 1976 5268 ima

301 5303 395 5358 stavili
418 5303 476 5358 ind.
499 5301 534 5358 V.
557 5302 623 5360 Ako
647 5319 676 5357 se
700 5303 774 5373 pato
798 5319 877 5356 uams
907 5301 985 5355 obzir
1006 5317 1042 5354 na
1079 5309 1139 5355 estu
1167 5301 1273 5372 godinu
1300 5299 1564 5372 nadbiskupovanju
1588 5300 1755 5375 Annonova,
1783 5302 1793 5355 i
1820 5319 1857 5356 na
1886 5301 1976 5372 drugn
2066 5295 2081 5304 ’

300 5391 450 5476 popinstva
465 5390 678 5447 Aleksandrovs
702 5391 776 5446 enda
792 5389 820 5444 bi
838 5377 891 5445 ova
908 5389 1004 5444 listina
1016 5389 1115 5460 pisana
1129 5387 1188 5444 bila
1203 5407 1231 5460 g.
1249 5389 1344 5446 1062.
1357 5389 1414 5448 ind.
1435 5389 1499 5445 XV.
1522 5389 1605 5444 kamo
1618 5391 1650 5460 ju
1663 5391 1693 5460 je
1706 5389 1716 5443 i
1727 5389 1851 5445 Batonio
1862 5389 1975 5444 naratio.
