4310 5918
1813 438 1857 502 95

169 623 353 688 roboratam
379 645 506 710 semper
531 625 689 710 persistat.
715 623 809 688 Anno
841 624 1045 710 pontificatus
1069 625 1178 694 domni
1195 623 1368 693 Anastasio
1398 637 1522 698 octauo.
1542 627 1722 694 Indictione
1744 628 1854 695 XlllI.

331 731 521 816 Signaraus:
542 729 614 816 Ego
640 729 830 794 Anastasius
848 733 1018 817 episcopus
1042 733 1132 795 testis
1149 733 1332 816 supradicte
1356 734 1504 798 ciuitatis.
1531 732 1602 818 Ego
1628 734 1741 800 Petrus
1768 738 1852 822 epis·

172 857 274 921 copus
290 835 437 900 arbensis
453 837 601 918 ciuitatis,
615 837 718 899 testis.
737 835 807 919 Ego
826 835 911 900 Maio
929 838 1015 922 prior
1031 835 1173 921 predicte
1190 831 1329 900 ciuitatis
1343 836 1473 920 Jadere,
1491 841 1593 903 testis.
1611 839 1682 924 Ego
1702 839 1859 906 Armatus

169 939 415 1018 archidiaconus
441 951 473 1004 tt.
498 939 569 1026 Ego
604 941 716 1004 Petrus
747 941 1008 1027 archipresbyter
1031 951 1066 1004 tt.
1085 941 1155 1025 Ego
1177 941 1316 1006 Dournio
1334 944 1481 1006 tribunus
1505 955 1542 1008 tr.
1566 943 1636 1029 Ego
1660 945 1857 1032 Larnpredio

171 1046 321 1112 tribunus
344 1057 379 1113 tt.
405 1045 476 1132 Ego
493 1046 608 1112 Petrus
625 1049 772 1112 tribunus
791 1085 835 1096 -
853 1087 890 1096 —
911 1087 951 1096 —
977 1071 1069 1112 socer
1095 1050 1221 1134 prioris.
1243 1057 1277 1110 tt.
1301 1046 1373 1133 Ego
1398 1048 1484 1112 Maio
1509 1049 1658 1116 tribuous
1680 1049 1858 1118 Cerneche.

170 1161 206 1216 tt.
230 1151 303 1236 Ego
329 1152 438 1217 Dabro
463 1152 561 1218 frater
594 1155 662 1218 eins
687 1164 722 1218 tt.
747 1153 818 1238 Ego
843 1153 970 1218 Ursana
994 1154 1141 1218 tribunus
1172 1161 1207 1216 tt.
1229 1151 1298 1236 Ego
1318 1151 1431 1216 Petrus
1449 1153 1596 1218 tribunus
1623 1155 1799 1240 spoletinus
1821 1168 1856 1222 tt.

171 1255 243 1342 Ego
269 1257 376 1322 Barba
399 1257 546 1322 tribunus
571 1270 606 1322 tt.
631 1257 702 1342 Ego
725 1257 953 1345 Nyehiphorus
978 1259 1125 1323 tribunus
1150 1269 1184 1322 tt.
1216 1256 1288 1344 Ego
1321 1257 1487 1324 Johannes
1519 1259 1666 1325 tribunus
1699 1261 1857 1328 arbesano

171 1372 207 1426 tt.
231 1361 304 1446 Ego
325 1361 415 1426 Plato
440 1363 588 1427 tribunus
604 1365 702 1428 irater
718 1368 787 1429 eius
814 1375 849 1430 tt.
874 1363 945 1448 Ego
962 1364 1091 1452 quidem
1109 1363 1302 1430 Anastasius
1320 1366 1490 1450 episcopus
1514 1365 1697 1451 supradicte
1714 1369 1855 1434 ciuitatis
1960 1381 1963 1386 '

171 1489 269 1532 manu
298 1470 427 1554 propria
450 1471 568 1554 scripsi
594 1479 626 1533 st
648 1469 808 1535 roboraui.
1325 1481 1328 1488 '

330 1633 442 1688 Listina
472 1634 572 1704 pisana
601 1653 638 1689 na
667 1635 838 1706 pergameni,
861 1632 953 1689 nalazi
984 1651 1014 1688 se
1044 1651 1061 1688 u
1093 1633 1318 1705 gnbernijalnom
1342 1633 1440 1688 arlivu
1475 1652 1492 1688 n
1526 1635 1628 1703 zarin,
1655 1635 1749 1707 medju
1772 1637 1857 1708 pismi

171 1719 315 1791 dignutog
337 1721 491 1776 monastira
514 1723 752 1794 benediktinskog
786 1741 825 1776 sr.
858 1722 1013 1791 Krbevana,
1038 1721 1094 1792 pod
1129 1721 1273 1776 naslovom
1297 1723 1391 1777 Masso
1417 1722 1536 1794 (Marso)
1554 1723 1587 1778 Α,
1613 1722 1738 1794 capsula
1759 1723 1794 1778 F.
1819 1725 1854 1780 N.

170 1807 194 1860 l.
213 1807 256 1862 br.
275 1809 303 1862 1.
325 1807 374 1862 Ati
397 1809 487 1879 pismo
509 1809 604 1865 listino
627 1811 684 1880 oije
708 1813 743 1865 od
770 1813 819 1864 10.
843 1827 915 1882 nego
937 1810 974 1863 od
999 1811 1048 1863 12.
1072 1809 1103 1862 ili
1129 1811 1179 1864 13.
1195 1809 1287 1876 rieka,
1303 1813 1380 1865 tatto
1397 1827 1428 1864 se
1451 1811 1507 1865 ima
1529 1811 1658 1867 amatrati
1681 1811 1736 1867 kao
1761 1815 1856 1884 propia

170 1913 189 1949 a
212 1912 248 1950 ne
271 1895 327 1951 kae
351 1897 463 1952 marica.
531 1929 538 1940 ·
836 1900 838 1908 ‘
1124 1923 1129 1930 ·

712 2191 793 2274 CV.
822 2190 912 2272 (llio
938 2210 976 2288 g.
995 2189 1086 2274 990.
1116 2189 1153 2272 U
1181 2189 1332 2302 Zadru

238 2387 327 2461 Majo
344 2387 438 2461 pato
459 2403 495 2446 sa
516 2387 634 2447 olastett
656 2387 840 2446 aadorslu‘mt'
862 2387 1035 2460 ustupljuju
1059 2391 1234 2446 somostonu
1257 2405 1297 2446 su.
1319 2387 1478 2446 Krteoana
1499 2349 1572 2462 svoj
1586 2387 1634 2448 dio
1656 2389 1787 2463 ribarije.

330 2559 489 2645 Tempore
514 2558 621 2623 domni
648 2557 746 2642 Magii
764 2558 942 2622 iaderensis
967 2559 1092 2643 prioris,
1118 2579 1174 2642 pro
1196 2557 1459 2622 necessitatibus
1467 2558 1603 2646 puplicis
1625 2559 1754 2624 fuerunt
1777 2583 1853 2624 ven-

169 2663 236 2727 dite
262 2665 460 2749 piscaciones
485 2687 548 2728 una
571 2667 602 2729 in
629 2662 732 2727 insula
767 2657 907 2736 Mellata
932 2663 1032 2727 altera
1054 2665 1085 2725 in
1111 2661 1226 2746 Tilago
1258 2665 1289 2726 in
1315 2662 1387 2727 urle
1420 2667 1531 2728 maiori
1561 2667 1663 2729 sancti
1695 2663 1852 2747 Uictoris,

170 2793 213 2833 ex
234 2769 470 2854 parteAltana‚
487 2793 550 2856 que
567 2773 744 2856 continete
761 2767 831 2834 luco
861 2770 916 2832 ubi
939 2769 1090 2853 Megarus
1115 2768 1240 2849 dieitur,
1266 2791 1367 2856 usque
1391 2770 1432 2834 ad
1456 2793 1557 2852 casas,
1585 2792 1648 2856 que
1672 2794 1730 2835 sue
1754 2775 1856 2857 pisca·

170 2876 273 2936 cionis
304 2888 450 2959 quartam
485 2877 668 2960 porcionem
700 2873 960 2951 sehabentibus
998 2873 1074 2937 dare
1108 2872 1273 2954 solebant,
1305 2896 1387 2960 quas
1419 2897 1482 2938 non
1515 2879 1608 2960 princi
1639 2875 1856 2940 iadeleusium

171 2977 296 3042 nobiles
321 2990 466 3042 emerant
490 2991 618 3065 propter
642 2989 789 3065 quartam
818 2982 954 3064 piscium
982 2981 1179 3065 porcionem.
1198 2978 1262 3044 Sed
1286 2981 1362 3065 quia
1379 3001 1454 3065 sepe
1479 2981 1510 3043 in
1536 2980 1695 3044 diuisione
1720 2981 1856 3067 piscium

172 3081 344 3166 litigabant
367 3093 399 3147 et
421 3107 455 3147 se
472 3085 610 3149 inuicem
625 3085 817 3166 scindentes,
836 3096 866 3148 et
885 3084 1035 3148 cedentes
1061 3083 1255 3162 lacerabant,
1276 3084 1381 3149 dictus
1406 3087 1493 3170 prior
1508 3109 1579 3149 cum
1605 3089 1670 3150 suis
1692 3084 1855 3150 nobilibus

172 3189 267 3252 iniuit
286 3189 467 3272 consilium,
493 3213 556 3276 quo
581 3193 650 3276 ipsu
685 3193 824 3276 piscacio
850 3191 980 3254 daretur
1004 3191 1197 3252 monasterio
1232 3188 1315 3253 beati
1348 3188 1518 3274 Orisogoni
1551 3190 1671 3254 Ohristi
1705 3193 1854 3272 martiris,

171 3295 258 3380 quod
283 3305 315 3358 et
337 3295 455 3359 factum
479 3305 537 3360 est.
561 3296 643 3360 Nam
669 3299 776 3360 statim
800 3305 957 3360 uenerunt
979 3295 1020 3360 ad
1044 3294 1212 3359 ecclesiam
1238 3293 1383 3380 prephati
1409 3297 1547 3360 martiris
1565 3319 1637 3360 cum
1662 3296 1794 3375 cartula,
1819 3298 1853 3361 in

173 3423 237 3486 qua
261 3401 386 3466 illorum
411 3402 566 3466 nobilium
592 3405 721 3467 nomina
746 3405 865 3489 scripta
889 3401 1099 3481 habebantur,
1136 3423 1232 3486 quam
1257 3411 1405 3486 presente
1429 3401 1546 3466 donrno
1568 3401 1713 3466 Trasone
1737 3401 1854 3466 abbate

175 3509 308 3593 suisque
340 3507 713 3600 fratribus,posuerunt
741 3509 844 3596 super
875 3520 1021 3582 sanctum
1055 3506 1166 3586 altare,
1199 3506 1364 3570 dicentes:
1390 3506 1554 3570 offerimus
1578 3509 1635 3569 tini
1671 3507 1854 3571 beatissime

172 3611 374 3697 Chrisogoae
399 3617 510 3678 martir
536 3640 593 3702 pro
618 3617 760 3680 remedio
796 3617 976 3678 animarum
1003 3624 1184 3678 nostrarum
1210 3623 1319 3677 nostre
1344 3611 1473 3698 hempte
1502 3614 1695 3697 piscacionis
1728 3636 1853 3696 munus,

171 3729 203 3782 et
226 3719 253 3782 si
277 3719 357 3783 illud
381 3721 453 3805 quis
477 3733 659 3785 nostrorum
683 3720 734 3785 uel
765 3721 902 3786 aliorum
928 3721 1080 3806 superbie
1106 3721 1219 3806 spiritu
1243 3717 1373 3783 inflatus
1397 3743 1416 3783 a
1439 3729 1493 3783 tuo
1518 3741 1609 3783 sacro
1641 3720 1777 3785 cenobio
1802 3719 1854 3784 uel

169 3823 212 3888 ab
235 3847 347 3889 eorum
372 3836 537 3910 potestate,
562 3829 616 3912 qui
635 3827 691 3892 tibi
708 3830 740 3891 in
757 3821 827 3913 ipso
847 3827 1070 3908 deseruierint‚
1089 3825 1277 3890 subtrahere
1294 3827 1509 3912 temptauerit,
1529 3829 1607 3890 iram
1625 3828 1853 3913 omnipotentis

170 3931 221 3995 dei
246 3933 391 3994 incurrat
414 3942 445 3994 et
469 3941 684 3997 trecentorum
716 3933 827 3998 decern
859 3943 890 3997 et
913 3943 984 3997 octo
1009 3943 1192 3996 sanctorum
1218 3941 1343 4018 patrum
1382 3921 1639 3996 maledictionem
1672 3931 1798 4014 habeat,
1822 3943 1855 3996 et

169 4037 202 4100 in
226 4037 404 4101 nouissimo
429 4059 501 4101 cum
523 4037 610 4102 Juda
634 4038 785 4102 traditore
808 4037 1022 4124 omnibusque
1048 4039 1168 4124 iniquis
1193 4037 1352 4100 internum
1378 4037 1550 4122 possideat.
1576 4037 1693 4101 Actum
1716 4047 1765 4101 est
1789 4035 1852 4102 hoc

168 4153 315 4228 tempore
330 4142 523 4227 supradicto.
550 4144 591 4207 ab
608 4143 657 4206 his
676 4145 867 4230 subscriptis
884 4143 1046 4208 nobilibus
1062 4165 1100 4207 ac
1117 4143 1272 4208 testibus:
1296 4143 1442 4226 inprimis
1461 4141 1611 4207 uidelicet
1635 4141 1710 4224 Mai,
1733 4141 1853 4207 Jadere

170 4249 267 4334 prior,
292 4258 383 4314 actor
407 4259 438 4313 et
453 4251 552 4331 testis,
577 4249 735 4315 Domnius
758 4251 915 4325 tribunus,
939 4249 1142 4322 Theodosius
1159 4247 1316 4327 tribunus,
1341 4255 1430 4310 actor
1453 4257 1485 4310 et
1508 4257 1615 4323 testes,
1639 4245 1853 4333 Lampredius
1885 4273 1887 4282 ·

171 4353 320 4418 tribunus
343 4363 433 4418 actor
456 4357 491 4418 et'
509 4357 609 4436 testis,
633 4355 749 4420 Petrus
774 4355 920 4419 tribunus
944 4357 1044 4435 testis,
1069 4354 1174 4418 Maius
1198 4337 1358 4417 tribunus
1379 4353 1479 4431 testis,
1509 4351 1622 4416 Dabro
1654 4352 1754 4418 frater
1784 4353 1854 4417 eius

172 4462 273 4534 testis,
297 4441 428 4525 Ursaoa
451 4460 599 4525 tribunus
631 4463 730 4541 testis,
757 4461 869 4525 Petrus
895 4461 1053 4541 tribunus,
1079 4458 1186 4523 Barba
1210 4456 1368 4538 tribunus,
1404 4455 1586 4543 Nikyforus
1618 4457 1775 4540 tribunus,
1798 4456 1854 4522 Jo-

173 4565 296 4632 hannes
320 4568 479 4649 tribunus,
505 4567 596 4632 Plato
613 4567 769 4646 tribunus,
791 4565 821 4630 hi
840 4567 1049 4659 suprascripti
1074 4577 1105 4632 et
1130 4561 1273 4628 nonnulli
1293 4561 1347 4628 alii
1371 4551 1585 4628 iaderensium
1611 4562 1736 4628 nobiles
1760 4562 1855 4629 huius
1936 4581 1951 4604 ·

174 4674 220 4736 rei
244 4685 394 4737 auctores
419 4691 451 4736 et
474 4683 572 4737 testes
597 4685 681 4737 suot.

330 4841 435 4896 Matisa
458 4859 494 4896 na
515 4841 589 4898 kari.
612 4839 639 4903 U
661 4839 759 4912 guber.
782 4839 881 4894 arhiru
906 4855 923 4894 u
946 4837 1038 4893 Zadru
1069 4834 1172 4907 (lapso.
1192 4789 1271 4893 Xlll.
1295 4835 1387 4892 Masso
1410 4833 1446 4890 A.
1469 4833 1510 4890 br.
1535 4833 1587 4888 34.
