4350 5932
1838 419 1880 485 23

187 619 346 706 quosdam
377 639 455 682 vere
487 639 521 681 se
553 615 674 681 salubri
708 615 911 698 discretione,
946 621 1138 701 protegente
1169 612 1309 698 domino,
1346 614 1569 702 suspendisse;
1595 621 1627 677 01
1660 599 1813 699 quantum
1837 613 1877 678 de

176 723 408 790 *constantibus
443 721 578 810 gaudeo,
611 731 734 786 tautum
767 720 807 785 de
839 719 1044 785 deuisntibus
1077 722 1272 804 ingemisco;
1307 721 1457 806 quoniam
1497 741 1607 784 sacrae
1640 720 1875 783 communionis

187 833 352 917 mysteria,
377 851 460 917 quae
483 828 523 892 ad
540 826 775 893 absolutionem
794 825 885 891 nobis
903 827 1015 891 diuina
1032 826 1150 912 pietate
1175 847 1328 890 concessa
1353 835 1436 905 suut,
1462 827 1494 888 in
1519 825 1744 888 detrimentum
1771 826 1874 908 magis

189 958 265 1000 suae
282 935 409 998 animae
426 942 649 1020 perceperunt.
667 931 709 996 Et
726 933 802 1018 quia
818 933 901 996 sicut
924 931 1018 995 vobis
1042 932 1247 1016 omnipotens
1261 930 1339 994 deus
1357 931 1535 994 innotescat
1551 929 1769 1010 vehementer,
1794 932 1874 994 cari·
1963 987 1966 994 .

185 1041 241 1104 tati
257 1049 388 1103 vestrae
412 1035 598 1102 medullitus
623 1045 654 1102 et
671 1029 797 1101 ex'toto
815 1037 911 1101 corde
926 1039 1111 1122 compatior,
1128 1045 1261 1122 paterno
1278 1035 1394 1098 affeetu
1420 1034 1666 1121 obtestoratque
1686 1034 1815 1115 suadeo,
1840 1043 1875 1098 01

184 1144 225 1209 ab
247 1144 362 1210 illicita
385 1145 611 1208 communione
635 1165 669 1208 00
694 1145 831 1230 0010000
875 1142 1056 1222 suspendat,
1082 1151 1114 1205 et
1135 1163 1215 1227 quos
1239 1139 1416 1226 apostolica
1448 1139 1540 1203 sedes
1573 1142 1604 1203 in
1637 1141 1872 1204 communionis

186 1273 261 1314 anae
286 1238 481 1313 consortium
498 1270 561 1314 uon
584 1249 709 1334 recipit,
734 1248 863 1312 omnino
881 1247 1027 1331 refugiat,
1053 1269 1092 1310 ne
1109 1247 1184 1325 inde
1213 1268 1287 1310 reus
1303 1255 1377 1309 ante
1394 1255 1600 1330 conspectum
1618 1247 1740 1309 aeterni
1760 1245 1875 1309 iudicis

185 1357 270 1421 unde
284 1353 538 1443 poteratsaluari
560 1355 723 1420 consistat.
742 1351 892 1438 Comperi
918 1361 1024 1416 autern
1049 1351 1133 1438 quod
1158 1351 1289 1437 quidam
1307 1371 1478 1436 peruersae
1498 1353 1611 1414 mentis
1637 1351 1782 1415 homines
1806 1348 1873 1414 illic
1988 1359 1995 1366 “

175 1464 350 1526 'insinuare
374 1463 479 1527 conati
504 1469 586 1542 sunt,
612 1461 687 1546 quia
713 1481 772 1543 ego
797 1466 907 1523 contra
931 1455 1109 1522 Maximum
1134 1456 1274 1543 quodam
1307 1455 1380 1520 odio
1404 1477 1544 1529 mouear,
1568 1465 1686 1520 01000
1718 1479 1756 1518 00
1780 1477 1865 1540 0000

186 1569 349 1650 canonica,
375 1567 430 1634 sed
450 1568 609 1653 capotius
635 1587 716 1651 quac
734 1565 852 1629 furoris
884 1576 958 1628 sunt
981 1566 1099 1650 exequi
1125 1564 1363 1648 concupiscam.
1386 1560 1448 1626 Sed
1473 1560 1651 1642 0100111100,ι
1674 1561 1759 1626 absit
1782 1585 1801 1624 a
1824 1583 1873 1626 sa·

185 1671 340 1736 eci-dotali
366 1674 482 1753 animo,
514 1683 549 1736 01
579 1672 612 1735 10
643 1669 787 1756 qualibet
818 1691 932 1734 caussa
966 1670 1093 1755 priuato
1115 1667 1184 1732 zelo
1213 1676 1389 1732 moueatur.
1416 1667 1485 1752 Ego
1509 1688 1586 1730 vero
1610 1665 1727 1753 populo
1750 1669 1782 1730 in
1805 1665 1869 1730 illis

186 1777 334 1864 partibus
358 1778 554 1858 consistenti,
579 1797 725 1840 0010000
742 1777 868 1840 animae
887 1775 1070 1860 prouidens,
1089 1781 1121 1838 et
1137 1775 1364 1859 omnipotentis
1385 1773 1437 1838 dei
1464 1773 1617 1837 iudicium
1632 1775 1872 1859 pertimescens,

186 1903 318 1948 caussas
342 1881 485 1948 eiusdem
511 1881 646 1949 Maximi
669 1882 794 1967 exquiri
827 1879 912 1962 volo,
943 1888 975 1945 et
1006 1903 1078 1944 cum
1111 1881 1197 1944 omni
1230 1881 1416 1944 sinceritate
1445 1877 1608 1942 reuelante
1632 1877 1761 1941 domino
1786 1878 1873 1964 quod

187 1998 236 2054 001
258 1989 451 2071 0000010010Ι
472 1987 616 2054 definire.
642 1985 701 2052 Cui
727 1987 878 2072 quoniam
903 1985 1090 2072 frequenter
1106 1986 1304 2070 scripsimus,
1334 1993 1447 2048 utnon
1472 1986 1560 2070 prius
1585 2006 1677 2048 sacra
1703 1977 1900 2052 missarum?

187 2092 334 2158 solennia
359 2092 545 2170 celebraret,
563 2113 659 2178 quam
677 2113 825 2155 caussam
843 2092 911 2154 eius
929 2093 1144 2176 potuissemus
1161 2113 1348 2175 agnoscere,
1373 2089 1514 2176 alioquin
1540 2101 1625 2154 esset
1649 2091 1871 2154 communione

187 2200 345 2286 priuatus,
370 2209 402 2262 et
425 2219 467 2262 ex
490 2196 551 2262 hoc
575 2199 637 2260 iam
672 2197 842 2282 superbiae
866 2197 965 2281 ipsius
992 2196 1086 2282 culpa
1104 2197 1259 2281 inaperto
1290 2204 1494 2276 monstratur,
1519 2195 1605 2280 quod
1630 2199 1766 2280 saepius,
1791 2197 1874 2259 sicut

187 2306 267 2384 dixi,
312 2304 496 2369 admonitus
529 2313 564 2367 01
594 2303 635 2366 ad
666 2325 725 2367 nos
758 2305 892 2385 veniret,
924 2303 1063 2366 diuersis
1084 2301 1368 2373 ,excusationibus
1400 2303 1558 2381 renititur,
1588 2301 1715 2384 refugit,
1751 2281 1871 2366 metuit.

189 2411 285 2476 Unde
309 2432 386 2494 ergo
418 2408 567 2495 trepidat,
599 2409 628 2473 si
657 2429 729 2472 eum
748 2406 788 2472 de
811 2407 861 2471 his
887 2429 970 2495 quae
992 2408 1075 2472 dicta
1100 2417 1174 2472 sunt
1194 2407 1390 2471 conscicntia
1414 2429 1476 2470 non
1501 2405 1657 2470 accusat?
1682 2406 1772 2471 Haec
1795 2429 1873 2490 ergo

185 2524 430 2602 cognoscentes,
447 2524 617 2602 postquam
641 2515 735 2579 vobis
758 2513 879 2578 nullam
904 2514 944 2578 de
961 2514 1143 2598 ignorantia
1159 2513 1406 2585 excusationem
1426 2533 1590 2576 assumere
1615 2513 1768 2597 potestis;
1792 2533 1872 2595 rogo

185 2620 299 2686 hortor
323 2630 356 2685 01
378 2642 502 2701 moneo,
528 2629 563 2684 ut
585 2619 769 2706 prohibitae
790 2642 849 2684 vos
880 2620 1114 2696 communionis
1147 2618 1307 2682 consortio
1340 2638 1397 2703 per
1431 2617 1539 2680 omnia
1570 2617 1784 2702 suspendatis,
1811 2639 1871 2682 nec

187 2729 338 2814 cuiquam
363 2725 532 2801 sacerdoti,
568 2727 785 2832 suprascripto
813 2725 957 2790 Maximo
989 2725 1248 2808 communicanti,
1282 2731 1393 2786 contra
1418 2723 1558 2786 animam
1583 2744 1673 2786 suam
1699 2727 1894 2808 quisquam,

184 2841 331 2898 vestrum
353 2832 589 2897 communicare
606 2840 799 2917 praesumat.
817 2829 903 2910 Quia
918 2840 1025 2900 tamen
1043 2829 1149 2910 audio,
1174 2829 1257 2892 sicut
1281 2826 1443 2911 praefatus
1468 2849 1548 2909 sum,
1566 2826 1723 2914 quosdam
1744 2837 1869 2893 vestros

184 2939 371 3023 ignorantia
393 2937 511 3022 lapsos,
535 2936 692 3022 quosdam
729 2939 824 3000 etiam
849 2937 889 3001 ad
911 2934 1213 3001 communicandum
1247 2931 1405 2998 violenter
1428 2955 1499 2996 esse
1522 2955 1703 3018 oppressos,
1728 2935 1871 3019 omnipo·
1923 2947 1928 2955 '

184 3054 305 3110 tentem
330 3043 494 3108 dominum
518 3043 684 3128 deprecor,
721 3052 755 3107 01
778 3051 810 3108 01
833 3065 898 3123 000,
921 3043 975 3128 001
1008 3039 1083 3104 huic
1114 3041 1264 3126 prauitati
1297 3040 1428 3103 minime
1451 3050 1692 3121 consenserunt,
1716 3049 1871 3126 perpetua

1931 2588 1940 2621 l

185 3152 310 3234 gratiae
334 3173 411 3214 suae
436 3151 634 3236 protectione
669 3149 837 3228 custodiat,
863 3158 895 3212 01
918 3155 1026 3234 001010
1057 3148 1104 3210 010
1137 3144 1286 3226 largitate
1320 3145 1521 3230 respondeat.
1550 3143 1592 3208 Et
1615 3143 1685 3209 illos
1710 3169 1790 3231 quos
1815 3155 1870 3208 aut
1927 3213 1935 3232 x

185 3255 327 3320 studium
351 3265 408 3318 aut
430 3256 621 3338 ignorantia,
647 3263 702 3318 aut
725 3254 789 3318 alia
810 3253 975 3340 quaelibet
998 3273 1113 3315 caussa
1136 3251 1242 3314 traxit·
1256 3251 1289 3312 10
1313 3249 1450 3334 culpam,
1467 3249 1514 3312 ab
1533 3251 1618 3313 omni
1642 3259 1733 3314 reatu
1758 3272 1867 3336 pecca·
1963 3313 1972 3322 ,

184 3373 300 3442 torum,
324 3371 420 3446 atque
454 3359 496 3424 ab
522 3359 671 3422 omuibus
695 3358 831 3424 vinculis
855 3358 980 3422 alienae
997 3357 1203 3440 obligationis
1232 3353 1388 3434 absoluat,
1413 3355 1625 3441 omnibusque
1650 3357 1682 3419 in
1707 3350 1867 3442 praesenti

184 3469 252 3531 vita
269 3469 475 3552 protectionis
492 3486 570 3528 0000
588 3466 724 3548 gratiam
750 3463 878 3545 tribuat,
902 3473 934 3528 01
957 3486 1014 3526 000
1039 3462 1079 3527 (10
1103 3461 1195 3524 vobis
1212 3462 1244 3524 10
1267 3470 1398 3524 aeterna
1414 3461 1517 3544 patria
1542 3460 1683 3543 gaudere
1700 3461 1865 3524 concedat.

188 3572 235 3637 Ut
255 3573 355 3657 igitur
378 3570 458 3636 haec
481 3569 574 3634 vobis*
596 3571 786 3658 intercessio
806 3565 889 3653 apud
904 3568 999 3633 deum
1025 3567 1217 3632 saluatorem
1243 3573 1388 3628 nostrum
1412 3564 1569 3650 proficiat,
1595 3563 1871 3630 adhortationibus

188 3680 307 3742 nostris
332 3699 390 3762 pro
413 3677 540 3740 animae
563 3685 692 3739 vestrae
712 3674 814 3739 salute
831 3673 1046 3739 obedientiam
1071 3671 1231 3746 exhibete,
1249 3680 1280 3734 et
1296 3669 1337 3733 ab
1361 3669 1424 3732 illis
1465 3689 1588 3732 sacram
1613 3673 1869 3736 communionem

186 3785 352 3870 percipite,
375 3804 456 3868 quos
480 3803 514 3845 se
535 3781 577 3845 ab
600 3781 751 3844 antedicti
776 3778 911 3844 Maximi
933 3780 1159 3843 communione
1175 3777 1372 3840 abstinuisse
1396 3774 1447 3838 001
1472 3773 1634 3838 abstinere
1658 3777 1864 3860 cognoscitis.

398 3902 499 3958 110001.
523 3901 641 3959 Collect.
663 3901 749 3957 Cone.
771 3902 808 3956 X.
832 3908 883 3956 str.
906 3901 957 3954 32.

542 4087 745 4170 XXX-[V.
773 4087 864 4170 est.
894 4088 1079 4188 10100000
1111 4087 1294 4187 travnja.
1323 4085 1360 4166 U
1387 4085 1532 4166 Rimu.

184 4245 289 4321 (10000
313 4245 340 4306 l.
359 4241 568 4318 poposcistis
584 4241 766 4314 Sabinijonu
782 4241 910 4313 bistupa
930 4241 1126 4300 aadurstomu
1143 4239 1182 4296 do
1198 4255 1234 4296 00
1250 4238 1313 4297 obii
1328 4255 1343 4295 s
1358 4237 1516 4296 isobo‘enim
1534 4237 1571 4296 od
1585 4238 1670 4296 ortos
1690 4237 1871 4296 1101010000

401 4349 552 4420 11010000(
576 4347 738 4416 saltuatim,
761 4349 773 4404 i
796 4347 835 4404 da
857 4347 942 4418 dodje
964 4346 1088 4417 aojedno
1110 4360 1126 4402 a
1149 4343 1268 4415 11010001
1290 4342 1526 4400 dalmaticatimi
1549 4361 1570 4400 0
1591 4343 1669 4402 Rim.

642 4499 838 4584 Gregorius,
851 4497 1026 4564 Sabiniano
1052 4500 1202 4586 episcopo
1227 4499 1405 4564 Jadertino.
1697 4461 1705 4490 ⁸

342 4642 376 4708 si
392 4641 641 4728 dispensationis
658 4639 895 4705 ecclesiasticae
917 4638 1061 4724 regulam
1078 4647 1110 4703 et
1134 4642 1284 4726 antiquae
1308 4635 1551 4702 consuetudinis
1575 4637 1719 4702 ordinem
1744 4637 1870 4702 00110110

184 4749 368 4815 studuisses
385 4745 643 4814 consideratione
659 4767 805 4833 pensare,
831 4767 890 4809 nec
915 4743 972 4808 tibi
988 4744 1097 4832 aliqua
1120 4744 1250 4810 illicitae
1275 4747 1546 4833 praesumptionis
1562 4745 1656 4832 culpa
1673 4744 1870 4830 subreperet,

188 4877 251 4921 nec
271 4853 325 4919 alii
351 4853 520 4918 occasione
551 4855 597 4917 tui
629 4853 751 4938 peceati
787 4851 961 4916 discrimen
992 4852 1203 4916 incurrerent.
1236 4852 1347 4938 ltaque
1370 4851 1563 4934 cognouisse
1587 4861 1618 4916 10
1641 4873 1705 4916 000
1730 4859 1778 4914 001
1801 4871 1870 4914 am·

185 4963 332 5046 biguum,
356 4955 432 5046 quia
455 4959 530 5023 dum
554 4958 596 5024 ad
610 4979 668 5023 nos
700 4957 857 5044 quaedam
890 4956 930 5021 de
953 4957 1097 5024 Maximo
1114 4959 1345 5044 peruenissent,
1369 4979 1452 5044 quae
1485 4955 1654 5020 sacerdotii
1681 4963 1868 5042 prouectum

184 5081 250 5132 non
275 5067 390 5131 leniter
410 5063 611 5152 impedirent,
649 5068 793 5130 nostrum
817 5063 943 5127 ineius
975 5085 1113 5149 persona
1144 5085 1207 5128 000
1235 5063 1333 5126 101000
1369 5063 1570 5140 consensum,
1605 5082 1663 5124 nec
1686 5061 1774 5145 prius
1798 5082 1870 5124 eum

183 5195 245 5236 nos
267 5170 410 5236 voluisse
429 5170 470 5235 ad
493 5169 554 5234 hoc
577 5169 662 5257 quod
687 5168 849 5234 nitebatur
881 5168 1045 5252 accedere,
1070 5191 1166 5255 quam
1191 5169 1289 5254 digna
1312 5167 1351 5232 de
1376 5167 1425 5232 his
1449 5189 1532 5254 quae
1556 5166 1642 5230 dicta
1666 5168 1871 5232 0000100110-

182 5277 284 5342 factio
307 5277 502 5362 proueniret.
527 5273 621 5354 Quod
648 5297 720 5338 cum
753 5296 893 5356 seruare,
918 5281 951 5337 01
973 5271 1162 5338 tn’omnino
1187 5273 1365 5354 debuisses,
1390 5282 1495 5337 actum
1528 5273 1629 5356 magis
1655 5279 1761 5335 estut
1783 5279 1872 5336 0010-

181 5383 291 5448 (110100
326 5381 489 5446 Maximus
520 5401 636 5446 caecae
668 5381 785 5446 mentis
809 5401 885 5445 0000
905 5379 1058 5445 auiditate
1075 5381 1294 5466 episcopatum
1312 5379 1479 5464 arripiens,
1504 5377 1544 5442 ad
1577 5399 1668 5441 suam
1691 5385 1721 5442 10
1744 5379 1872 5441 1000010
