4292 5926
290 387 329 452 12

288 581 365 666 Ego
389 581 511 666 Dabro,
536 565 722 665 monachae,
746 585 832 652 filius
857 587 993 671 Veresti,
1019 589 1117 654 breue
1140 589 1379 656 recordacionis
1402 589 1486 654 facio
1510 589 1550 653 de
1574 589 1679 670 vinea,
1704 610 1770 674 que
1786 597 1835 652 001
1852 589 1883 651 10
1901 587 1978 652 loeo

220 733 222 736 -
286 692 340 774 qui
365 689 483 755 dicitur
508 690 688 772 Lucorano,
715 694 985 778 quemadmodum
1012 696 1150 760 Matafar
1174 696 1348 760 monachus
1373 717 1430 780 pro
1457 693 1655 760 redemtione
1679 695 1787 759 anime
1812 716 1869 758 sne
1895 693 1977 758 bea·

291 796 413 858 tissime
436 794 620 880 Grisogono
645 798 777 862 tradidit
800 822 871 863 cum
898 799 1024 865 011001ῑο
1050 813 1080 866 01
1105 801 1174 866 ficis
1200 803 1231 864 iu
1257 810 1445 886 perpetuum
1470 797 1654 866 habendum
1679 809 1711 864 01
1727 796 1974 884 possidendum.

289 899 419 964 Accidit
441 911 631 988 temporum,
656 905 742 990 quod
769 905 917 970 monaehi
943 909 973 970 10
999 930 1116 992 magna
1140 908 1248 992 inopia
1272 917 1438 986 venerunt,
1463 908 1558 972 vinea
1582 927 1639 990 pro
1662 915 1732 968 octo
1754 903 1864 968 solidis
1889 925 1974 967 ven·

286 1005 445 1086 diderunt,
470 1008 555 1072 unde
579 1031 640 1092 ego
665 1009 777 1075 Dabro
800 1011 852 1076 hic
877 1036 939 1076 non
964 1036 1051 1076 eram
1077 1012 1187 1076 111010
1212 999 1364 1097 ternpore,
1388 1011 1517 1097 quando
1541 1011 1602 1075 hoc
1623 1010 1743 1074 factum
1768 1009 1882 1090 fuerat,
1907 1006 1972 1072 sed

287 1112 321 1181 in
346 1115 482 1178 seruicio
508 1114 558 1178 dei
582 1125 613 1178 et
634 1118 738 1180 sancti
762 1116 936 1202 Grisogoni
961 1121 992 1181 in
1018 1118 1198 1182 Arbensem
1223 1120 1384 1180 ciuitatem
1410 1142 1429 1180 a
1453 1115 1618 1180 monachis
1637 1118 1753 1180 missus
1768 1115 1825 1180 tui.
1848 1113 1974 1178 Reuer-

288 1227 373 1282 tente
399 1218 459 1284 hoc
481 1220 599 1284 factum
626 1221 745 1303 audiui,
770 1223 867 1304 dolui,
892 1225 1034 1308 ingemui
1059 1247 1120 1287 000
1146 1235 1267 1286 tantum
1294 1223 1334 1286 de
1360 1225 1454 1286 vinea
1478 1222 1534 1286 sed
1563 1222 1602 1286 de
1637 1221 1774 1300 oliuetis,
1810 1219 1972 1306 quemad·

286 1325 415 1388 modum
441 1325 493 1390 die
518 1337 679 1412 noctuque
704 1338 778 1391 ante
803 1351 920 1414 corpus
944 1328 1030 1394 beati
1055 1329 1229 1414 Grisogoni
1255 1327 1385 1392 1000000
1408 1326 1551 1392 ardebat.
1576 1325 1702 1412 Aspexi
1718 1329 1750 1390 in
1768 1325 1897 1390 1000000
1911 1349 1975 1390 ex-

286 1433 394 1512 tincta,
419 1431 596 1515 lacrimaui,
622 1456 748 1498 mecum
773 1435 943 1517 cogitando
969 1437 1117 1518 cogitaui,
1142 1435 1219 1519 quid
1244 1455 1383 1517 agerem,
1414 1432 1463 1496 vel
1501 1430 1578 1519 quid
1614 1431 1687 1496 inde
1722 1433 1871 1511 facerem,
1909 1454 1973 1517 per

290 1534 444 1620 plurimos
469 1537 538 1601 dies
563 1538 725 1605 meditani.
750 1539 895 1602 Tandem
920 1542 1186 1624 per'vestimenta
1213 1541 1272 1601 mei
1298 1541 1441 1622 corporis
1467 1537 1625 1602 habebam
1650 1547 1722 1602 0010
1747 1536 1875 1614 solidos,
1893 1547 1976 1600 ante

289 1643 488 1726 presenciam
523 1641 656 1706 fratrum
694 1643 766 1706 dedi
803 1643 847 1707 1111
874 1644 967 1708 Petro
1003 1643 1224 1707 Zastauarelio
1261 1647 1315 1730 qui
1356 1646 1483 1706 vineam
1517 1641 1658 1707 habebat
1688 1655 1904 1728 comparatam
1936 1655 1976 1706 et

288 1745 404 1811 tradidi
441 1746 626 1811 beatissimo
653 1747 835 1834 Grisogono
860 1753 981 1814 martiri
1006 1751 1091 1814 0110
1126 1762 1313 1835 perpetuum
1346 1749 1474 1812 arderet
1505 1747 1548 1812 ibi
1586 1746 1717 1812 lucerna
1752 1770 1809 1833 pro
1843 1747 1976 1811 redem-

287 1855 378 1917 cione
401 1855 508 1918 anime
533 1877 612 1934 mee,
639 1857 738 1940 patris
763 1866 794 1919 et
818 1858 929 1920 matris
955 1878 1040 1920 mee:
1065 1855 1108 1920 Et
1130 1859 1324 1941 quicumque
1359 1855 1564 1939 temptauerit
1596 1865 1668 1938 post
1699 1865 1837 1924 mortem¹
1864 1875 1976 1918 meam

286 1958 349 2022 alia
370 1961 441 2022 viee
466 1958 586 2024 donare
611 1960 663 2022 vel
688 1960 829 2025 vendere
853 1984 910 2047 pro
934 1961 1043 2048 aliqua
1066 1963 1267 2037 necessitate,
1294 1960 1411 2023 habeat
1434 1962 1553 2022 trinum
1577 1971 1609 2022 et
1633 1982 1729 2022 uuum
1764 1961 1858 2022 deum
1890 1961 1975 2022 irra-

287 2073 352 2127 tum
378 2075 409 2127 01
433 2074 577 2130 sanctum
602 2063 821 2150 Grisogonum
846 2070 1009 2132 martirem
1032 2090 1195 2154 nunquam
1221 2067 1338 2130 habeat
1363 2065 1575 2150 pacificatum.
1602 2063 1643 2128 Et
1668 2064 1815 2129 monachi
1838 2087 1977 2152 respon-

287 2169 421 2235 derunt:
444 2169 509 2250 fiat,
533 2173 598 2252 fiat,
620 2170 686 2236 fiat.
1806 2235 1814 2244 .

444 2275 559 2359 †Ego
585 2324 592 2340 .
619 2325 626 2340 .
652 2325 659 2340 .
685 2325 693 2340 .
719 2257 895 2343 menachus
915 2281 1016 2342 saneti
1042 2277 1215 2362 Grisogoui
1240 2277 1295 2342 ilio
1321 2277 1372 2342 die
1392 2275 1520 2363 quando
1546 2277 1606 2340 hec
1629 2275 1752 2342 cartula
1775 2277 1896 2362 scripta
1911 2275 1977 2340 fnit

287 2381 403 2446 tradidi
439 2381 557 2445 0110010
583 2406 653 2446 mea
677 2382 717 2446 de
744 2381 913 2448 Cuculuco
939 2408 1011 2448 enm
1035 2385 1133 2448 fratre
1157 2406 1228 2447 meo
1253 2383 1437 2448 Prestancio
1463 2383 1649 2447 beatissimo
1673 2381 1856 2466 Grisogono
1886 2405 1971 2444 mar-

287 2489 348 2566 tiri,
374 2487 513 2550 habendi
539 2492 570 2550 in
595 2501 785 2573 perpetuum
808 2497 840 2552 01
864 2490 1060 2574 possidendi.
1088 2489 1132 2553 Ut
1155 2492 1348 2576 quicumque
1374 2489 1413 2554 de
1438 2490 1602 2554 monachis
1620 2513 1676 2555 seu
1694 2488 1785 2555 laicis
1801 2491 1974 2555 subtraere

289 2592 436 2676 voluerit,
462 2592 579 2658 habeat
603 2593 979 2676 istammaledietionem
1006 2619 1068 2683 que
1092 2597 1311 2680 suprascripta
1335 2607 1391 2675 est,
1418 2598 1550 2681 insuper
1573 2599 1709 2661 emoriat
1728 2597 1913 2663 deramatus
1929 2597 1974 2659 si·

286 2701 351 2763 0011
375 2721 435 2783 ego
459 2701 587 2780 morior,
612 2711 643 2764 et
668 2721 731 2763 non
756 2700 873 2764 habeat
896 2700 978 2766 filios
1011 2723 1115 2788 neque
1145 2700 1239 2782 filias,
1273 2711 1405 2786 nepotes
1438 2724 1542 2787 neque
1575 2725 1683 2786 nepos,
1713 2704 1768 2787 qui
1804 2687 1973 2786 possideat

286 2803 496 2868 hereditatem
521 2803 741 2889 temporalem.
767 2805 884 2868 Actum
910 2814 959 2868 est
982 2803 1043 2869 hoc
1066 2807 1097 2870 in
1122 2805 1296 2891 capitulum
1322 2830 1346 2870 s.
1372 2805 1545 2892 Grisogoni
1560 2808 1662 2892 pridie
1681 2808 1840 2872 kalendas
1857 2808 1971 2888 maias,

285 2933 391 2976 coram
415 2909 466 2975 his
490 2912 643 2975 testibus:
669 2911 860 2976 Dominicus
885 2914 986 2976 sancti
1014 2911 1100 2976 Petri
1120 2910 1267 2976 arbensis
1291 2911 1392 2976 abbas
1425 2913 1555 2994 electus,
1586 2913 1624 2980 L.
1658 2913 1778 2978 Jadere
1814 2915 1903 2998 prior
1936 2921 1973 2976 et

288 3015 400 3080 Vitalis
425 3018 487 3080 iam
513 3016 617 3080 dietus
643 3018 740 3103 p'rior,
764 3016 911 3098 Puoarla,
937 3016 1101 3098 Dabrona,
1127 3017 1283 3103 Zagayta,
1309 3017 1489 3082 Damianus
1514 3017 1601 3084 Chor
1625 3018 1710 3106 (sic).
1743 3019 1784 3084 Et
1807 3039 1870 3104 ego
1894 3018 1973 3084 Pre-

288 3123 430 3185 stanoius
455 3122 577 3186 arbiter
600 3123 749 3188 similiter
772 3131 881 3188 testes.

445 3321 517 3377 Stari
542 3323 637 3395 prepis
662 3341 698 3378 na
722 3325 887 3396 pergameni
911 3342 926 3377 u
953 3325 1018 3396 gub.
1044 3324 1143 3380 arkivn
1167 3343 1185 3380 n
1207 3325 1310 3384 Zadru.
1335 3325 1419 3397 Cape.
1445 3327 1466 3380 l.
1491 3326 1585 3381 Masso
1610 3326 1636 3380 H
1671 3325 1711 3380 br.
1738 3327 1766 3384 t.

904 3617 1028 3699 XIII.
1057 3619 1147 3702 ono
1173 3641 1208 3718 g.
1239 3619 1351 3700 llos.

443 3801 544 3873 araur
566 3804 637 3872 0001
659 3817 701 3860 00.
727 3801 817 3858 Petra
833 3799 998 3871 noanataje
1019 3799 1112 3872 mcdje
1131 3799 1277 3873 aemoh'ah
1300 3799 1387 3858 eritve
1408 3817 1450 3860 00.
1477 3799 1597 3872 nrojstje
1622 3799 1679 3858 leod
1701 3798 1828 3872 Splicta.

437 3971 509 4056 Ego
534 3971 713 4056 Gregorius
736 3973 838 4037 abbas
864 3972 966 4035 sancti
990 3971 1076 4034 Petri
1095 3971 1350 4036 recordationem
1374 3970 1467 4052 facio,
1488 3969 1626 4056 qualiter
1650 3969 1855 4055 interpellani
1881 3992 1970 4035 oum·

284 4077 450 4143 Teobaido
474 4081 638 4165 000000110
662 4079 827 4144 Laurentii
845 4081 1056 4164 strigonensis
1073 4077 1306 4163 archiepiscopi
1330 4079 1361 4140 10
1392 4075 1554 4162 synodo
1585 4074 1822 4155 iaderensi,
1853 4097 1964 4139 eoram

283 4181 527 4270 archiepiscopo
549 4182 823 4261 crescentio,
848 4196 880 4249 et
902 4185 1110 4268 Gregorio
1135 4184 1353 4254 iaderensi
1383 4184 1577 4267 ι00100000,
1601 4203 1662 4246 000
1693 4203 1757 4246 000
1781 4180 1874 4265 Lupo
1910 4205 1969 4244 ar-

283 4287 410 4353 bensi
432 4291 594 4375 episcopo,
622 4291 635 4328 ⁹
659 4301 756 4375 atque
782 4290 889 4372 Petro,
912 4290 1138 4354 absarensi
1164 4291 1325 4374 00100000,
1350 4297 1382 4351 01
1411 4287 1639 4360 Dominico
1673 4285 1870 4352 veclensi
1902 4288 1970 4372 001-

284 4407 443 4480 00000,οῐ
466 4393 615 4460 Johanne
640 4399 909 4481 traguriensi
934 4397 1095 4481 episcopo,
1121 4406 1153 4459 et
1176 4395 1306 4480 Duymo
1329 4393 1448 4458 abbate
1480 4393 1583 4457 000011
1614 4391 1779 4477 Stephani,
1812 4401 1845 4455 01
1876 4392 1968 4454 Desa

284 4501 386 4564 000011
422 4499 596 4585 Grisogoni
633 4501 772 4585 abbate,
804 4513 836 4566 et
870 4502 1030 4566 Damiano
1067 4501 1260 4587 traguriensi
1294 4499 1433 4580 abbate,
1470 4510 1502 4564 01
1537 4497 1592 4564 aiii
1626 4497 1733 4583 piures
1768 4500 1822 4584 qni
1858 4498 1905 4561 ibi
1930 4501 1963 4561 in

284 4605 471 4671 terfuerunt.
510 4605 593 4670 Nam
631 4607 815 4672 Teobaldus
839 4608 983 4672 dicebat:
1021 4607 1107 4693 quod
1146 4619 1227 4672 totas
1266 4617 1368 4670 terras
1407 4605 1491 4679 11100,
1531 4604 1706 4690 insipiente
1741 4629 1760 4667 a
1795 4604 1968 4682 Geseniza,

284 4733 385 4797 usquc
420 4711 461 4776 ad
493 4712 703 4778 Tessemil
736 4714 834 4796 dub,
869 4715 1007 4798 pertinet
1039 4737 1059 4775 a
1089 4707 1390 4798 saneto'Moysem
1425 4729 1441 4776 0
1481 4713 1594 4776 000100
1631 4733 1692 4794 ego
1734 4708 1794 4773 heo
1836 4732 1971 4794 respon-

284 4817 419 4883 debam:
452 4817 524 4882 Non
557 4831 605 4883 001
637 4801 758 4902 veroin,
798 4843 868 4883 narn
906 4830 980 4883 sunt
1003 4819 1046 4881 ibi
1082 4829 1165 4882 terre
1201 4818 1241 4882 de
1276 4828 1386 4880 000010
1417 4816 1568 4899 Domnio,
1597 4826 1629 4879 et
1659 4816 1699 4879 de
1733 4826 1844 4879 sancto
1882 4814 1970 4878 Mar·

279 4925 360 5005 tino,
386 4925 481 4988 etde
519 4936 629 4990 sancto
661 4925 829 5011 Gregorio,
862 4937 894 4989 ct
926 4925 987 4990 alie
1019 4937 1093 4989 sunt
1123 4925 1170 4989 de
1206 4922 1424 5021 nobilibus
1459 4923 1744 5004 chroatensis,
1781 4921 1814 4985 et
1843 4917 1970 5005 ignobi·

407 5159 415 5193 ¹
440 5158 572 5217 Stolovao
598 5163 634 5217 od
654 5181 681 5234 g.
713 5160 939 5222 stol—1111.
1053 5153 1056 5158 ¹

404 5246 570 5338 1810100οο
590 5252 627 5306 od
649 5269 678 5324 g.
706 5251 932 5310 tout-1111.
