4310 5918
830 611 969 698 oxor.
1010 611 1101 694 olo
1128 612 1287 714 gmina
1313 635 1351 713 g.
1378 613 1492 697 1076.

316 761 426 822 Medio
454 765 490 823 ili
520 765 627 824 Mario
660 767 779 841 epatica
812 767 1016 841 koludjericulr
1055 767 1208 840 spljetsln'lr
1238 784 1280 826 so.
1312 767 1480 826 Beneditlo
1499 769 1635 841 popisuje
1671 765 1774 838 aendje
1802 761 1998 840 prtpadqute

1005 889 1106 932 aromo
1136 877 1321 934 suntostunu.

469 979 537 1045 Sub
562 983 664 1068 primo
688 981 829 1047 Simonis
851 983 942 1048 ducis
966 1008 1059 1065 anuo,
1083 1009 1143 1072 ego
1162 986 1270 1049 bladia
1286 989 1387 1051 sancti
1405 987 1572 1052 Benedicti
1591 988 1774 1050 monasterii
1800 983 1996 1072 (abbatissa)

315 1086 465 1170 paginam
490 1090 672 1152 testamenti
696 1089 837 1153 scribere
861 1089 966 1174 iubeo,
990 1091 1030 1156 de
1053 1096 1146 1158 terris
1170 1116 1231 1179 que
1257 1104 1340 1174 sunt,
1366 1094 1419 1157 nbi
1444 1094 1562 1158 dicitur
1587 1093 1627 1158 ad
1660 1103 1783 1178 petram
1818 1091 1996 1176 Nebogam,

315 1201 347 1255 et
366 1191 431 1256 alia
453 1215 534 1278 peaa
557 1193 598 1258 de
620 1205 715 1275 terra,
739 1219 802 1283 que
825 1196 944 1260 dicitur
966 1198 1007 1262 ad
1032 1221 1151 1279 muros,
1171 1221 1251 1286 quas
1275 1200 1417 1264 Dabriza
1441 1199 1607 1277 monacha,
1632 1199 1698 1263 filia
1722 1197 1843 1262 Bonioe
1868 1199 1899 1260 in
1919 1207 1997 1260 tem·

316 1319 393 1382 pore
415 1297 581 1366 abbatisse
604 1299 769 1366 Chatenne
793 1301 939 1389 prephati
957 1307 1140 1368 monasterii
1169 1307 1279 1390 prime,
1304 1329 1363 1370 sua
1387 1329 1443 1391 pro
1472 1307 1581 1369 anima
1603 1326 1798 1391 suorumque
1827 1315 1995 1390 parentum

314 1405 346 1467 in
370 1407 473 1469 saneti
499 1405 665 1471 Benedicti
690 1409 826 1473 cenobio
849 1411 974 1496 optulit,
997 1412 1028 1474 in
1051 1411 1169 1498 quibus
1192 1435 1269 1476 vera
1302 1411 1402 1476 multo
1436 1423 1580 1498 tempore
1606 1413 1746 1474 triticum
1766 1448 1810 1458 -
1835 1447 1871 1457 -
1897 1447 1935 1456 -
1962 1431 1996 1472 u·

314 1508 420 1574 lerunt
442 1523 474 1576 et
494 1511 620 1578 duobus
647 1517 773 1580 vicibus
797 1518 908 1580 vineas
933 1516 1175 1603 plantaueront;
1199 1517 1336 1605 denique
1351 1520 1414 1582 iam
1432 1519 1602 1583 transactis
1618 1515 1765 1604 pluribus
1781 1518 1875 1579 annis
1891 1513 1996 1580 Preda

314 1627 346 1680 et
364 1613 520 1682 Vilcmiro
542 1621 612 1684 eius
635 1619 760 1700 fratres,
784 1635 895 1686 contra
920 1624 1075 1688 moniales
1100 1635 1250 1711 proterue
1266 1627 1505 1704 inaurexerunt,
1529 1636 1562 1688 et
1577 1622 1779 1709 supradictas
1800 1631 1903 1685 terras
1919 1641 1996 1684 suas

315 1725 461 1810 proprias
487 1747 682 1813 suorumque
703 1739 869 1814 parentum
894 1753 965 1795 esse
991 1730 1149 1795 dicebant.
1176 1729 1392 1810 Quibuscum
1418 1754 1549 1818 prorsus
1573 1731 1721 1793 insistere
1740 1750 1804 1791 uon
1822 1725 1992 1806 valuimus,

315 1827 408 1894 liuius
433 1831 478 1895 rei
505 1853 694 1898 causacum
719 1836 764 1898 eis
785 1833 841 1899 tali
865 1835 925 1900 sub
950 1858 1038 1918 voce,
1064 1859 1126 1901 uno
1149 1837 1251 1901 solido
1268 1836 1394 1902 duobus
1412 1837 1528 1921 galatis
1563 1837 1628 1899 uini
1660 1833 1812 1898 cederent
1843 1857 1863 1920 p
1893 1869 1927 1880 -
1955 1871 1995 1879 —

313 1932 368 1998 nib
391 1973 435 1983 —-
460 1973 499 1984 -
517 1940 726 2022 sanxiuimus,
748 1950 783 2004 ut
803 1941 957 2028 prephato
981 1954 1064 2008 terre
1083 1955 1238 2030 perpetuo
1255 1947 1450 2009 monasterio
1467 1945 1567 2007 sancti
1585 1941 1752 2006 Benedicti
1771 1948 1999 2026 permanerent

312 2043 439 2128 ipsique
466 2083 498 2090 -
531 2081 568 2092 -
593 2083 636 2094 -
659 2045 820 2111 modo-
845 2087 882 2096 -
911 2087 952 2097 -
980 2087 1018 2098 -
1045 2049 1222 2114 inferri-
1248 2089 1286 2098 -
1313 2089 1351 2098 =-
1373 2050 1538 2115 auderent.
1565 2048 1636 2112 Hoc
1669 2057 1775 2111 autem
1807 2055 1914 2110 actum
1946 2053 1999 2110 est

314 2169 422 2212 coram
446 2147 581 2214 diacono
604 2149 773 2218 Cirnecha.
797 2153 962 2238 Tribuchi,
980 2155 1097 2220 Caloso
1122 2155 1253 2238 Calene,
1278 2158 1428 2243 Apriazo,
1453 2154 1552 2236 Cicle,
1572 2153 1749 2233 Matalario,
1772 2149 1929 2216 Prarinna
1955 2188 1998 2198 -

317 2293 355 2304 -
381 2291 422 2303 -
447 2279 508 2321 one
532 2269 657 2342 nepote,
682 2256 810 2324 Gaudio
834 2259 995 2343 Scarnice,
1021 2261 1132 2328 Sabati
1156 2262 1205 2327 Za
1229 2301 1268 2312 -
1298 2302 1333 2312 -
1365 2301 1401 2310 -
1425 2262 1508 2326 lreni
1531 2259 1608 2341 lilio,
1631 2258 1741 2338 Zirno,
1773 2257 1885 2352 Zabnc
1918 2257 1998 2337 lilio,

317 2369 349 2426 et
371 2358 514 2448 Georgia
538 2365 641 2430 sancti
662 2363 846 2451 L(anreo)ti
869 2368 1035 2456 capellano
1060 2369 1250 2456 presbitero.

473 2521 573 2595 Prepis
595 2541 633 2578 na
655 2526 827 2599 pergameni.
850 2526 876 2588 U
901 2528 958 2592 tol.
981 2530 1090 2587 zadare-
1115 2537 1289 2588 samostanu.

944 2825 1106 2910 exon.
1124 2827 1214 2910 (llto
1242 2825 1352 2909 loto.

314 2981 493 3056 Lampridio
514 2987 620 3060 rodjolr
643 2993 734 3062 opatu
753 2989 844 3048 Petro
866 2989 973 3063 dorsale
992 2995 1166 3050 somostonu
1182 3007 1223 3048 so.
1244 2986 1339 3048 loono
1354 3007 1398 3048 ev.
1414 3007 1435 3047 u
1458 2988 1611 3064 Betproclu
1627 2986 1743 3045 trec'r'nu
1766 3001 1856 3057 scopu
1874 2983 1997 3042 laerta.

579 3159 630 3224 De
652 3163 752 3224 tercia
775 3171 865 3247 parte
886 3159 1073 3226 hereditatis
1097 3161 1293 3248 Lampredii,
1318 3163 1446 3246 cognati
1474 3161 1554 3226 Petri
1578 3159 1716 3226 abbatis.

474 3263 673 3331 Recordacio
704 3289 800 3353 quam
832 3265 946 3332 Petrus
971 3267 1073 3332 abbas
1095 3269 1171 3332 feeit
1195 3269 1305 3346 scribi,
1330 3267 1469 3356 qualiter
1489 3266 1712 3352 Lampredius,
1736 3265 1882 3330 eiusdem
1907 3263 1998 3328 Petri

313 3367 441 3434 abbatis
461 3383 628 3456 cognatus,
646 3396 703 3458 pro
719 3395 778 3438 sua
801 3395 995 3460 suorumque
1019 3387 1185 3460 parentum
1203 3374 1382 3452 animabus,
1400 3375 1498 3438 cessit
1513 3373 1619 3437 eidem
1643 3373 1837 3438 monasterio
1861 3372 1996 3435 terciam

314 3487 437 3561 partem
462 3481 560 3544 totius
583 3503 641 3544 sue
666 3481 897 3566 possessionis,
920 3491 952 3545 et
975 3481 1035 3546 hoc
1058 3491 1131 3568 post
1154 3495 1288 3546 mortem
1306 3483 1384 3562 eius,
1401 3479 1627 3567 qualicumque
1645 3479 1750 3558 modo,
1768 3489 1853 3544 terra
1869 3477 1997 3541 mariue

314 3577 429 3662 obiret,
454 3605 510 3648 seu
535 3607 738 3672 quocumque
763 3599 915 3673 tempore,
933 3588 988 3668 sio,
1007 3599 1041 3652 ut
1063 3611 1100 3652 eo
1117 3587 1280 3662 defuneto,
1306 3587 1451 3672 predicta
1474 3610 1547 3672 pars
1567 3587 1668 3650 tercia
1690 3587 1787 3649 totius
1822 3606 1879 3648 sue
1896 3581 1999 3646 lacul-

314 3690 389 3752 tatis
423 3689 542 3755 rediret
572 3694 604 3754 in
637 3703 824 3777 potestatem
857 3693 983 3758 abbatis
1015 3705 1047 3758 et
1069 3717 1201 3758 suorum
1236 3692 1474 3773 monachorum,
1498 3701 1530 3756 et
1553 3691 1614 3756 hoc
1636 3692 1761 3778 absque
1785 3689 1850 3778 ulla
1870 3698 1998 3753 conna-

315 3799 436 3879 rietate,
470 3799 688 3880 confratrum,
713 3823 769 3864 seu
801 3813 979 3886 parentum,
1003 3813 1059 3866 aut
1081 3802 1356 3881 consobrinorum,
1382 3797 1432 3862 vel
1457 3813 1676 3883 cognatorum,
1702 3797 1753 3862 vel
1775 3818 1918 3877 auorum,
1942 3791 1999 3864 vel

313 3927 516 3990 proauorum,
551 3904 601 3968 vel
634 3907 755 3986 uxoris,
779 3905 830 3971 vel
855 3930 964 3990 nurus,
988 3907 1038 3972 vel
1063 3909 1156 3986 socri,
1177 3907 1228 3972 vel
1253 3929 1373 3986 socrus,
1399 3905 1450 3969 vel
1475 3927 1612 3969 nouerce
1636 3927 1693 3969 seu
1719 3915 1898 3986 matertere,
1919 3905 1993 3970 siue

311 4007 528 4096 quorumlibet
559 4035 601 4076 ex
624 4035 682 4076 suo
705 4035 833 4098 genere.
858 4013 900 4077 Et
922 4013 984 4079 hoc
1004 4023 1111 4078 actum
1136 4027 1185 4079 est
1204 4015 1236 4079 in
1261 4013 1423 4100 presentia
1446 4011 1567 4076 domini
1589 4011 1767 4076 Prostenoii
1791 4013 1932 4097 episcopi
1959 4022 1993 4076 et

311 4115 475 4182 Dominici
498 4117 519 4183 J
523 4121 584 4182 usti
608 4120 733 4204 priona,
758 4129 790 4183 et
813 4121 959 4204 Gregorii
986 4121 1181 4204 iudicatoris,
1199 4137 1232 4186 et
1246 4121 1333 4185 Petri
1350 4118 1391 4183 de
1408 4115 1590 4200 Nobilibus,
1607 4127 1639 4180 et
1656 4115 1804 4198 Petricii,
1822 4115 1878 4180 filii
1894 4115 1998 4182 bladii

312 4235 345 4288 et
366 4221 503 4288 aliorum
530 4223 738 4310 plurimorum
763 4227 914 4290 virorum.

470 4381 660 4439 Polichorion.
684 4383 711 4442 U
733 4383 832 4440 arkivn
856 4383 991 4440 andarste
1012 4385 1169 4457 gubernije.

889 4672 1075 4756 exerit.
1102 4673 1202 4758 1075
1229 4719 1280 4728 —
1309 4671 1425 4754 loto.

312 4833 444 4908 Bs'ljes'te
466 4854 483 4895 o
505 4837 653 4910 aemljittu
676 4838 803 4904 Miruni,
826 4839 896 4910 toja
918 4838 1028 4896 naban
1050 4837 1204 4909 aporbom
1226 4837 1356 4908 trvojevo
1388 4853 1426 4895 so
1450 4832 1618 4909 belprodalrt
1639 4837 1792 4893 somostan
1813 4849 1855 4892 ao.
1885 4831 1993 4890 «loono

860 4962 901 5003 ev.
925 4949 995 5017 opat
1017 4945 1113 5018 isloyu
1144 4948 1317 5002 sumostono
1342 4937 1446 5004 Peter.

944 5071 994 5136 De
1020 5073 1180 5136 territorio
1208 5070 1361 5136 Meirane,

471 5197 586 5264 Petrus
609 5197 711 5264 abbas
734 5219 806 5263 cum
832 5199 898 5262 suis
922 5197 1075 5261 fratribus
1107 5197 1297 5283 conparauit
1331 5197 1434 5262 eidem
1474 5197 1667 5262 monasterio
1699 5193 1836 5258 mediam
1869 5161 1996 5278 partem

313 5305 417 5370 tocius
441 5307 590 5371 territorii
614 5305 770 5386 Meirane,
794 5307 901 5392 precio
925 5301 1036 5368 XXX.
1061 5303 1120 5367 sol.
1146 5325 1349 5368 romanorum
1373 5329 1393 5368 a
1425 5301 1600 5368 Chronicio
1635 5299 1801 5366 cuiusdam
1834 5297 1996 5364 Johsnnia

314 5411 379 5483 lilio
400 5422 432 5479 et
456 5413 497 5478 ab
514 5414 584 5478 eius
599 5411 793 5478 consobrino
810 5412 937 5477 nomine
952 5409 1114 5494 lohanne,
1131 5410 1265 5476 testibus
1282 5409 1349 5475 his:
1375 5407 1573 5495 Dragorado,
1591 5407 1796 5475 Ohrucainna
1813 5407 1995 5494 postiuppo·
