4292 5926
289 421 363 486 Ι48

321 623 384 678 stat
406 611 574 677 indultum.
599 610 687 676 Sane
712 631 898 674 succesores
922 618 994 674 tuos
1018 635 1035 672 a
1060 611 1153 674 nobis
1176 613 1358 696 nostrisque
1382 611 1625 676 successorihus
1648 613 1903 676 consecrationis
1936 632 2004 695 gra·

320 721 396 782 tiam
420 720 453 782 in
480 727 667 803 perpetuum
693 716 896 780 decernimus
921 725 1116 802 recepturos.
1148 715 1235 780 Nulli
1264 739 1341 801 ergo
1363 717 1495 781 omnino
1530 715 1695 796 hominum
1731 716 1826 782 liceat
1860 717 1995 782 eandem

320 825 489 888 ecclesiam
513 834 633 886 temere
656 823 853 908 perturbare,
877 831 932 886 aut
956 823 1025 886 eius
1050 823 1270 908 possessiones
1295 821 1432 903 auferre,
1452 821 1505 886 vel
1529 823 1653 888 ablatas
1677 825 1824 906 retinere,
1842 826 1997 902 minuere,

320 953 378 994 scu
401 928 561 1014 aliquibus
586 929 813 992 vexationibus
837 928 983 1012 fatigare,
1006 931 1063 992 sed
1088 928 1211 992 illibata
1240 929 1348 992 omnia
1382 937 1414 992 et
1447 930 1573 1014 integra
1610 939 1842 994 conseruentur
1877 951 1997 1010 eorum,

323 1059 379 1120 pro
404 1057 539 1120 quorum
560 1035 794 1118 gubernatione
830 1044 860 1097 et
888 1035 1122 1098 sustentatione
1154 1055 1309 1098 concessa
1341 1046 1425 1116 sunt,
1456 1032 1568 1098 usibus
1599 1029 1794 1100 'omnimodis
1826 1034 2002 1121 profutura.

320 1139 354 1204 Si
378 1163 441 1225 qua
465 1142 563 1224 igitur
586 1139 783 1204 infuturum
808 1139 945 1204 ecclesia
968 1138 1165 1203 secularisue
1190 1161 1327 1225 persona
1351 1139 1434 1204 hanc
1457 1149 1568 1204 nostre
1591 1142 1832 1205 constitutionis
1855 1143 2001 1226 paginam

320 1247 434 1327 sciens,
459 1255 570 1310 contra
593 1269 663 1310 eam
687 1255 808 1310 temere
832 1247 942 1312 venire
966 1247 1182 1330 temptauerit,
1199 1245 1350 1328 secundo,
1368 1247 1504 1310 tertioue
1522 1248 1724 1327 commonita,
1742 1248 1805 1310 nisi
1834 1267 2000 1332 presump-

322 1353 441 1416 tionem
466 1374 557 1416 suam
582 1375 725 1435 congrua
748 1352 968 1416 satisfactione
991 1353 1177 1430 correxerit,
1204 1352 1370 1436 potestatis
1393 1335 1587 1437 honorisque
1616 1354 1666 1417 sui
1690 1349 1848 1436 dignitate
1881 1363 1998 1432 careat,

320 1479 473 1542 reamque
497 1481 531 1522 se
555 1457 665 1521 diuino
683 1457 800 1521 iudicio
824 1459 963 1522 existere
988 1457 1027 1520 de
1051 1467 1233 1542 perpetrata
1257 1457 1424 1542 iniquitate
1456 1467 1639 1542 cognoscet,
1674 1468 1706 1522 et
1733 1481 1753 1522 a
1785 1459 2002 1522 sacratissimo

319 1584 453 1648 corpore
478 1573 510 1626 et
533 1563 689 1647 sanguine
711 1562 763 1626 dei
787 1571 818 1624 et
842 1562 963 1626 domini
987 1564 1087 1626 nostri
1120 1560 1222 1625 Jhesu
1255 1559 1376 1626 Christi
1412 1564 1518 1627 aliena
1552 1563 1617 1636 fiat,
1655 1574 1752 1650 etque
1787 1566 1821 1628 in
1857 1574 2002 1628 extremo

324 1669 473 1732 examine
497 1668 641 1731 districte
666 1667 779 1731 ultioni
801 1668 977 1748 'sulsiaeeat
1005 1666 1137 1732 Cunctis
1162 1679 1270 1732 autem
1294 1668 1398 1732 eidem
1423 1668 1494 1732 loco
1528 1692 1585 1733 sua
1616 1671 1687 1734 iura
1724 1669 1932 1734 seruantibns
1963 1672 2003 1734 sit

287 1813 294 1830 ι
322 1796 385 1858 pax
404 1773 524 1838 domini
550 1776 648 1837 nostri
673 1773 776 1838 Jhesu
801 1772 930 1854 Christi,
955 1775 1105 1859 quatinus
1130 1785 1162 1836 et
1185 1773 1237 1837 hic
1269 1773 1406 1838 fructum
1443 1775 1525 1839 boue
1560 1777 1696 1840 actionis
1734 1777 1926 1862 percipiant,
1966 1787 1998 1838 et

321 1879 406 1964 apud
431 1879 613 1944 districtum
637 1880 774 1943 iudicem
800 1881 923 1964 premia
946 1891 1056 1944 eterne
1081 1881 1169 1965 pacis
1194 1881 1368 1944 inueniant.
1396 1880 1507 1945 Amen.

521 1983 592 2068 Ego
616 1984 832 2069 Anastbasius
856 1983 1013 2050 catholice
1038 1983 1173 2050 ecclesie
1197 1987 1368 2072 episcopus
1393 2009 1435 2051 ss.

477 2089 591 2173 †Ego
616 2089 712 2172 Hugo
737 2093 886 2154 ostiensis
911 2094 1081 2176 episcopus
1106 2091 1293 2176 subscripsi.

477 2195 590 2277 †Ego
615 2195 654 2258 G.
678 2195 716 2259 G.
739 2196 910 2282 presbyter
933 2196 1107 2260 cardinalis
1132 2195 1223 2260 titulo
1249 2196 1365 2261 Oelieti
1391 2221 1434 2262 ss.

477 2305 497 2381 †
521 2299 591 2384 Ego
617 2300 787 2366 Huhaldns
812 2303 982 2388 presbyter
1008 2300 1181 2365 cardinalis
1206 2301 1298 2366 titulo
1323 2325 1348 2366 s.
1376 2303 1534 2368 Praxedis
1557 2326 1600 2366 ss.

478 2408 500 2489 †
525 2407 596 2492 Ego
621 2406 791 2471 Arihertus
816 2408 913 2494 presb
948 2407 1034 2472 card.
1062 2410 1109 2472 tit
1135 2431 1160 2472 s.
1185 2408 1360 2472 Anastasis
1384 2431 1425 2472 ss.

477 2513 497 2592 †
522 2511 591 2595 Ego
615 2511 723 2576 Julius
741 2514 855 2596 presb.
881 2513 970 2577 card.
995 2515 1041 2576 tit.
1069 2536 1093 2576 s.
1120 2509 1265 2575 Marcelli
1290 2534 1334 2575 ss.

475 2617 589 2700 †Ego
614 2615 721 2681 (iside
746 2618 852 2703 presb.
878 2619 966 2682 card.
988 2619 1034 2682 tit.
1061 2641 1086 2680 s.
1113 2616 1254 2681 Pastoris
1281 2639 1325 2680 ss.

475 2721 589 2806 'sugo
613 2723 813 2788 Octauianus
838 2725 945 2809 presb.
971 2724 1059 2788 card.
1084 2725 1130 2786 tit.
1155 2747 1179 2786 s.
1205 2721 1326 2787 Oecilie
1351 2745 1392 2788 ss.

473 2829 493 2909 †
518 2828 588 2910 Ego
612 2829 754 2893 Joannes
782 2830 888 2915 presb.
914 2827 1008 2893 Oard.
1036 2852 1078 2893 ss.
1102 2828 1238 2892 Joannis
1263 2839 1295 2892 et
1318 2827 1410 2893 Pauli
1434 2832 1481 2894 tit.
1508 2829 1684 2896 Pomschii.

473 2938 494 3015 †
519 2933 588 3018 Ego
613 2933 752 2999 Cencius
778 2935 883 3020 presb.
909 2933 996 2999 card.
1022 2936 1068 2998 tit.
1095 2957 1119 2998 s.
1144 2934 1310 2998 Laurentii
1336 2936 1369 2998 in
1392 2935 1515 3000 Lacino
1540 2945 1583 3001 ss.

475 3041 590 3124 †Ego
615 3041 692 3104 Otto
717 3041 870 3106 diaconus
895 3041 982 3106 card.
1007 3063 1033 3105 s.
1058 3039 1192 3126 Georgii
1217 3040 1258 3105 ad
1284 3041 1389 3106 velum
1412 3063 1544 3108 aureum
1568 3065 1611 3106 ss.

472 3145 587 3230 †Ego
613 3144 790 3231 Gregorius
815 3147 971 3212 diaconus
995 3146 1084 3212 card.
1110 3170 1136 3210 s.
1163 3146 1279 3231 Angeli
1305 3169 1349 3210 ss.

472 3254 493 3331 †
517 3251 588 3335 Ego
612 3251 754 3316 Joannes
779 3252 934 3316 diaconus
960 3253 1045 3317 card.
1071 3276 1095 3316 s.
1121 3252 1226 3336 Sergii
1251 3259 1282 3316 'et
1307 3252 1415 3318 Bachi.
1443 3277 1485 3320 ss.

474 3358 493 3438 †
518 3355 590 3439 Ego
614 3355 686 3420 Odo
710 3355 864 3421 diaconus
887 3358 972 3424 card.
999 3381 1023 3422 s.
1050 3358 1173 3422 Nicolai
1198 3359 1384 3422 incarcere
1409 3357 1540 3422 Juliano
1564 3381 1609 3423 ss.

475 3460 595 3527 Datum
630 3463 781 3526 Laterani
813 3485 869 3548 per
900 3488 1029 3528 tirenum
1062 3464 1197 3530 Rolendi
1223 3489 1248 3529 s.
1274 3489 1298 3530 rs
1323 3489 1350 3530 e.
1375 3465 1542 3550 presbiteri
1571 3465 1745 3530 cardinalis
1762 3479 1794 3528 et
1810 3464 1995 3540 cancellarii

322 3565 413 3633 XIV.
447 3567 512 3634 kal.
534 3569 683 3633 ianuarii.
706 3568 886 3634 indictione
910 3571 952 3635 ΙΙ.
976 3571 1211 3635 incarnationis
1236 3572 1395 3636 dominice
1414 3593 1497 3634 anno
1514 3569 1666 3636 MOLIII.
1692 3571 1905 3638 Pontificatus
1924 3593 1995 3640 vero

318 3673 439 3738 domini
462 3673 626 3738 Anastasii
651 3697 733 3760 pape
758 3674 813 3740 [V.
840 3699 923 3739 anno
948 3677 1063 3761 primo.

475 3875 503 3928 Is
523 3874 698 3946 rukopisnog
721 3875 845 3945 bularija
869 3875 1075 3948 dubrovadhog
1098 3883 1147 3934 etr.
1174 3876 1247 3934 391.

571 4103 595 4297 ι,
686 4167 821 4251 LXX.
851 4169 958 4253 1153.
986 4169 1052 4250 24.
1079 4168 1295 4270 prosince.
1325 4169 1362 4252 U
1391 4169 1620 4252 Laterano.

319 4350 485 4410 Anastasio
508 4350 567 4409 IV.
586 4367 674 4422 popo
692 4350 867 4424 pocladjuje
885 4350 1069 4422 postona-rije
1093 4348 1303 4406 uuorovtaaet
1333 4365 1478 4421 suprema
1511 4348 1608 4407 stetini
1641 4349 1775 4420 rinrslsoj,
1806 4349 1818 4406 s·
1849 4349 1995 4408 odobrneu

450 4456 597 4530 tsobc'enje
619 4457 721 4529 ajebib
744 4457 892 4529 bistupols
914 4457 926 4512 i
948 4457 1042 4514 lanera
1065 4455 1248 4529 kotorstopc,
1265 4455 1443 4528 propiorem
1462 4471 1504 4527 po
1527 4455 1676 4529 njepooom
1699 4455 1871 4526 posuisse.

465 4639 659 4708 Anastasius
684 4645 854 4730 episeopus
878 4666 991 4708 seruus
1014 4666 1180 4708 seruorum
1200 4642 1261 4723 dei,
1278 4642 1453 4707 venerabili
1469 4642 1564 4707 fratri
1576 4641 1738 4730 A(ndree)
1754 4641 1997 4729 archiepiscopo

319 4761 350 4815 et
373 4751 500 4814 dilectis
525 4749 599 4814 filiis
623 4750 659 4814 P.
684 4752 792 4814 comiti
817 4759 849 4813 et
871 4751 1024 4814 uniuerso
1045 4748 1132 4813 clero
1165 4759 1197 4813 et
1228 4747 1345 4834 populo
1378 4748 1603 4832 Raguseorum
1636 4747 1772 4813 salutem
1806 4759 1839 4812 et
1872 4759 1995 4836 aposto·

319 4858 410 4922 licem
440 4855 706 4920 benedictionem.

467 4961 608 5025 Rediens
633 4961 674 5024 ad
698 4961 908 5046 apostolicam
932 4959 1039 5024 sedem
1065 4959 1202 5024 dilectus
1226 4959 1311 5023 filius
1340 4957 1501 5024 Henrious
1535 4958 1752 5024 subdiaconus
1785 4969 1906 5040 noster,
1940 4977 2032 5046 per·
2130 4949 2132 4956 ’

317 5091 412 5154 quem
438 5077 645 5131 sacrosancta
670 5089 802 5129 romana
825 5065 962 5132 ecclesia
980 5069 1146 5152 prouincia
1172 5077 1278 5130 vestre
1304 5067 1497 5131 visitationis
1523 5089 1638 5131 munus
1655 5067 1804 5146 intendit,
1824 5065 1993 5152 plurimum

318 5197 376 5237 nos
400 5175 475 5238 fecit
501 5176 532 5236 in
558 5173 687 5236 domino
712 5172 887 5255 iocundam,
913 5172 1000 5258 quod
1025 5195 1059 5235 se
1076 5196 1096 5236 a
1113 5171 1216 5252 vohis,
1233 5182 1386 5257 tanquam
1403 5171 1578 5257 apostolice
1595 5172 1828 5237 benedictionis
1851 5172 1991 5238 baiulum

318 5279 451 5342 honeste
484 5289 646 5365 receptum
682 5281 836 5362 assernit,
871 5287 903 5342 et
937 5278 1115 5344 doctrinam
1151 5301 1242 5344 suam
1279 5301 1335 5366 pre
1370 5281 1486 5344 ceteris
1521 5278 1837 5365 conprouincislibus
1875 5281 1987 5345 vestris
