4300 5930
311 410 355 476 94

310 602 417 668 biensi
441 602 474 666 in
498 625 575 668 usus
597 602 823 667 canonicorum
848 609 1003 687 perpetuo
1027 599 1209 667 habendum
1242 599 1388 664 instituit.
1423 597 1606 684 supradicti
1641 621 1720 664 vero
1754 600 1908 664 canonici
1944 621 1996 663 se-

312 708 453 774 cundum
477 709 630 794 temporis
654 707 839 793 qualitatem
865 716 896 772 et
920 706 1084 771 hominum
1104 704 1347 790 malignitatem,
1373 705 1508 790 prouida
1531 706 1686 768 caucione
1710 705 1772 770 sihi
1796 715 1828 769 et
1852 703 1997 769 ecclesie

313 835 370 880 sue
395 813 607 894 consulentes,
631 814 694 876 iam
721 811 807 878 dicta
831 809 943 898 predia
968 833 1023 897 per
1047 833 1251 876 successores
1275 809 1521 897 episcoposvel
1543 833 1601 896 per
1624 810 1715 891 alios,
1752 833 1792 873 ne
1827 811 1868 874 ab
1906 811 1989 896 ipsis

315 927 447 1006 possent
470 918 613 1002 alienari,
638 917 680 982 ab
704 917 881 1003 apostolica
904 919 1094 982 auctoritate
1117 915 1282 982 literarum
1317 918 1600 981 confirmacionem
1635 917 1899 1003 impetrauerant,
1938 939 1995 984 6ο·

314 1035 412 1089 stram
438 1027 540 1088 eciam
566 1024 770 1088 serenitatem
795 1025 1085 1088 interuenientibus
1110 1021 1230 1087 domini
1255 1021 1422 1108 apostolici
1446 1021 1662 1109 peticionibus
1685 1021 1942 1109 postulauerunt,
1961 1029 1999 1084 ut

317 1133 553 1196 institucionem
579 1131 793 1216 prenominati
817 1130 956 1194 Prodani
981 1133 1132 1216 episcopi,
1157 1139 1189 1194 61
1223 1128 1504 1194 confirmacionem
1537 1127 1658 1192 domini
1694 1126 1873 1214 apostolici,
1906 1128 1999 1212 regie

314 1236 513 1302 celsitudinis
538 1235 709 1322 priuilegio
734 1239 974 1300 communirem.
998 1235 1070 1320 Ego
1093 1257 1181 1318 vero,
1206 1244 1240 1298 ut
1274 1235 1408 1320 dignum
1444 1234 1650 1315 erat-iustis
1686 1236 1868 1320 petencium
1906 1233 1992 1296 desi·

313 1341 411 1406 deriis
434 1341 561 1406 facilem
587 1341 700 1426 prebui
725 1363 929 1422 consensum,
955 1341 1085 1426 etquis
1109 1349 1185 1404 vota
1209 1362 1317 1404 eorum
1343 1341 1511 1403 arationis
1530 1340 1656 1402 tramite
1674 1361 1735 1403 non
1753 1336 1999 1418 discordabant,

316 1447 432 1514 effectu
457 1445 544 1510 volui
568 1457 783 1532 prosequente
807 1445 967 1531 conplere.
993 1443 1198 1510 Oonourreus
1224 1445 1323 1529 igitur
1354 1456 1445 1530 grato
1481 1466 1616 1508 assensu
1653 1465 1761 1508 eorum
1799 1443 1997 1531 postulacio-

317 1553 423 1636 nibus,
449 1561 618 1638 prenotata
641 1553 704 1617 duo
729 1552 850 1638 predia,
874 1551 988 1617 Zelina
1010 1550 1163 1616 videlicet
1186 1561 1217 1615 et
1230 1550 1356 1615 Nouum
1382 1550 1539 1636 predium,
1566 1572 1628 1636 que
1647 1551 1729 1614 bone
1746 1551 1901 1614 memorio
1918 1549 1998 1612 Pro-

318 1659 423 1724 danus
447 1660 618 1744 episcopus
641 1661 726 1740 emit,
751 1661 961 1744 inperpetuo
986 1657 1253 1742 nagrabieusibus
1276 1659 1440 1721 canonicis
1465 1643 1649 1721 habendum
1681 1658 1772 1742 regia
1802 1657 1998 1719 auctoritate

248 1803 254 1814 ι
319 1767 454 1848 institui,
478 1775 509 1830 et
534 1764 694 1851 priuilegii
719 1763 837 1845 regalis
862 1766 1039 1850 patrocinio
1063 1765 1269 1846 communiui,
1294 1763 1399 1848 sigillo
1424 1765 1524 1827 eciam
1551 1774 1677 1828 meoet
1704 1761 1813 1827 annuli
1838 1764 1901 1826 mei
1937 1763 1999 1825 im-

319 1873 484 1956 pressione
509 1870 669 1951 rohoraui,
694 1878 847 1949 statuens,
872 1877 907 1933 ut
930 1868 1008 1933 nulli
1030 1869 1196 1934 hominnm
1220 1871 1350 1934 omnino
1374 1869 1469 1933 liceat
1494 1869 1576 1933 hanc
1599 1871 1750 1955 paginam
1786 1879 1895 1932 nostre
1920 1891 2002 1932 conr
2071 1895 2074 1900 ·

318 1979 515 2042 firmacionis
537 1977 722 2061 infringere,
748 1974 799 2040 vel
823 1977 851 2041 ei
874 1998 954 2039 ausu
977 1979 1148 2040 temerario
1173 1977 1343 2041 contraire.
1368 1975 1402 2040 Si
1425 1977 1496 2061 quis
1513 1985 1619 2039 autem
1637 1973 1699 2039 hoc
1714 1984 1907 2062 attemptare
1926 1996 2000 2059 pre·

318 2085 501 2170 sumpserit,
525 2083 642 2167 regalis
667 2082 863 2146 excellencie
887 2084 968 2144 iram
993 2103 1026 2144 se
1051 2084 1177 2145 nouerit
1199 2083 1412 2162 incursurum,
1435 2092 1476 2152 ,et
1507 2081 1619 2146 decem
1656 2104 1782 2145 marcas
1817 2082 1887 2144 auri
1925 2103 1998 2166 per·

319 2187 433 2254 soluat.
468 2188 604 2252 Factum
640 2199 688 2252 est
722 2197 829 2252 autem
865 2185 926 2250 hoc
959 2179 1163 2272 priuilegium
1197 2210 1282 2250 anno
1318 2186 1477 2250 dominice
1511 2177 1748 2250 incarnacionis
1790 2185 1998 2267 MCLXXV,

320 2303 476 2378 regnante
500 2293 842 2378 gloriosissimorege
874 2291 953 2354 Bela
986 2295 1095 2371 tercio,
1132 2292 1264 2356 secundi
1299 2292 1415 2358 Geisse
1450 2293 1536 2378 regis
1571 2291 1648 2358 filio.
1684 2291 1748 2356 Joh
1783 2294 1999 2376 strigoniensi

318 2399 560 2484 archiepiscopo
584 2401 752 2472 existente,
777 2397 878 2462 Paulo
902 2398 1062 2462 colocensi
1084 2397 1327 2484 archiepiscopo
1359 2402 1528 2479 existente,
1561 2399 1684 2462 notario
1721 2396 1875 2479 Adriano,
1916 2397 1999 2460 Far·

316 2505 402 2570 casio
440 2503 580 2590 palatino
616 2505 743 2580 comite,
779 2503 909 2567 Subano
945 2503 1038 2578 hano,
1075 2501 1201 2588 Ugrino
1225 2503 1429 2587 nagrabiensi
1461 2503 1573 2585 electo,
1604 2512 1635 2567 et
1665 2501 1737 2566 aliis
1770 2501 1998 2589 compluribus

314 2609 458 2674 eiusdem
482 2611 573 2694 regni
597 2609 796 2696 principibus
821 2609 1044 2674 existentibus.

471 2807 600 2864 Tkaltit.
624 2809 700 2868 Mon.
722 2827 750 2879 p.
768 2809 796 2862 3.
813 2826 846 2863 ex
868 2808 950 2863 hibro
973 2807 1185 2880 priuilegiorum
1212 2808 1310 2878 Episc.
1342 2807 1455 2880 zagrab.
1491 2827 1517 2878 p.
1549 2807 1599 2865 53.
1624 2807 1796 2866 Kerchelich
1819 2807 1892 2863 Hist.
1912 2809 1995 2868 Eecl.

314 2895 428 2968 sagrab.
453 2914 481 2967 p.
508 2897 557 2956 78.
582 2897 690 2952 Farlati
708 2897 853 2968 Illyricum
878 2895 1060 2957 Sacrum.'T.
1084 2897 1118 2955 V.
1144 2915 1171 2968 p.
1196 2895 1270 2954 355.

710 3187 907 3274 CXXIX.
933 3189 1039 3274 11111.
1067 3187 1128 3273 15.
1156 3189 1354 3274 studens.
1382 3187 1419 3273 U
1447 3187 1602 3274 hadra.

317 3371 551 3432 ladaestinae
573 3373 705 3446 dopttuje
728 3375 903 3432 sumostcaa
925 3371 1131 3446 aatnujertcat
1159 3389 1203 3432 so.
1227 3372 1342 3452 Murtje
1372 3371 1515 3446 semlt'is'te
1548 3390 1569 3431 u
1604 3370 1784 3450 Petriduat‘t,
1816 3369 1997 3444 1116161166

1058 3495 1101 3541 so.
1131 3479 1250 3554 thtlju.

468 3669 563 3734 Anno
587 3667 708 3733 domini
733 3677 765 3734 61
788 3666 958 3733 saluatoris
982 3668 1083 3732 nostri
1096 3666 1199 3732 Jhesu
1216 3665 1346 3750 Christi,
1365 3665 1536 3730 millesimo
1557 3665 1731 3731 centesimo
1750 3667 1997 3753 septuagesimo

316 3776 440 3863 quinto,
459 3765 696 3861 quintodecimo
711 3776 762 3839 die
779 3777 898 3840 mensis
915 3774 1111 3856 nouembris,
1128 3774 1303 3838 indictione
1322 3784 1444 3855 octaua,
1461 3772 1591 3836 Jadere.
1609 3773 1826 3856 Temporibus
1844 3773 1999 3859 equidem

317 3882 502 3948 Sebastiani
525 3879 629 3962 Ziani,
652 3880 743 3944 ducis
767 3879 919 3962 Venecie,
944 3889 976 3943 et
1000 3879 1185 3965 Lampredii
1217 3877 1412 3942 venerabilis
1438 3878 1584 3943 iadertini
1619 3877 1862 3964 archiepiscopi,
1899 3889 2000 3966 atque

316 3988 479 4053 Dominici
505 3985 691 4050 Mauroceni
716 3986 861 4050 eiusdem
885 3988 1024 4050 ciuitatis
1049 3987 1184 4051 comitis.
1208 3984 1330 4050 Diuina
1352 3979 1563 4071 prouiden'cia
1586 3984 1659 4047 ideo
1684 3985 1846 4069 principes
1864 3995 1896 4047 et
1913 3985 2000 4048 iudi·

316 4116 370 4158 ces
393 4095 427 4157 in
448 4094 567 4157 mundo
593 4093 842 4176 constituuntur,
864 4103 899 4155 ut
923 4115 1023 4178 praua
1045 4095 1217 4176 corrigant,
1244 4103 1361 4178 etque
1385 4093 1469 4155 iusta
1502 4090 1661 4172 videntur,
1694 4090 1842 4174 legaliter
1875 4093 2001 4154 exami-

317 4210 430 4263 nantes
454 4199 496 4262 ad
520 4208 642 4262 rectum
667 4197 828 4262 deducant
850 4201 1020 4262 tramitem.
1046 4197 1150 4282 Igitur
1173 4220 1232 4264 nos
1257 4198 1386 4282 quidem
1412 4195 1625 4282 Lampredius
1658 4195 1710 4259 dei
1743 4199 1852 4280 gracia
1886 4207 2002 4260 sancte

317 4304 477 4368 iodrensis
502 4303 638 4368 ecclesie
660 4303 855 4367 venerabilis
879 4303 1150 4389 archiepiscopus,
1188 4313 1220 4368 et
1251 4303 1441 4367 Dominicus
1473 4301 1660 4366 Mauroroni
1693 4325 1800 4365 comes
1833 4305 2001 4386 egregius,

318 4409 396 4472 dum
421 4410 453 4471 in
478 4419 585 4472 nostre
610 4410 750 4472 ciuitatis
776 4407 882 4494 platea
905 4409 1130 4490 resideremus,
1155 4431 1219 4472 una
1251 4431 1323 4472 cum
1346 4411 1464 4472 nostris
1500 4408 1661 4471 iudicibus
1696 4407 1892 4490 Grisogono,
1930 4409 2001 4472 filio

317 4513 489 4594 Zauarelli,
514 4514 683 4578 Voticarra
706 4513 850 4598 Bergulli
874 4524 905 4578 et
933 4514 1041 4577 Dauid
1075 4511 1263 4594 Grubinice,
1295 4525 1392 4604 atque
1425 4513 1624 4595 consulibus,
1660 4513 1789 4578 Petrino
1826 4513 2003 4578 Michaelis

317 4619 434 4700 Panae,
458 4617 617 4702 Gregorio
642 4617 735 4699 Cose,
760 4619 922 4700 Dimitrio,
947 4618 1013 4682 filio
1038 4619 1122 4683 Sane
1145 4618 1185 4683 de
1210 4620 1332 4704 Spirso,
1356 4642 1394 4682 ac
1417 4619 1524 4682 Mioha
1551 4619 1678 4700 Petrizi,
1713 4618 1887 4705 multisque
1924 4619 2004 4684 aliis

317 4723 481 4797 nobilibus
506 4725 662 4788 iusticiam
688 4733 920 4808 pertractantes
945 4734 977 4788 et
1001 4726 1175 4810 unicuique
1200 4747 1269 4788 eam
1295 4727 1438 4810 poscenti
1475 4723 1624 4807 legaliter
1658 4723 1867 4787 diffinientes.
1904 4724 2003 4791 Tunc

317 4832 407 4896 venit
430 4841 503 4893 ante
527 4841 668 4893 nostram
696 4831 906 4914 presenciam,
930 4829 1099 4909 Damania,
1125 4829 1210 4894 filius
1234 4829 1348 4914 Zigali,
1363 4851 1434 4892 cum
1453 4829 1527 4892 filiis
1546 4829 1629 4892 Fero
1646 4827 1771 4894 Jaooho
1789 4839 1821 4892 61
1836 4827 2004 4911 Johanne,

320 4945 352 5000 et
377 4935 452 5000 filiis
475 4933 601 5016 Vitaze,
626 4934 754 4998 Petrizo
779 4946 811 4998 et
833 4933 1037 5021 Lampredio,
1062 4934 1273 5016 hlaldenario,
1298 4936 1448 5016 Petrissa,
1470 4934 1535 4998 filio
1561 4932 1659 5016 Oure,
1694 4934 1900 5020 lranrpredio,
1930 4935 2005 5000 filio

318 5039 476 5125 Bogdani,
503 5051 534 5106 61
558 5040 839 5126 conquerebantur
860 5062 894 5104 se
918 5040 1074 5104 aduersus
1088 5039 1248 5104 Rosanam
1272 5039 1470 5104 abbatissam
1496 5049 1608 5102 sancte
1634 5041 1745 5122 Maris,
1770 5041 1810 5104 de
1827 5039 1883 5105 illa
1901 5051 2006 5124 terra,

321 5168 383 5233 que
407 5155 575 5232 permanet
597 5147 689 5210 iuxta
712 5148 815 5210 sancti
835 5145 947 5230 Vigilii
971 5145 1151 5227 ecelesiam,
1176 5147 1209 5209 in
1233 5145 1313 5224 loco,
1338 5148 1392 5231 qui
1419 5147 1537 5210 dicitur
1561 5145 1732 5228 Petrinani,
1755 5171 1775 5210 a
1794 5149 2003 5231 mariusque

321 5251 363 5320 ad
386 5252 502 5336 riuum,
527 5259 559 5316 61
582 5275 602 5316 6
626 5253 695 5315 riuo
720 5273 822 5336 usque
846 5249 887 5314 sd
912 5249 1054 5334 bregum,
1069 5250 1339 5337 quemadmodum
1356 5249 1567 5337 vaditusque
1585 5251 1625 5316 ad
1642 5251 1741 5316 alium
1758 5255 1873 5334 riuum,
1892 5273 2006 5316 suam·
