4254 5922
1750 461 1816 528 203
1923 405 1925 412 Ι

135 641 227 724 restis
251 659 424 745 Ratpotoni
457 660 583 723 comitia
607 679 642 722 se
665 657 706 723 ab
729 643 791 724 isto
814 658 977 745 disiungit,
994 669 1026 724 et
1048 661 1081 723 in
1104 657 1276 745 aquilonali
1303 665 1391 744 parte
1416 657 1456 722 de
1477 657 1581 722 riuulo
1610 654 1814 744 Tinilinpach

135 765 288 850 usquein
313 766 529 830 summitatem
553 766 669 830 montis
705 763 884 831 Oiruancus
909 767 1071 846 nominati,
1097 775 1129 829 et
1162 765 1288 830 daiam
1320 763 1407 829 dicto
1437 773 1543 828 monte
1574 761 1816 850 Uuaasinperch

136 893 236 958 usque
269 870 312 936 ad
342 871 522 958 praefatum
544 871 751 937 monticulum
781 872 965 954 Nochstein,
992 872 1045 936 illa
1070 881 1221 936 montana
1244 873 1361 952 omnia,
1386 873 1524 958 quaein
1549 879 1705 957 potestate
1729 881 1816 934 ante-

134 1001 299 1044 cessorum
333 988 511 1045 nostrorum
536 979 674 1061 fuerunt,
700 988 731 1043 et
755 989 873 1062 nostra,
897 980 937 1044 ad
960 989 1022 1044 iam
1047 980 1168 1044 dictum
1191 978 1417 1042 monasterium
1445 977 1621 1041 firmamur.
1646 975 1698 1040 Ad
1721 973 1816 1040 Chia-

135 1085 231 1150 misse
255 1084 427 1151 abbaciam
445 1107 517 1150 cum
534 1085 660 1150 omibus
680 1085 719 1150 ad
738 1085 873 1150 eandem
897 1087 1065 1151 abbaciam
1090 1089 1171 1150 iuste
1195 1109 1234 1150 ac
1250 1084 1396 1171 legaliter
1413 1083 1657 1170 pcrtinentibus.
1683 1081 1814 1147 Curtem

100 1191 323 1278 ,quoquead
343 1191 569 1272 Piscofead'orf,
595 1215 667 1256 cum
703 1192 853 1272 omnibus
877 1195 959 1258 iuste
985 1193 1025 1256 ad
1051 1192 1185 1257 eandem
1211 1199 1332 1255 curtem
1357 1189 1602 1276 pertinentibus,
1632 1199 1727 1276 atque
1752 1189 1815 1276 pis-

134 1297 294 1362 eationem
318 1299 351 1361 in
383 1296 455 1362 lacu
487 1297 628 1362 Atarseo
652 1300 802 1382 vocitato,
835 1301 903 1363 sine
934 1299 1068 1364 alicuius
1098 1297 1238 1366 hominis
1270 1297 1531 1378 contradictione,
1567 1295 1815 1382 illosquondam

134 1403 318 1490 praedictos
361 1403 427 1468 XII
461 1406 604 1491 priuatos
639 1413 771 1484 tractus,
803 1406 886 1469 sicut
919 1404 1120 1470 dominicalis
1155 1415 1240 1470 terra
1268 1425 1302 1467 se
1332 1402 1373 1466 ad
1403 1402 1617 1489 Poumgarten
1650 1403 1720 1487 ipso
1744 1399 1816 1464 lacu

132 1509 299 1594 adiungit,
322 1511 392 1574 sine
414 1508 478 1574 alia
512 1515 673 1576 communi
707 1512 889 1598 piscacione
914 1512 946 1575 in
977 1512 1124 1594 Atarseo,
1156 1510 1197 1576 ad
1230 1509 1371 1575 Atarhof
1391 1510 1571 1596 pertinenti,
1596 1508 1635 1572 de
1661 1516 1818 1595 potestate

133 1625 245 1680 nostra
268 1615 436 1682 firmamus
468 1617 562 1682 etiam
588 1619 666 1681 istas
702 1627 807 1682 curtes
832 1620 864 1682 in
903 1619 1084 1705 proprium,
1118 1639 1200 1705 quae
1235 1626 1309 1682 ante
1338 1616 1418 1681 inibi
1458 1616 1649 1682 beneficium
1674 1617 1743 1680 siue
1777 1613 1825 1679 ex'

132 1731 223 1809 parte
254 1723 496 1788 anteclessorum
515 1733 695 1788 nostrorum
714 1725 784 1788 siue
800 1747 841 1790 ex
857 1723 989 1789 alterius
1006 1723 1176 1790 cuiuslibet
1192 1733 1282 1810 parte
1299 1723 1508 1788 beneficiatae
1524 1721 1669 1804 fuissent,
1684 1743 1818 1808 quarum

6 1809 11 1875 ¹.
132 1827 213 1894 haec
235 1831 370 1895 nomina
384 1841 489 1894 sunt:
509 1829 550 1894 ad
574 1830 765 1896 Scafaraselt
781 1841 902 1895 curtem
921 1841 952 1895 et
968 1830 1138 1896 ecclesiam
1165 1853 1237 1894 cum
1264 1829 1398 1910 decima,
1422 1839 1454 1892 et
1480 1829 1564 1892 sicut
1585 1827 1639 1892 ille
1663 1829 1820 1892 terminus

132 1937 163 2000 in
188 1935 326 2002 australi
351 1946 441 2023 parte
456 1923 577 2023 incipit,
596 1939 650 2024 qni
674 1937 852 2024 Uuagreini
880 1939 1006 2019 dicitur,
1023 1937 1107 2003 ultra
1131 1937 1261 2024 Ipisam,
1289 1946 1320 2002 et
1347 1938 1378 2000 in
1404 1933 1593 2000 occidentali
1619 1955 1720 2021 usque
1744 1933 1819 1997 dum

133 2041 273 2117 ducitur,
297 2041 353 2108 ubi
376 2041 480 2108 Urula
501 2065 536 2108 se
560 2043 691 2108 dimittit
723 2046 755 2108 in
779 2043 958 2131 praefatum
992 2067 1128 2126 amnem,
1160 2053 1192 2108 et
1226 2042 1379 2130 quicquid
1402 2043 1432 2106 in
1458 2039 1606 2106 orientali
1630 2049 1719 2126 parte
1753 2041 1818 2103 iam

133 2148 211 2212 dicti
248 2149 393 2214 fluminis
416 2147 536 2215 habere
552 2149 710 2233 videmur,
728 2160 829 2216 totum
853 2150 895 2215 ad
912 2151 1108 2238 praedictum
1136 2151 1362 2214 monasterium
1404 2146 1643 2228 confirmamus,
1676 2147 1821 2232 exceptis

135 2254 265 2321 dnobus
296 2255 529 2342 piscatoribus,
560 2279 632 2324 cum
661 2279 770 2324 eorum
808 2257 935 2322 ruribus
964 2258 995 2320 in
1027 2255 1201 2344 aquilonali
1235 2265 1333 2342 parte.
1367 2253 1417 2318 Ad
1451 2251 1655 2338 Magilicham
1688 2253 1821 2317 terciam

134 2372 262 2446 partem
307 2363 456 2445 ciuitatis,
490 2371 522 2426 et
551 2365 633 2428 sicut
656 2361 710 2426 ille
741 2365 897 2428 terminus
921 2385 955 2428 se
987 2363 1152 2448 disiungit,
1177 2361 1217 2426 de
1240 2361 1304 2425 illia
1328 2359 1425 2425 rebus
1450 2360 1481 2423 in
1506 2355 1696 2424 occidentali
1722 2365 1821 2444 parte,

134 2489 215 2554 quas
246 2467 410 2555 quondam
427 2468 469 2532 ad
486 2477 630 2534 sanctum
658 2467 897 2536 Emmeramum
916 2479 1136 2534 antecessores
1153 2469 1252 2532 nostri
1269 2466 1480 2548 tradiderunt,
1504 2475 1604 2530 totum
1628 2466 1659 2530 in
1685 2464 1822 2530 termino

133 2573 306 2640 orientalis
327 2573 369 2637 ad
393 2572 572 2660 praefatum
597 2577 825 2641 monasterium
849 2576 1085 2658 confirmamus,
1109 2576 1254 2662 exceptis
1278 2574 1370 2640 hobis
1403 2572 1516 2638 tribus.
1541 2569 1592 2636 Ad
1624 2569 1817 2652 Arnesdcrf,

135 2679 232 2744 idest
252 2679 296 2744 ad
317 2679 559 2762 Uuachauuam,
583 2682 736 2768 quicquid
761 2681 805 2746 ibi
835 2681 1014 2757 habuimus,
1039 2703 1112 2746 cum
1136 2683 1239 2746 vineis
1263 2691 1294 2746 et
1318 2679 1524 2764 saginacicne
1548 2686 1580 2741 et
1598 2685 1705 2742 monte
1729 2697 1822 2762 quer·

136 2795 238 2868 csato,
272 2789 439 2874 pratisque
478 2789 562 2851 inter
596 2789 699 2873 ipsum
744 2799 953 2874 querceatum
991 2799 1130 2852 montem
1162 2789 1248 2868 sitis,
1280 2795 1312 2851 et
1342 2788 1426 2850 inter
1458 2784 1571 2849 siluam
1605 2781 1738 2864 Paltam,
1769 2781 1822 2846 vel

136 2893 295 2980 quicquid
319 2894 352 2956 in
375 2877 455 2979 ipsis
479 2891 570 2956 siluis
604 2891 782 2974 habuimus,
814 2903 915 2958 totum
941 2895 973 2958 in
998 2917 1089 2959 usum
1114 2893 1270 2982 praedicti
1301 2893 1488 2958 monasterii
1512 2889 1747 2955 confirmamus.
1772 2887 1823 2952 ad

137 2999 333 3066 Grunaitam
358 3001 511 3087 quicquid
544 3000 702 3085 superfuit
733 3000 826 3066 hobis
850 2999 889 3066 V.
914 3023 994 3088 quas
1017 3002 1103 3068 fideli
1127 3025 1185 3066 suo
1211 3000 1366 3083 Districo,
1399 3007 1618 3064 antecessores
1643 2996 1743 3060 nostri
1767 2994 1822 3058 de·

137 3107 266 3188 derunt,
295 3106 357 3171 hcc
380 3115 455 3170 sunt
477 3105 560 3171 hoba
582 3106 619 3172 L.
645 3105 696 3171 Ad
731 3107 913 3190 Liubinam,
939 3107 979 3172 ad
1015 3105 1229 3194 Holuopurch
1260 3106 1392 3170 terciam
1425 3113 1546 3190 partem
1577 3103 1716 3168 ciuitatis
1751 3121 1822 3164 curn

139 3215 245 3277 vineis
270 3209 373 3276 XXX
396 3221 428 3275 et
451 3210 544 3276 hobis
569 3211 632 3276 XV
657 3213 726 3276 sine
754 3211 859 3277 curtili
887 3225 981 3279 terra.
1008 3213 1060 3279 Ad
1077 3213 1269 3279 'Preisimam
1287 3213 1449 3278 ciuitatem
1473 3221 1504 3276 et
1529 3207 1696 3274 ecclesiam
1722 3209 1824 3272 sancti

138 3320 273 3384 Martini
297 3341 369 3384 cum
387 3319 522 3402 decima,
548 3329 579 3384 et
595 3341 721 3384 sursum
738 3321 770 3384 in
795 3320 926 3385 australi
944 3331 1040 3408 atque
1067 3320 1212 3387 orientali
1230 3325 1321 3406 parte
1337 3317 1478 3382 fluminis
1494 3315 1769 3402 Treisime'usque
1784 3315 1825 3378 ad

139 3425 446 3512 Putitinesprunnen
471 3434 503 3489 et
525 3427 608 3490 sicut
633 3425 898 3512 Districhespach
916 3427 987 3492 fluit
1003 3435 1115 3492 contra
1132 3426 1212 3490 duos
1228 3445 1363 3490 aceruos
1387 3424 1574 3503 exteriores,
1591 3423 1645 3508 qui
1664 3423 1696 3484 in
1721 3422 1826 3484 crieu·
1875 3429 1877 3438 '

140 3532 195 3597 tali
220 3541 315 3620 parte
338 3532 442 3619 campi
467 3531 563 3617 positi
586 3541 668 3598 sunt.
702 3529 745 3597 Et
768 3532 886 3597 exinde
911 3555 1012 3619 usque
1036 3531 1232 3614 Danubium,
1258 3554 1330 3596 cum
1355 3533 1451 3618 agris,
1475 3530 1584 3617 pratis,
1610 3526 1702 3592 cultis
1726 3535 1759 3591 et
1780 3528 1825 3589 in-

141 3637 247 3722 cultis,
273 3639 366 3720 auiis,
401 3636 481 3702 locis
505 3639 732 3724 piscacicnum,
758 3661 840 3725 quae
859 3638 995 3704 diutisco
1022 3635 1198 3704 Arichsteti
1215 3645 1380 3718 vocantur,
1397 3645 1429 3702 et
1448 3638 1494 3700 ita
1517 3655 1643 3699 sursum
1666 3631 1826 3719 usquead

142 3745 230 3810 illam
248 3743 423 3828 marcham,
448 3765 531 3832 quae
555 3745 638 3810 inter
660 3744 852 3809 Treisimam
889 3753 921 3810 et
951 3743 1164 3830 Holunpurch
1191 3753 1343 3830 utrasque
1378 3764 1430 3805 res
1462 3739 1674 3806 discernendo
1699 3737 1824 3802 diuidit.

142 3851 194 3916 hd
216 3849 472 3916 Penninuuanch
496 3849 647 3938 quicquid
671 3849 716 3940 ibi
740 3851 919 3931 habuimus,
952 3849 993 3915 ad
1030 3849 1198 3915 ecclesiam
1223 3849 1377 3927 Aneonis,
1394 3846 1435 3912 ad
1463 3845 1722 3932 Uuitinesperch,
1739 3845 1826 3931 quic·

143 3957 220 4045 quid
244 3957 290 4023 ibi
314 3955 495 4040 habuimus,
519 3965 656 4043 excepto
679 3956 766 4044 quod
788 3955 1024 4042 Mosogouuoni
1042 3956 1152 4020 datum
1177 3963 1235 4038 est,
1256 3954 1318 4020 hoc
1334 3963 1383 4019 est
1398 3953 1499 4018 hobas
1516 3951 1552 4018 O.
1569 3951 1621 4016 Ad
1656 3949 1826 4015 ecclesiam

143 4063 282 4146 Eliadis,
318 4061 487 4127 ecclesiam
523 4061 698 4148 Minigonis
729 4061 919 4150 presbyteri,
945 4061 985 4126 ad
1016 4059 1299 4148 Guntpoldesdorf
1323 4059 1477 4148 quicquid
1506 4059 1550 4124 ibi
1582 4055 1763 4138 habuimus,
1786 4055 1827 4120 ad

142 4169 279 4256 Rapam,
311 4165 353 4234 ad
384 4167 552 4234 Sabariam
581 4171 764 4252 ciuitatem,
794 4179 827 4234 et
856 4169 1025 4234 ecclesiam
1049 4191 1120 4233 curn
1154 4167 1280 4233 decima
1314 4177 1347 4231 et
1369 4165 1545 4248 theloneis,
1579 4164 1685 4249 agris,
1709 4163 1826 4250 pratis,

147 4277 287 4364 pascuis,
325 4274 509 4357 forestibus,
543 4276 713 4357 montibus,
746 4277 936 4364 cunctisque
969 4274 1010 4338 ad
1043 4273 1176 4340 candem
1209 4275 1371 4338 ciuitatem
1406 4271 1552 4358 legaliter
1582 4267 1826 4358 pertinentibus,

144 4383 185 4447 ad
207 4383 329 4447 siccam
354 4379 531 4463 Sabariam,
548 4381 589 4446 ad
606 4379 823 4464 Peninchaha,
847 4380 888 4444 ad
916 4379 1111 4446 Moseburch
1135 4373 1314 4458 abbaciam,
1345 4375 1399 4442 ubi
1436 4387 1564 4442 sanctus
1595 4375 1757 4441 Adrianus
1781 4397 1828 4438 re·
1861 4413 1865 4420 ·

145 4489 293 4576 quiescit,
317 4489 428 4552 martir
451 4485 581 4570 Christi,
606 4509 700 4574 quam
719 4495 940 4552 antecessores
966 4487 1065 4550 nostri
1090 4485 1130 4551 ad
1155 4485 1354 4573 praedictum
1372 4485 1601 4549 monasterium
1617 4482 1828 4563 tradiderunt,

146 4605 178 4660 et
200 4619 260 4661 nos
284 4595 521 4660 confirmamus.
546 4595 670 4660 Nonam
696 4615 824 4682 quoque
848 4595 889 4662 de
926 4592 1075 4658 omnibus
1098 4593 1243 4658 curtibus
1265 4595 1382 4658 nostris
1406 4592 1484 4657 inibi
1517 4613 1589 4656 cum
1624 4587 1774 4654 theloneo
1797 4589 1828 4651 in

146 4703 277 4768 ciuitate
301 4711 333 4766 et
356 4703 480 4790 piscina
502 4701 738 4768 confirmamus.
763 4701 815 4766 Ad
841 4699 1035 4789 Salapiugen
1060 4709 1184 4766 curtem
1210 4723 1281 4765 eum
1299 4697 1385 4766 OOC
1399 4700 1518 4765 mansis
1532 4707 1564 4764 et
1579 4695 1711 4764 totidem
1725 4695 1828 4760 vincis

148 4808 198 4875 vel
233 4809 387 4896 quicquid
412 4807 455 4874 ibi
472 4809 654 4875 habuimus.
685 4807 866 4873 Ecclesiam
892 4809 932 4871 ad
963 4805 1174 4888 Quartinaha,
1197 4805 1367 4872 eeclesiam
1392 4805 1433 4870 ad
1450 4804 1560 4888 Genti,
1592 4800 1762 4870 ecclesiam
1787 4799 1828 4864 ad

149 4913 347 4996 Ternberch,
372 4915 541 4980 ecclesiam
560 4913 734 4997 Gundoldi,
751 4915 793 4980 ad
818 4914 849 4977 V
872 4915 1036 4994 ecclesias,
1057 4936 1129 4980 curn
1148 4912 1307 4978 theloneis
1325 4921 1357 4975 et
1372 4913 1485 4992 vineis,
1504 4907 1687 4990 forestibus,
1705 4915 1824 4971 etcum

149 5021 308 5106 omnihus,
333 5043 416 5108 quae
432 5021 474 5086 ab
497 5021 755 5086 antecessoribus
779 5023 896 5086 nostris
933 5031 1028 5086 antea
1050 5017 1243 5084 beneficiata
1268 5027 1383 5102 essent,
1408 5018 1573 5082 firmamus
1596 5015 1628 5078 in
1654 5013 1829 5100 proprium.

150 5127 200 5192 Ad
225 5125 437 5213 Ruginesfeld
457 5127 610 5215 quicquid
628 5127 672 5193 ibi
689 5127 870 5195 habuimus.
887 5125 938 5192 Ad
963 5125 1143 5192 Durnauua
1168 5123 1336 5190 ecclesiam
1362 5145 1444 5210 quae
1462 5130 1510 5187 est
1522 5129 1706 5186 constructa
1722 5121 1752 5183 in
1776 5117 1831 5181 ho-

152 5257 226 5299 nore
248 5237 349 5300 sancti
377 5233 564 5318 Rcudberti,
589 5245 620 5300 et
643 5244 821 5302 ceterorum
852 5245 1034 5300 sanctorum
1068 5230 1376 5320 quamplurimorum
1413 5239 1600 5316 martyrum,
1623 5247 1695 5290 cum
1724 5231 1831 5288 monte

152 5339 297 5406 Paruuon
320 5343 415 5420 dicto,
439 5365 511 5408 cum
536 5343 648 5426 vineis,
674 5345 782 5430 pratis,
815 5341 905 5407 siluis
937 5351 969 5407 et
999 5364 1071 5408 oum
1104 5339 1251 5405 omnibus
1282 5359 1364 5424 quae
1403 5334 1446 5401 ibi
1475 5343 1550 5400 sunt
1578 5333 1665 5398 circa
1692 5339 1831 5396 montem

154 5447 222 5513 sita.
246 5445 299 5513 Ad
333 5447 502 5514 Petouiam
537 5447 705 5514 ecclesiam
742 5471 814 5514 carm
832 5449 971 5524 ¹decima
994 5459 1026 5514 et
1055 5449 1136 5513 duas
1171 5453 1276 5532 partes
1320 5443 1460 5509 ciuitatis
1493 5463 1565 5506 cum
1604 5437 1730 5520 bannis,
1765 5436 1831 5501 the-
