4236 5926
245 400 310 482 aea

246 621 353 678 monte
378 611 491 678 Forest
507 612 603 694 dicto,
626 611 713 700 ligna
729 634 856 700 quoqne
875 613 1015 678 secanda
1030 612 1071 676 ad
1088 612 1257 678 eeclesiam
1275 621 1307 680 et
1329 614 1369 678 ad
1394 613 1482 679 aliud
1507 617 1673 680 seruitium
1698 617 1840 704 episcopi
1864 626 1928 682 tam

246 721 278 784 in
305 721 375 804 ipse
407 727 522 800 monte,
556 742 651 807 quam
681 721 715 783 ‘in
747 719 820 784 aliis
853 718 1001 784 omnibns
1035 720 1195 784 montibus
1230 719 1404 802 firmamus,
1426 732 1457 785 et
1480 744 1576 786 unam
1601 721 1719 786 fossam
1746 723 1871 788 ruderis
1895 725 1928 786 in

246 821 352 890 monte
382 825 565 892 Gamanara
588 849 714 912 semper
731 849 787 914 per
802 835 900 891 tetum
919 849 1035 890 annum
1055 825 1244 894 habendam.
1262 825 1314 891 Ad
1330 824 1502 892 Gurcizam
1518 826 1709 892 beneficium
1726 827 1926 914 Engilbaldi,

245 931 286 996 ad
312 929 526 997 Carantanam
550 931 719 998 ecelesiam
736 942 866 998 sanctae
890 933 1010 998 Mariae
1027 955 1098 998 cum
1132 931 1257 997 decima
1279 934 1361 998 sieut
1395 931 1632 999 ecclesiasticus
1664 936 1821 1022 praecipit
1843 934 1924 998 erdo

246 1037 286 1102 de
303 1037 455 1119 curtibus,
486 1060 567 1124 quac
592 1039 788 1126 temporibus
805 1029 1042 1104 antecessorum
1060 1047 1240 1126 nostrerum
1260 1039 1300 1104 ed
1318 1038 1530 1106 Carantanam
1552 1041 1713 1106 ciuitatem
1726 1039 1933 1128 pertinebant

245 1155 277 1208 et
300 1143 404 1209 adhuc
421 1148 588 1232 pertinent,
607 1168 644 1210 ea
663 1146 732 1232 Iege
745 1169 782 1210 ae
806 1148 943 1225 racione,
968 1159 1002 1210 ut
1024 1146 1177 1228 deinceps
1196 1145 1377 1232 praedictae
1393 1147 1501 1212 res'ad
1518 1150 1790 1234 praenominatam
1815 1149 1917 1212 sancti

247 1251 332 1314 Petri
355 1254 522 1338 sanctique
546 1252 723 1318 Roudberti
760 1255 828 1318 iure
859 1261 1013 1338 perpetue
1044 1261 1254 1338 permaneant
1284 1252 1466 1337 eeclesiam,
1498 1252 1621 1340 absque
1654 1253 1751 1318 ullius
1785 1252 1927 1318 beminis

246 1358 506 1424 contradictione.
530 1358 573 1423 Et
597 1369 631 1424 ut
654 1359 733 1424 haec
756 1361 928 1424 auctoritas
960 1369 1086 1424 nostrae
1110 1359 1367 1426 confirmacionis
1390 1360 1511 1424 tirmior
1535 1358 1699 1442 habeatur,
1734 1368 1766 1424 et
1790 1383 1847 1448 per
1871 1358 1886 1422 f
1909 1396 1919 1405 -

246 1475 319 1528 tura
340 1473 485 1550 tempera
508 1468 615 1530 verius
640 1466 798 1546 credatur,
815 1465 898 1531 hane
920 1476 1039 1532 cartam
1058 1466 1166 1552 scribi,
1186 1489 1347 1555 manuque
1363 1467 1493 1554 propria
1515 1466 1691 1548 firmantes,
1712 1467 1797 1532 anuli
1823 1467 1926 1532 nestri

246 1572 460 1656 impressione
486 1572 638 1636 iussimus
662 1559 810 1660 insigniri

285 1764 286 1767 Ἴ
408 1677 541 1764 Signum
566 1678 674 1744 domni
698 1677 825 1744 Ottonis
849 1679 1058 1766 ImperatorIs
1082 1680 1229 1766 Augusti.
1302 1767 1303 1770 Ἴ
1575 1756 1577 1764 Α
1796 1693 1799 1698 ’

405 1783 491 1848 Data
514 1783 679 1848 Kalendas
702 1783 853 1850 Octobris
878 1809 962 1850 anne
986 1786 1165 1852 dominicae
1191 1787 1424 1851 incarnacionis
1453 1782 1802 1852 DOOGOLXXVHI.
1832 1785 1927 1870 regni

248 1911 324 1954 vere
349 1889 457 1954 domni
482 1890 609 1956 Ottonis
633 1893 834 1956 inuictissimi
861 1894 1061 1980 imperatoris
1099 1891 1236 1980 Augusti
1260 1892 1370 1960 XIIII.
1396 1893 1521 1980 imperii
1545 1902 1651 1958 autem
1677 1891 1719 1958 X.
1745 1891 1928 1956 Indictiene

249 1995 305 2059 VI.
330 1995 448 2062 Actum
472 1999 505 2061 in
526 1998 657 2064 ciuitate
688 1997 823 2063 Patauii.

404 2145 594 2217 Kleinmayer.
618 2147 751 2202 Junania.
774 2154 824 2207 str.
851 2149 923 2206 200.
952 2169 965 2203 s
989 2149 1122 2220 poprarci
1146 2149 1232 2236 pelag
1254 2149 1305 2206 iar.
1330 2150 1424 2205 listine
1449 2149 1494 2224 br..
1514 2149 1674 2204 cxxxiv.

616 2381 804 2516 ccxliv}
833 2435 1238 2538 statibanam.
1268 2433 1304 2520 U
1333 2435 1557 2536 Moguncu.

251 2595 342 2669 Krec
367 2594 433 2654 ouo
455 2595 503 2654 ΙΙ.
524 2597 695 2671 potereljaje
717 2599 799 2657 erleoi
821 2600 1052 2676 selnoprndsleoj,
1070 2617 1118 2657 'na
1136 2600 1262 2674 pretnju
1285 2599 1473 2672 nudblslrnpn
1497 2597 1667 2673 Frr'dcrilrrq
1691 2613 1745 2654 soe
1781 2597 1851 2666 njen
1869 2610 1928 2666 po-

636 2705 708 2777 sjmt,
732 2705 859 2778 aejedne
882 2723 896 2763 s
918 2707 1040 2778 ajelrimi
1057 2707 1187 2780 predjeli
1209 2723 1250 2764 no
1273 2703 1395 2764 Marii
1418 2705 1524 2764 Drooi.

407 2857 442 2922 In
475 2860 602 2923 nomine
627 2869 757 2926 sanctae
781 2871 823 2924 et¹
845 2861 1035 2926 indiuiduas.
1059 2862 1237 2926 Trinitatis.
1270 2860 1346 2927 Otto
1370 2861 1481 2926 diuina
1508 2859 1636 2930 fauente
1659 2857 1835 2923 clemencia
1854 2878 1931 2924 rex.

251 2960 386 3047 Oportet
402 2965 498 3046 igitur
514 2987 580 3045 nes,
598 2967 652 3050 qui
670 2965 779 3032 diuino
793 2989 906 3032 sumus
926 2991 1056 3032 munere
1070 2967 1306 3054 quodammode
1323 2989 1400 3055 prae
1413 2967 1528 3032 ceteris
1547 2961 1733 3030 mortalibus
1751 2961 1929 3043 sublimati,

250 3068 318 3132 eius
342 3071 375 3132 in
399 3068 547 3134 omnibus
571 3093 684 3157 parere
707 3075 897 3159 praeceptis,
922 3075 1013 3138 cuius
1037 3073 1212 3138 clemencia
1236 3074 1368 3161 praelati
1389 3096 1508 3154 sumus,
1526 3082 1622 3158 atque
1646 3071 1737 3136 cuius
1762 3066 1929 3156 praecelli·

251 3195 320 3238 rsus
346 3198 493 3257 munere3
518 3175 587 3240 loca
611 3178 721 3265 utique
746 3179 806 3242 sibi
829 3179 934 3246 dicata
958 3203 1015 3266 per
1051 3183 1225 3266 peticiones
1261 3181 1403 3246 fidelium
1436 3189 1618 3246 nostrorum
1648 3185 1756 3242 nostre
1787 3174 1930 3240 releuari

250 3280 420 3360 innomine,
445 3291 540 3368 atque
565 3282 663 3364 regali
682 3286 763 3348 tueri
779 3288 964 3368 munimine,
990 3288 1139 3374 quonism
1158 3287 1218 3352 hee
1235 3287 1328 3352 nobis
1351 3298 1383 3350 et
1405 3286 1444 3352 ad
1458 3284 1624 3351 mortalem
1646 3285 1746 3350 vitam
1769 3292 1930 3367 tempora-

252 3385 322 3450 liter
347 3387 595 3471 transigendam,
620 3399 650 3452 et
673 3390 713 3454 ad
726 3400 887 3456 aeternam
912 3393 1046 3460 feliciter
1066 3393 1272 3460 obtinendam
1292 3393 1490 3480 profuturam
1510 3391 1632 3478 liquido
1649 3387 1818 3456 eredimus.
1836 3384 1928 3465 Qua-

251 3503 380 3579 propter
403 3497 578 3581 compsriat
607 3500 747 3562 omnium
773 3498 915 3564 fidelium
937 3511 1117 3566 nostrorum
1147 3501 1370 3588 praesenciam
1388 3498 1510 3566 scilicet
1526 3508 1558 3563 et
1587 3497 1766 3562 futurorum
1780 3492 1930 3575 solercia,

251 3597 388 3684 qualiter
411 3601 540 3687 qnidam
565 3604 615 3666 vir
633 3603 833 3674 ,venerabilis
861 3605 1046 3672 Fridaricus
1078 3608 1318 3692 salzburgensis
1341 3605 1497 3672 ecclesiae
1520 3601 1780 3689 archiepiscopus
1802 3599 1843 3664 ad
1867 3621 1930 3662 nos

252 3707 383 3768 verriens
408 3717 547 3772 nostram
572 3707 743 3794 postulauit
760 3713 972 3795 serenitatem,
988 3723 1022 3777 ut
1039 3713 1080 3780 ob
1104 3713 1261 3780 mercedis
1287 3723 1414 3778 nostrae
1438 3720 1654 3798 augmentum,
1674 3705 1835 3794 ¹quaedam
1853 3704 1929 3769 loca

252 3831 333 3895 quae
346 3814 446 3876 nostri
458 3822 676 3880 antecessores
689 3816 729 3880 ad
744 3816 911 3884 ecclesiam
928 3823 1029 3886 sancti
1047 3820 1131 3884 Petri
1145 3822 1312 3906 sanctique
1328 3817 1503 3884 Roudberti
1517 3815 1710 3881 confessoris
1723 3811 1852 3891 Christi,
1870 3809 1928 3874 nbi

253 3917 459 4002 corporaliter
482 3915 660 4006 requiescit,
683 3933 715 3986 et
739 3925 808 4009 ipse
832 3923 1014 4010 praedictus
1035 3925 1228 3992 venerabilis
1248 3925 1509 4011 archiepiscopus
1526 3931 1661 4010 praeest,
1684 3917 1827 3988 fidelium
1850 3938 1928 3982 suo·

252 4046 321 4086 rum
346 4025 558 4110 peticionibus
582 4041 817 4114 concesserunt,
841 4053 861 4095 a
886 4031 978 4097 nobis
1011 4055 1137 4119 queque
1169 4042 1323 4098 renouata
1346 4032 1559 4104 firmarentur.
1580 4025 1682 4092 Cuius
1711 4023 1860 4112 peticioni
1884 4020 1932 4088 ob

253 4152 393 4194 amorem
410 4130 530 4198 domini
555 4137 653 4198 nostri
684 4134 780 4200 lhesu
816 4134 945 4220 Christi,
977 4159 1033 4204 seu
1065 4139 1106 4202 ob
1138 4139 1313 4204 remedium
1338 4139 1516 4202 animarum
1540 4145 1778 4200 antecessorum
1803 4141 1929 4194 nostro-

253 4257 333 4318 rum,
351 4259 389 4300 ac
405 4236 517 4302 beatae
535 4242 705 4305 memoriae
722 4241 830 4306 domni
847 4266 885 4308 ac
900 4246 1054 4328 genitoris
1069 4248 1177 4328 nostri,
1196 4256 1386 4332 nostraeque
1403 4242 1559 4310 mercedis
1576 4249 1794 4326 augmentum,
1811 4236 1929 4302 libenti

253 4343 359 4406 anime
383 4366 550 4408 assensum
574 4347 771 4432 praebentes,
798 4349 1000 4415 decreuirnus
1025 4354 1069 4415 ita
1101 4355 1180 4421 fieri.
1212 4353 1417 4422 Renouamus
1450 4351 1547 4434 Igitur
1570 4370 1608 4412 ac
1631 4345 1857 4410 confirmamus
1880 4341 1929 4406 ad

254 4449 449 4532 praedictum
470 4455 693 4518 monasterium
711 4458 814 4522 sancti
831 4456 916 4521 Petri
935 4460 1100 4545 sanctique
1119 4459 1303 4536 Itoudberti,
1323 4458 1468 4544 primitus
1496 4452 1662 4520 castellum
1698 4459 1825 4516 sanctae
1840 4447 1930 4512 Ern-

254 4553 374 4638 drndis,
391 4579 462 4620 cnm
480 4559 626 4626 omnibus
642 4563 683 4626 ad
707 4561 791 4628 idem
816 4563 981 4632 castellum
998 4567 1079 4630 iuste
1103 4589 1141 4630 ac
1163 4565 1307 4651 legaliter
1330 4562 1572 4650 pertinentibus,
1596 4583 1668 4626 cum
1693 4555 1846 4642 curtibuq,
1868 4575 1928 4618 ve-

255 4662 451 4740 nacionibus,
477 4666 719 4749 piscacionibus,
744 4669 777 4734 id
801 4679 850 4734 est
873 4670 914 4736 ab
938 4671 1076 4738 ecclesia
1106 4673 1208 4736 sancti
1244 4669 1384 4751 Martini,
1409 4691 1491 4755 quae
1522 4668 1653 4754 respicit
1675 4673 1787 4729 contra
1810 4661 1928 4726 monti·

253 4766 369 4850 culum,
403 4773 457 4856 qui
482 4771 576 4858 vulgo
601 4773 775 4840 Nocbstein
800 4787 1010 4864 nuncupatur,
1039 4799 1164 4842 sursum
1191 4799 1231 4841 ex
1255 4785 1391 4862 utraque
1415 4785 1505 4861 parte
1528 4773 1668 4838 fluminis
1684 4769 1798 4834 Luaris
1823 4765 1926 4830 nomi-

254 4885 337 4956 nato,
364 4898 463 4962 usque
486 4880 518 4945 in
539 4879 675 4945 riuulum
700 4880 961 4970 Quartinispacb.
995 4883 1131 4970 Insuper
1161 4887 1257 4948 etiarn
1288 4883 1327 4948 de
1352 4885 1420 4968 ipse
1452 4879 1556 4946 riuulo
1588 4878 1795 4944 venacionem
1820 4874 1926 4960 pisca-

256 4983 444 5068 cionemqne
468 5007 510 5048 ex
533 5000 666 5074 utraque
690 5000 780 5074 parte
815 4993 992 5076 praenotati
1023 4989 1164 5054 fluminis
1195 4990 1236 5054 ad
1265 4999 1410 5054 sanctum
1442 4985 1699 5052 llIaximiliannm
1722 5002 1823 5068 usqne
1846 4977 1926 5044 dum

254 5087 417 5152 Tuontina
438 5113 478 5154 ex
502 5091 674 5178 aquilonali
700 5109 790 5181 parte
808 5097 879 5160 fluit
909 5099 941 5160 in
965 5097 1163 5183 praedictum
1188 5096 1316 5178 flumen,
1340 5093 1577 5182 atqueriuulus
1609 5089 1765 5170 (tantuna,
1785 5109 1827 5153 ex
1863 5109 1926 5150 au·

255 5195 343 5260 strali
368 5207 467 5283 parte.
491 5198 542 5264 Ad
567 5198 646 5266 haec
670 5204 765 5266 etiam
791 5203 954 5267 firmamus
973 5213 1004 5268 et
1018 5225 1211 5268 resonamus
1234 5203 1275 5268 ad
1299 5203 1477 5290 praeliatum
1497 5201 1723 5266 monasterium
1747 5199 1928 5260 iauauense

255 5301 405 5368 forestem
430 5329 449 5370 a
472 5309 606 5372 termino
629 5311 683 5394 qni
707 5311 739 5372 in
763 5309 912 5374 Pisoncia
935 5309 1057 5396 incipit,
1081 5310 1142 5376 hoc
1166 5313 1216 5376 est
1238 5309 1278 5374 de
1302 5309 1403 5372 riuulo
1420 5307 1584 5394 Erilipach
1607 5327 1708 5391 usque
1731 5291 1928 5368 sorrentum

255 5422 403 5495 montem,
435 5415 489 5500 qui
523 5412 658 5478 diutisco
683 5413 922 5502 Uuassinperclr
945 5415 1070 5501 dicitur,
1100 5440 1198 5504 prope
1217 5415 1363 5499 Iscalam,
1387 5417 1419 5479 in
1444 5414 1498 5480 ille
1523 5414 1602 5495 leco,
1629 5413 1683 5476 ubi
1707 5410 1930 5477 terminasse-
