4310 5918
322 377 382 450 164

316 591 544 668 exposuerunt,
568 580 653 666 qnod
678 589 806 666 propter
830 579 955 664 copiam
992 577 1141 644 diffusam
1176 576 1363 644 animalium
1389 581 1531 666 ipsorum
1556 581 1676 648 ciuium
1701 593 1732 647 et
1761 580 1990 649 hominumue

318 686 468 752 villarum
492 685 634 750 eiusdem
669 683 904 771 archiepiscopi
942 696 974 748 et
996 684 1131 750 ecclesie
1162 707 1227 768 sne,
1261 707 1397 772 pascuas
1432 687 1631 752 sufficientes
1662 686 1781 754 hebere
1818 689 1991 776 nequibant

318 793 418 860 libere
441 795 473 857 in
498 814 568 856 meo
591 790 691 878 regali
715 791 870 874 districtu,
904 814 961 874 eo,
988 791 1074 878 quod
1102 790 1248 856 homines
1271 803 1302 856 et
1325 792 1438 858 villani
1463 796 1560 858 vicini
1586 793 1734 860 villarum
1769 795 1904 862 ecclesie
1929 819 1989 862 me·

319 909 450 981 morate,
476 898 689 964 molestabant
712 908 744 963 et
768 897 1001 984 perturbabant
1024 900 1112 963 ciues
1137 898 1296 984 predictos
1320 911 1352 963 et
1376 899 1520 965 homines
1544 922 1583 964 ac
1606 900 1743 966 villanos
1765 895 1866 989 ipsius
1891 902 1990 967 archi·

319 1009 472 1094 episcopi,
498 1006 627 1092 pascuis
650 1025 708 1092 pro
729 1003 891 1092 predictis,
914 1015 1024 1068 contra
1047 1004 1218 1091 priuilegia
1240 1004 1447 1070 donationum
1471 1030 1510 1070 ac
1529 1006 1808 1074 conffrmetionnm
1843 1012 1989 1096 progeni·

316 1123 422 1179 torum
438 1134 592 1194 meorum,
611 1113 778 1198 presertim
796 1110 945 1176 villarum
963 1121 1060 1197 atque
1076 1122 1232 1176 terrarum
1254 1111 1440 1194 Serennine,
1467 1111 1573 1194 Gotle,
1599 1113 1738 1198 Tugure,
1755 1113 1855 1197 Osici,
1873 1113 1991 1180 Debric

315 1218 471 1304 Dlauoce,
496 1217 617 1285 Vollari
643 1229 674 1283 et
698 1217 864 1300 Cremona,
886 1240 947 1305 qne
972 1219 1074 1304 posite
1099 1230 1174 1283 sunt
1196 1218 1280 1284 infra
1305 1229 1429 1284 montes
1453 1219 1601 1302 Massari,
1625 1243 1684 1286 nec
1702 1244 1765 1287 non
1791 1221 1937 1287 villarum
1961 1233 1992 1288 et

317 1337 472 1394 terrarum
498 1327 600 1390 sancti
624 1323 757 1408 Georgii
782 1325 821 1388 de
844 1323 968 1404 Pntalo,
1001 1322 1125 1406 Oosice,
1159 1323 1298 1412 hasam,
1334 1322 1486 1410 Ostrogh,
1518 1324 1644 1413 Biachy
1676 1349 1748 1392 cnm
1781 1327 1876 1412 to(ta)
1900 1328 1990 1392 inris-

213 1501 217 1510 ,
316 1432 456 1500 dictione
479 1433 576 1498 castri
600 1430 737 1514 Albona,
759 1429 954 1517 Radosichy,
978 1441 1010 1495 et
1031 1429 1150 1512 Smine,
1170 1454 1232 1517 qua
1256 1435 1315 1496 site
1333 1441 1406 1496 snut
1429 1431 1539 1498 circha
1562 1443 1686 1496 montes
1711 1444 1743 1496 et
1759 1434 1790 1496 iu
1815 1433 1987 1514 montibus,

316 1537 431 1604 etsnb
454 1537 617 1602 montibus
642 1537 807 1616 Dubraue,
831 1536 987 1601 suetiam
1020 1535 1169 1600 villarum
1194 1548 1226 1600 et
1249 1547 1405 1602 terrarum
1430 1536 1539 1604 Stolee
1561 1542 1592 1602 in
1619 1535 1757 1614 Cottius,
1792 1537 1991 1604 Sudnschice

315 1647 348 1711 in
372 1644 504 1729 Clenna,
529 1644 733 1710 ecclesiarum
751 1654 934 1708 sanctornm
958 1681 993 1690 -
1015 1645 1130 1729 -ysii,
1151 1645 1253 1708 sancti
1269 1641 1433 1730 Stephani,
1451 1646 1553 1708 sancti
1570 1644 1603 1708 M
1630 1683 1669 1692 -
1699 1683 1731 1692 -
1763 1636 1866 1726 -ma,
1890 1645 1989 1708 sancti

315 1751 402 1817 Petri
426 1751 466 1817 de
491 1749 664 1829 Clcbnoec,
688 1761 720 1815 et
743 1749 877 1814 aliarum
900 1748 1047 1813 villarum
1072 1761 1104 1814 et
1127 1760 1282 1814 terrarum
1317 1760 1490 1814 memorate
1513 1750 1649 1816 ecclesie
1674 1749 1876 1836 spalatensis.
1902 1747 1991 1828 Quas

315 1859 446 1946 quidem
470 1856 564 1922 villas
588 1869 684 1944 atque
716 1869 817 1922 terras
841 1866 873 1920 et
897 1854 1050 1920 ecclesias
1075 1877 1147 1919 cnm
1175 1856 1324 1920 omnibus
1348 1857 1415 1920 suis
1440 1859 1713 1942 pertinenciis-
1739 1895 1770 1904 „
1806 1893 1840 1904 -
1871 1894 1909 1904 -
1935 1878 1991 1942 pro

315 1965 494 2030 animarum
519 1985 650 2028 suarum
673 1961 875 2028 donancrnnt
896 1961 1030 2028 ecclesie
1059 1962 1242 2048 spalatensi,
1267 1973 1299 2026 et
1315 1985 1375 2048 ego
1391 1961 1518 2027 firmani
1536 1973 1567 2026 et
1583 1965 1736 2030 confirmo
1763 1963 1821 2026 tibi
1848 1961 1990 2050 predicto

315 2071 567 2158 archiepiscopo,
592 2071 719 2157 tuisque
735 2069 985 2152 successoribus,
1004 2077 1035 2132 et
1052 2068 1187 2134 ecclesie
1211 2079 1385 2155 prenotate,
1407 2090 1446 2132 ac
1479 2092 1521 2134 ex
1545 2091 1629 2133 nona
1652 2069 1827 2134 donatione
1849 2066 1991 2133 concedo

313 2180 348 2243 in
371 2189 569 2264 perpetuum.
594 2161 638 2242 Et
661 2175 733 2242 ideo
758 2175 830 2242 volo
854 2199 896 2242 ex
920 2174 1091 2240 donatione
1116 2185 1277 2262 perpetua,
1301 2174 1387 2262 qnod
1415 2187 1449 2240 tn
1473 2187 1505 2240 et-
1527 2177 1572 2240 tui
1597 2197 1809 2258 successores,
1832 2173 1992 2239 homines·

314 2305 377 2371 qne
400 2285 456 2366 tui,
481 2293 513 2349 et
535 2283 646 2349 villani
669 2282 818 2348 villarum
851 2297 883 2348 et
905 2293 1062 2348 terrarum
1095 2293 1231 2364 tuarum,
1254 2304 1293 2347 ac
1316 2283 1412 2346 etiam
1436 2283 1526 2346 ciues
1550 2283 1596 2346 tui
1620 2283 1830 2368 spalatenses,
1852 2280 1993 2344 habeant

313 2400 502 2476 potestatem
527 2399 559 2454 ot
582 2388 761 2456 libertatem
786 2389 937 2476 pascendi
965 2399 997 2454 et
1020 2387 1202 2475 adaquandi
1232 2398 1340 2452 vestra
1364 2399 1480 2452 cuncta
1503 2386 1655 2452 animalia
1678 2389 1709 2452 in
1734 2387 1880 2452 districtu
1910 2408 1991 2468 meo,

313 2498 347 2560 in
370 2498 498 2583 pascuis
523 2507 555 2562 et
577 2495 655 2560 locis
679 2497 839 2579 contiguis
869 2518 909 2562 ac
925 2497 1040 2560 vicinis
1064 2495 1213 2560 villarum
1239 2505 1271 2560 et
1293 2505 1449 2559 terrarum
1474 2494 1688 2582 predictarum
1720 2494 1856 2559 ecclesie
1885 2493 1991 2580 spala-

319 2604 429 2686 tensis,
454 2603 523 2668 sine
545 2599 797 2666 contradictione
820 2599 871 2666 vel
902 2601 1083 2666 turbatione
1113 2599 1248 2666 alicuius
1271 2622 1416 2687 persone.
1441 2599 1485 2666 Et
1507 2603 1674 2686 presertim
1697 2601 1729 2664 in
1754 2599 1896 2666 Busiline
1922 2621 1992 2663 meo

312 2706 413 2792 regali
446 2709 615 2789 territorio,
639 2706 762 2794 absque
787 2707 999 2773 decimatione
1025 2730 1082 2772 sen
1106 2706 1240 2772 collecta
1264 2705 1380 2795 aliqua,
1399 2719 1505 2793 preter
1521 2707 1673 2790 decimas,
1698 2730 1779 2794 quas
1803 2729 1859 2793 per
1882 2708 1989 2772 omnis

312 2817 384 2881 loca
407 2823 582 2901 prenotata,
606 2837 649 2878 ex
671 2837 741 2878 mea
773 2818 989 2888 concessione,
1012 2827 1044 2878 et
1077 2835 1218 2878 meorum
1242 2825 1490 2896 antecessorum,
1516 2813 1666 2899 colligere
1691 2813 1788 2879 debet
1812 2816 1936 2898 integre
1959 2823 1990 2877 et

311 2923 443 3007 exigere
467 2921 550 2986 idem
575 2919 835 3006 archiepiscopus
866 2931 898 2984 et
927 2923 974 2984 sui
1003 2943 1215 2999 successores,
1241 2921 1310 2983 sine
1334 2920 1585 2984 contradictione
1602 2920 1800 3007 temporibus
1817 2921 1991 3008 perpetuis,

312 3030 357 3094 ita
386 3039 504 3111 umen,
535 3026 621 3113 qnod
648 3026 793 3112 predicta
823 3028 930 3092 omnia
951 3038 983 3089 tu
1019 3039 1051 3091 et
1072 3029 1117 3092 tui
1142 3048 1344 3091 successores
1368 3036 1401 3090 et
1424 3027 1562 3092 ecclesia
1585 3026 1776 3112 spalatensis
1804 3025 1992 3114 possideant

312 3134 446 3222 pacifice
470 3144 502 3198 et
523 3135 639 3221 quiete.
662 3132 786 3219 Siquis
810 3155 887 3198 vero
912 3132 986 3197 hnic
1008 3133 1173 3198 donationi
1195 3155 1234 3197 ac
1258 3133 1495 3197 confirmationi
1529 3155 1608 3214 mee,
1633 3135 1812 3198 contrarius
1832 3132 1990 3213 existerit,

312 3243 428 3306 iratum
458 3239 576 3304 habeat
592 3243 708 3305 trinum
734 3249 766 3304 et
789 3262 887 3304 unum
912 3238 1018 3322 deum,
1044 3251 1074 3303 et
1092 3237 1347 3303 maledictionem
1365 3249 1579 3304 trecentorum
1597 3238 1708 3304 decem
1726 3250 1758 3304 et
1773 3247 1844 3304 octc
1861 3251 1989 3325 patrum

313 3355 345 3411 et
376 3345 510 3410 aliorum
534 3355 717 3410 sanctorum
733 3346 885 3410 incurrat.
909 3345 1047 3410 Etcum
1071 3345 1157 3409 Jnda
1174 3345 1336 3432 proditore
1353 3345 1545 3432 dampnetur
1568 3355 1678 3410 eterno
1702 3344 1868 3432 supplicio,
1892 3355 1991 3431 atque

312 3451 375 3520 LX
397 3451 495 3518 libras
518 3454 586 3516 anri
613 3451 774 3538 persoluat
790 3475 828 3516 sc
849 3465 1017 3539 conponat,
1035 3475 1169 3539 quornm
1191 3449 1344 3516 medietas
1362 3451 1460 3536 regali
1479 3451 1635 3516 inferatur
1658 3454 1744 3531 fisco,
1758 3449 1858 3516 altera
1881 3465 1988 3516 autem

311 3581 370 3646 pro
398 3558 548 3624 thesauro
572 3558 706 3644 ;prefate
730 3558 863 3624 ecclesie
888 3557 1099 3645 spalletensis.
1125 3559 1207 3623 Acta
1229 3569 1302 3622 sunt
1325 3557 1393 3639 hec,
1417 3570 1491 3622 ante
1516 3560 1664 3623 noticiam
1698 3559 1809 3623 horum
1841 3562 1988 3624 testium:

311 3663 476 3732 uidelicet:
512 3664 661 3750 Gregorii
680 3663 873 3730 venerabilis
898 3657 1039 3752 episcopi
1057 3663 1276 3744 Chroatensis,
1301 3663 1459 3729 Johaunis
1484 3664 1611 3729 abbatis
1636 3665 1760 3730 cenobii
1785 3665 1885 3730 sancti
1911 3664 1989 3728 Bar·

311 3770 472 3853 tholomei,
497 3771 614 3836 Adami
637 3773 768 3858 inppani
793 3775 952 3853 nonensis,
970 3771 1142 3855 Stresegnc
1167 3770 1383 3844 breberestici,
1406 3769 1575 3836 Dessimiri
1594 3771 1797 3849 corbaustici,
1825 3771 1988 3836 Dominici

310 3877 467 3943 iadreusis
501 3879 697 3960 sacerdotis,
730 3889 761 3941 et
785 3877 939 3965 Stephani
974 3879 1148 3965 cape(lani)
1184 3880 1285 3941 sancti
1322 3875 1480 3960 Nicholai,
1505 3887 1536 3941 et
1570 3876 1704 3940 aliorum
1738 3877 1920 3960 multorum,
1956 3880 1988 3942 in

311 4005 446 4071 qnorum
471 3985 612 4050 omnium
637 3983 853 4049 testimoninm
874 3994 906 4048 et
929 3965 1115 4049 memoriam
1150 3994 1347 4072 perpetuam,
1372 3985 1529 4068 presentis
1555 3982 1714 4069 priuilegii
1733 3985 1891 4068 paginam,
1927 3985 1988 4048 mei

311 4089 409 4177 sigilli
440 4092 612 4156 caracteris
636 4091 833 4177 appensione
857 4090 921 4156 feci
945 4093 1072 4155 muniri.

467 4238 577 4294 Listina
599 4255 652 4294 ova
676 4239 825 4309 prepisana
839 4239 870 4309 je
900 4257 938 4293 na
958 4239 1118 4310 pergameni
1142 4239 1196 4294 olio
1223 4257 1250 4310 g.
1288 4240 1501 4295 1318-1348
1534 4259 1567 4296 aa
1598 4243 1701 4297 rrieme
1730 4242 1884 4297 Dominika
1919 4246 1986 4298 nad-

312 4325 432 4398 biskupa
454 4321 638 4400 spljetsltogs.
658 4327 823 4384 Rszderaca
839 4329 870 4398 je
894 4345 930 4382 na
952 4327 1011 4382 vise
1034 4327 1152 4397 miestih,
1178 4327 1285 4382 osobito
1309 4327 1344 4382 od
1376 4331 1466 4400 spoda
1495 4329 1546 4386 lali
1579 4330 1662 4384 skoro
1694 4329 1800 4386 tredina
1828 4331 1864 4386 od
1887 4349 1987 4404 perga·

311 4431 409 4486 menn¹¹
422 4397 501 4471 duva
523 4433 552 4472 se
576 4433 594 4470 u
617 4415 766 4471 dvorskom
782 4415 880 4470 arkivn
905 4415 1032 4494 bedlrom,
1050 4415 1143 4486 medju
1159 4415 1240 4486 pismi
1256 4415 1353 4471 arkiva
1369 4417 1535 4490 splietslrcg.
1552 4417 1678 4489 Spalnto.
1696 4419 1731 4476 K.
1831 4419 1909 4478 XVI.
1979 4461 1986 4476 .

1043 4707 1117 4794 00.
1144 4707 1252 4796 1078.

313 4871 439 4948 Shepun
462 4872 597 4948 uomodo,
621 4873 714 4934 netur
737 4873 837 4947 bulla
859 4873 1038 4950 Kresimiru,
1058 4875 1198 4934 ostentati
1224 4892 1264 4948 po
1299 4875 1435 4948 ncpntlcn
1465 4877 1638 4936 evetcnikob
1667 4895 1717 4937 sne
1747 4880 1822 4939 desti
1853 4880 1987 4948 snietalte,

519 4979 613 5040 ornav
637 4999 657 5040 a
679 4985 834 5041 comestae
854 4985 972 5056 saetosa
990 4981 1144 5054 Samoou,
1168 4981 1274 5054 darujc
1297 4983 1402 5041 istcmu
1424 4987 1597 5043 sumoatnnu
1622 4985 1710 5058 dooju
1731 4987 1801 5046 actu.

468 5143 505 5208 In
526 5145 654 5210 nomine
680 5141 808 5208 Christi.
826 5143 898 5230 Ego
914 5143 1104 5231 Stephanus,
1123 5144 1198 5210 olim
1218 5145 1285 5210 dux
1302 5145 1433 5210 illustris
1450 5143 1649 5230 Oroatornm,
1667 5169 1739 5212 cum
1763 5149 1854 5234 graui
1872 5150 1983 5214 morbo

310 5273 481 5339 oppressus
526 5252 696 5316 conuocari
730 5250 894 5314 iussissem
926 5249 1127 5315 venerabiles
1157 5249 1340 5315 secerdotes
1372 5253 1462 5338 regni
1499 5251 1660 5338 Orobatie,
1696 5257 1751 5341 qui
1780 5257 1983 5340 grauioribus

309 5358 414 5424 anime
438 5379 506 5426 mse
539 5355 660 5430 morbis
692 5354 883 5425 medicinam
913 5354 1113 5438 adhiberent,
1135 5355 1174 5422 de
1204 5355 1330 5422 illorum
1354 5357 1488 5424 consilio
1513 5381 1563 5424 mc
1586 5359 1843 5428 transferendum
1869 5363 1978 5430 curaui
