4292 5926
623 558 886 641 LXXXVII.
914 558 1022 641 1163.
1049 559 1085 641 3.
1113 559 1346 643 Kolovons.
1374 561 1636 645 U'Mleteih.

295 815 374 875 Vitat
396 814 528 874 Miehcel
549 811 629 873 aluid
647 811 792 882 mtetattt,
811 812 974 887 podieljuje
996 813 1151 872 trecorum
1174 811 1304 870 Bertolu
1333 811 1346 869 i
1379 807 1527 891 Getdonu,
1562 813 1694 871 eicerem
1716 813 1898 886 Dujmoor'm,
1932 801 1971 872 ar

744 976 751 989 ·
846 963 931 1036 ujelte
953 961 1050 1036 uvjete
1071 962 1138 1022 otole
1160 961 1228 1022 Krle
1251 960 1428 1024 doiivotao.

447 1205 485 1269 In
509 1204 639 1269 nomine
662 1202 784 1268 domini
806 1203 858 1267 dei
883 1211 914 1266 et
936 1201 1106 1266 saluatoris
1129 1201 1210 1267 Jesu
1245 1201 1377 1269 Christi.
1411 1202 1507 1268 Anno
1539 1201 1660 1267 domini
1692 1201 1862 1268 millesimo
1893 1223 1966 1268 een-

290 1313 404 1377 tesimo
428 1311 647 1397 (sexagesimo
670 1308 789 1396 tertio),
811 1309 905 1373 tertio
929 1311 1049 1373 mensis
1073 1311 1211 1394 augusti,
1234 1309 1409 1374 indictione
1432 1309 1492 1373 Xl.
1518 1306 1647 1387 Quanto
1681 1329 1808 1395 queque
1839 1307 1970 1372 maioris

291 1418 411 1503 negotii
436 1439 508 1482 esse
532 1415 719 1502 probantur,
751 1423 839 1478 tanto
864 1415 1064 1500 propensiori
1089 1414 1194 1478 studio
1218 1413 1338 1479 debent
1360 1437 1417 1500 per
1434 1415 1626 1500 scripturam
1644 1417 1798 1480 memorie
1815 1415 1970 1495 annotari,

291 1545 331 1589 ne
355 1523 511 1588 decursus
533 1531 713 1607 temporum
738 1519 838 1602 tollat,
861 1519 948 1606 quod
972 1521 1157 1584 innocentia
1180 1529 1212 1583 ct
1235 1519 1318 1584 bone
1344 1519 1505 1605 opinionis
1525 1519 1660 1583 intentio
1684 1517 1813 1584 efficere
1837 1521 1969 1584 studuit.

291 1628 519 1716 Quapropter
543 1650 601 1692 nos
625 1627 756 1713 quidem
780 1625 897 1690 Vitalis
922 1624 1071 1708 Michael,
1094 1624 1146 1690 dei
1170 1627 1274 1710 gratia
1298 1625 1518 1708 Venetiarum,
1543 1623 1706 1689 Dalmatis
1723 1635 1822 1712 atque
1839 1624 1969 1690 Oroatia

292 1735 370 1816 dux,
395 1756 467 1798 cum
491 1733 652 1814 iudicibus
669 1742 709 1810 et
731 1731 842 1796 clectis
866 1731 1065 1817 sapientibus
1088 1742 1186 1816 atque
1209 1732 1307 1796 totius
1332 1729 1442 1818 populi
1466 1730 1704 1796 collaudatione
1728 1753 1785 1796 seu
1801 1729 1972 1795 confirma·

291 1843 389 1922 tione,
413 1839 542 1904 utilitati
567 1839 775 1903 Venetiarum
802 1847 834 1902 et
859 1835 953 1901 saluti
985 1836 1157 1920 diligenter
1192 1837 1407 1918 consulentes,
1445 1839 1633 1902 comitatum
1665 1835 1863 1922 veglensem,
1898 1847 1970 1922 post

291 1946 471 2010 discessum
497 1945 622 2009 comitis
644 1945 754 2008 Doimi
779 1953 958 2026 vacantem,
983 1942 1133 2006 ordinare
1158 1943 1361 2007 decreuimus
1385 1943 1426 2006 ad
1451 1941 1605 2007 honorem
1627 1951 1659 2006 et
1682 1942 1860 2028 profectum
1885 1963 1970 2006 com·

291 2053 397 2116 munis
421 2051 640 2115 Venetiarum.
665 2049 707 2111 Et
730 2051 882 2136 quoniam
907 2057 939 2113 te
962 2048 1227 2115 Bartholcmeum
1251 2059 1348 2136 atque
1372 2047 1557 2115 (luidonem
1589 2049 1720 2114 fratrem
1753 2060 1853 2132 tuum,
1886 2047 1971 2113 filio's

291 2157 428 2244 predicti
448 2157 573 2221 comitis
597 2155 717 2231 Doimi,
741 2155 823 2220 tales
847 2155 915 2220 fore
944 2157 1103 2238 nouimus,
1128 2159 1182 2242 qui
1214 2159 1400 2220 comitatum
1430 2155 1618 2240 veglensem
1651 2155 1827 2250 prudenter
1860 2177 1972 2240 regere

292 2273 389 2350 atquc
413 2265 493 2330 tueri
518 2264 673 2349 potestis,
697 2263 821 2328 idcirce
846 2265 950 2349 ipsum
974 2263 1170 2344 comitatum,
1192 2271 1344 2334 ettotam
1368 2261 1506 2326 insulam
1528 2261 1624 2326 vobis
1640 2259 1799 2326 ambobus
1815 2260 1968 2326 fratribus

292 2379 436 2455 tempore
460 2369 526 2432 vite
548 2378 655 2432 vestre
679 2369 803 2450 damus,
826 2367 1044 2449 concedimus,
1068 2375 1164 2453 atque
1188 2377 1433 2448 transactamus,
1466 2377 1499 2431 et
1521 2365 1569 2432 illi
1594 2367 1762 2450 devehis,
1784 2369 1838 2453 qui
1863 2388 1972 2452 super·

292 2476 420 2557 uiserit,
450 2473 504 2538 tali
529 2473 624 2538 modo
649 2483 681 2538 et
704 2484 807 2561 pacto,
834 2475 920 2562 quali
946 2472 1110 2561 predictus
1132 2483 1224 2560 pater
1248 2484 1356 2539 vester
1387 2471 1500 2538 hahuit
1530 2482 1674 2562 tempore
1703 2472 1968 2560 predecessorum

292 2593 474 2646 nostrorum
500 2580 584 2646 bone
609 2583 762 2644 memorie
786 2580 915 2660 ducum,
950 2580 1102 2646 videlieet
1132 2579 1295 2644 Dominici
1328 2577 1507 2661 Michaelis,
1540 2577 1627 2644 Petri
1657 2577 1782 2658 Polani,
1806 2575 1973 2642 Dominiei

292 2685 489 2768 Mauroeeni,
515 2694 547 2750 et
570 2693 715 2771 tempore
739 2688 841 2750 nostri
865 2708 922 2772 per
946 2696 1091 2752 nostrum
1114 2685 1321 2774 priuilegium
1347 2685 1584 2766 confirmatum,
1617 2705 1689 2750 eum
1719 2684 1869 2748 omnibus
1895 2683 1973 2748 *red-

217 2813 225 2836 ·
292 2792 425 2874 ditibus,
450 2794 534 2856 sicut
559 2803 649 2877 pater
670 2802 777 2857 vester
800 2790 922 2872 hahuit,
948 2802 983 2856 ut
1014 2793 1123 2857 omnia
1152 2793 1278 2874 integra
1311 2802 1342 2856 et
1372 2790 1497 2856 illibata
1526 2775 1687 2872 habeatis,¹
1714 2799 1746 2854 et
1777 2794 1971 2876 potestatiue

293 2909 409 2963 cuneta
432 2898 612 2962 vendicatis
636 2898 739 2978 vobis,
765 2907 872 2983 preter
900 2897 1037 2962 barches
1073 2895 1293 2982 Veglensium,
1325 2918 1407 2982 quas
1436 2895 1584 2960 nolumus
1617 2905 1652 2960 ut
1682 2897 1832 2978 oneratis,
1869 2918 1974 2982 neque

292 3005 400 3068 asinos
424 3003 477 3067 vel
501 3005 645 3067 iumenta
668 3003 795 3066 illorum
821 3001 970 3067 volumus
996 3012 1029 3066 ut
1050 3025 1107 3088 per
1131 3004 1197 3066 vim
1221 3001 1389 3084 auferatis,
1413 3003 1588 3066 canistrum
1606 3024 1735 3088 quoque
1757 3023 1893 3066 auarum
1918 3024 1976 3088 per

292 3085 405 3174 vinhas
429 3109 556 3173 illorum
580 3131 644 3172 non
666 3108 796 3172 tollatis.
818 3107 885 3171 Ista
909 3117 1047 3194 quatuor
1071 3109 1200 3172 omnino
1218 3106 1428 3193 prohibemus
1453 3131 1492 3171 ne
1514 3106 1650 3172 faciatis.
1676 3107 1794 3172 Cetera
1814 3109 1901 3172 sieut
1923 3107 1972 3172 di-

297 3217 415 3294 ximus,
436 3214 571 3280 licenter
593 3213 739 3278 habeatis
764 3215 833 3278 sine
858 3214 1112 3280 contradictione
1133 3223 1165 3278 et
1188 3215 1258 3278 sine
1290 3216 1377 3280 omni
1411 3215 1632 3296 diminutione,
1665 3216 1815 3299 angeriac
1847 3224 1976 3279 nostras

294 3323 445 3408 quotiens
469 3341 549 3406 opus
572 3317 679 3400 fuerit,
704 3319 787 3382 sieut
810 3327 954 3404 tempore
979 3318 1195 3405 predictorum
1220 3313 1337 3386 dueum
1360 3329 1392 3384 et
1415 3330 1534 3403 nostro,
1559 3319 1729 3404 veglenses
1762 3321 1982 3384 communiter

293 3425 426 3489 faciant.
448 3423 591 3508 Legatos
616 3433 742 3488 uestros
767 3424 935 3510 excipietis
959 3435 991 3488 et
1014 3423 1243 3490 honorabiliter
1274 3447 1347 3490 eum
1380 3427 1518 3512 propriis
1553 3426 1671 3490 vestris
1710 3427 1865 3510 expensis
1898 3425 1973 3490 illos

293 3528 519 3617 procurabitis,
544 3531 613 3593 sine
650 3530 769 3601 ciuium
801 3539 981 3594 vestrorum
1013 3532 1232 3616 requisitione.
1266 3530 1410 3616 Singulis
1446 3553 1524 3596 vero
1556 3533 1655 3596 'anuis
1684 3533 1719 3596 in
1752 3531 1835 3596 festo
1871 3534 1976 3596 sancti

294 3634 461 3700 Michaelis
486 3657 543 3721 pro
568 3636 638 3720 ipso
662 3636 815 3700 comitatu
846 3645 879 3700 et
909 3634 1015 3699 insula
1046 3647 1142 3722 atque
1172 3636 1352 3701 redditibus
1383 3637 1511 3702 illorum
1543 3647 1705 3704 trecentos
1737 3640 1979 3726 quinquaginta

292 3750 477 3806 romanatos
499 3742 600 3804 nostri
624 3743 785 3804 communi
809 3739 994 3826 persoluere
1018 3741 1154 3806 debetis.
1178 3743 1315 3828 Insuper
1339 3745 1435 3808 etlam
1463 3746 1565 3830 ipsam
1592 3743 1730 3809 insulam
1753 3745 1795 3810 ab
1825 3745 1979 3810 omnibus

293 3848 434 3912 inimicis
457 3846 592 3926 venetis,
617 3847 686 3910 sine
709 3855 818 3910 nostro
842 3846 1011 3928 adiutorio,
1038 3847 1107 3910 sine
1130 3846 1244 3912 fraude
1267 3847 1441 3914 defendere
1461 3849 1616 3932 debeatis,
1641 3852 1788 3937 exeeptis
1811 3851 1976 3916 coronatis

222 4013 226 4020 .
294 3953 451 4039 persenis,
478 3959 510 4015 et
526 3949 652 4015 illorum
670 3953 824 4034 exercitu,
842 3953 869 4014 si
888 3973 999 4016 verum
1017 3953 1204 4034 constiterit,
1221 3952 1307 4038 quod
1331 3975 1428 4038 super
1449 3955 1552 4039 ipsam
1569 3954 1714 4018 insulam
1739 3956 1881 4020 veniant.
1906 3955 1979 4022 Hac

296 4060 406 4123 omnia
429 4057 523 4121 nobis
546 4055 721 4122 obseruare
744 4056 899 4140 debeatis,
924 4066 979 4122 aut
1001 4057 1225 4141 ambesimul,
1249 4057 1397 4124 autalter
1419 4058 1459 4124 de
1476 4058 1569 4124 vobis
1583 4062 1638 4146 qui
1655 4063 1884 4146 superuixerit.
1908 4061 1978 4127 Nos

296 4185 377 4228 vero
401 4172 517 4227 cuncta
540 4160 633 4228 vohis
656 4163 784 4248 integra
806 4173 839 4228 et
861 4161 985 4228 illibata
1008 4183 1081 4226 eum
1105 4165 1223 4228 nestris
1247 4165 1489 4230 successoribus
1512 4187 1706 4232 conseruare
1737 4170 1807 4234 sine
1837 4168 1977 4234 diminu-

293 4269 382 4333 tione
406 4265 571 4350 debemus,
596 4267 864 4332 conseruautibus
888 4267 981 4331 nobis
1005 4290 1053 4350 ea,
1079 4289 1141 4353 que
1165 4271 1314 4354 superius
1337 4271 1424 4336 dicta
1449 4281 1533 4354 sunt,
1558 4282 1590 4337 et
1624 4294 1694 4358 que.
1722 4274 1977 4340 contuebuntur

299 4375 332 4438 iu
353 4374 567 4460 promissione
591 4373 712 4456 charte,
736 4395 833 4460 quam
857 4371 992 4458 proinde
1028 4373 1120 4440 nobis
1152 4373 1268 4440 facturi
1299 4377 1385 4440 estis.
1422 4374 1518 4456 Quod
1554 4380 1580 4442 si
1605 4401 1668 4443 non
1692 4379 1976 4446 obseruauerimus

294 4478 389 4544 vobis
425 4486 541 4543 cuncta
574 4501 613 4544 eo
644 4478 740 4545 modo
775 4487 811 4541 ut
844 4479 992 4564 superius
1026 4478 1165 4566 legitur,
1201 4492 1279 4546 tunc
1320 4504 1394 4546 oum
1436 4484 1679 4551 successoribus
1721 4488 1839 4552 neuris
1882 4487 1978 4554 vobis

296 4599 328 4651 et
351 4585 468 4649 vestris
490 4581 663 4650 heredibus
688 4567 861 4650 emendare
884 4583 1060 4649 debeamus
1083 4588 1154 4650 auri
1178 4586 1282 4652 ebrini
1305 4587 1406 4652 libras
1441 4589 1571 4674 decem3
1602 4603 1634 4656 et
1662 4591 1724 4657 hee
1751 4594 1975 4660 concessionis

296 4689 407 4755 charta
428 4691 461 4754 in
485 4713 543 4756 sua
567 4700 755 4777 permaneat
777 4689 941 4756 firmitate.
966 4689 1011 4756 Ut
1034 4701 1143 4758 nostra
1166 4703 1273 4758 tamen
1296 4693 1420 4782 regalia
1441 4717 1499 4782 per
1522 4698 1631 4762 omnia
1654 4700 1718 4762 sint
1742 4696 1834 4762 salua
1854 4699 1895 4764 ad
1920 4721 1976 4764 ve-

295 4795 447 4860 niendum
470 4797 504 4860 in
526 4803 668 4864 nostram
693 4803 896 4882 potestatem.
1753 4817 1757 4823 ·
1795 4819 1800 4824 ·

445 4947 517 5033 Ego
541 4945 658 5012 Vitalis
682 4945 820 5012 Michael
843 4947 896 5012 dei
917 4949 1023 5035 gratia
1043 4947 1120 5032 dux,
1145 4971 1241 5015 manu
1265 4973 1338 5016 mea
1361 4951 1550 5038 subscripsi.

445 5080 516 5165 Ego
541 5077 751 5144 Sebastianus
775 5079 869 5146 Ziani
894 5081 1003 5165 iudex,
1027 5103 1123 5147 manu
1149 5105 1219 5184 mea
1243 5083 1430 5171 subscripsi.

444 5211 516 5294 Ego
542 5210 645 5298 Aurio
667 5213 881 5298 hlastropetro
925 5249 938 5274 a
