4310 5918
308 431 370 500 158

463 628 524 694 Est
546 637 578 692 et
600 625 663 692 alia
688 627 806 694 ibidem
832 647 887 714 pro
911 649 975 714 qua
1001 627 1033 690 P.
1057 627 1158 692 abbas
1182 627 1270 692 dedit
1293 625 1464 692 Dominioo
1485 628 1636 694 brauerio
1669 625 1765 692 aliam
1800 639 1918 692 terram
1952 629 1981 692 in

307 735 437 802 Roreto.

466 840 516 906 De
539 843 603 904 alia
630 839 764 906 ibidem.

467 947 526 1011 Est
548 957 580 1011 et
602 945 723 1012 ibidem
747 945 811 1012 alia
834 968 929 1032 quam
955 949 1033 1010 emit
1055 945 1156 1012 abbas
1182 947 1216 1012 P.
1241 947 1422 1034 aquodam
1447 945 1589 1032 veglensi
1613 969 1669 1032 pro
1695 944 1761 1010 llll
1801 968 1912 1010 roman

446 1053 498 1118 De
521 1051 627 1117 alodio
654 1052 800 1117 Barbare
822 1051 929 1117 vidue.

451 1159 540 1224 Idem
567 1159 668 1224 abbas
694 1158 729 1223 P.
755 1163 954 1244 comparauit
976 1183 996 1222 a
1016 1181 1092 1242 rege
1116 1157 1314 1223 Obresimiro
1338 1159 1478 1224 alodium
1512 1157 1678 1223 cuiusdam
1714 1156 1858 1222 Barbare
1893 1157 1991 1221 vidue

310 1291 366 1354 pro
391 1265 608 1354 quadraginta
632 1267 817 1346 romenatis,
840 1265 1025 1350 parentibus
1049 1287 1125 1330 vero
1150 1264 1291 1330 eiusdem
1313 1265 1456 1330 Barbare
1488 1263 1576 1328 dedit
1599 1262 1674 1329 XV.
1697 1264 1845 1328 similiter
1868 1257 2018 1328 romans

309 1373 461 1438 videlicet
483 1371 542 1436 ΙΙΙ.
566 1394 659 1436 casas
684 1393 756 1435 oum
781 1380 847 1434 tota
871 1382 959 1436 curte
976 1393 1039 1458 que
1055 1370 1138 1436 infra
1155 1382 1211 1453 eat,
1233 1383 1264 1436 et
1281 1372 1360 1437 duas
1378 1383 1461 1436 terre
1483 1372 1591 1457 pecias
1607 1372 1639 1434 in
1657 1369 1742 1435 velle
1768 1369 1933 1456 Pagnaua.

466 1477 518 1544 De
542 1487 628 1542 terra
652 1478 685 1542 in
709 1475 793 1542 valle
816 1476 961 1542 Fustine.

309 1586 400 1652 Idem
423 1583 525 1650 ebbae
549 1583 583 1649 P.
608 1584 807 1670 comparauit
827 1595 944 1647 terrem
970 1583 1002 1646 in
1026 1582 1111 1648 valle
1126 1582 1262 1649 Fustina
1284 1584 1325 1649 de
1349 1582 1529 1665 Valentino,
1563 1584 1628 1649 filio
1654 1584 1740 1650 Patri
1756 1583 1909 1671 episcopi,
1933 1605 1993 1669 pro

309 1691 374 1757 XV
398 1691 574 1755 remanetis
599 1700 631 1754 et
654 1711 696 1754 ex
719 1688 820 1754 altero
846 1688 945 1752 latere
969 1687 1047 1753 calis
1072 1692 1149 1754 emit
1175 1689 1260 1754 idem
1285 1689 1400 1754 Petrus
1421 1688 1523 1754 abbas
1548 1713 1643 1756 unam
1668 1700 1752 1755 terre
1775 1691 1900 1776 peciam
1932 1711 1993 1775 pro

310 1795 423 1864 eodem
450 1797 558 1884 precio
581 1794 655 1861 XV.
682 1817 804 1860 roman.
829 1794 870 1859 ab
894 1794 1035 1862 Andrea.
1059 1795 1121 1860 Est
1141 1808 1173 1860 et
1196 1795 1314 1861 ibidem
1338 1795 1411 1877 alia,
1435 1818 1532 1883 quam
1549 1792 1635 1862 idem
1652 1796 1766 1861 Petrus
1782 1794 1887 1861 abbas
1904 1817 1995 1859 com·

310 1906 436 1992 parauit
459 1902 499 1968 de
522 1901 643 1968 queza
665 1900 857 1966 consobrino
879 1901 1045 1966 cuiusdam
1069 1900 1231 1966 Valentini
1256 1925 1313 1989 pro
1338 1901 1411 1988 VII,
1434 1925 1555 1968 roman.

452 2007 504 2072 De
527 2017 612 2072 terre
636 2009 667 2072 in
691 2006 834 2090 Kutuno,
860 2030 958 2094 quam
982 2007 1070 2072 dedit
1093 2007 1301 2074 Prestanciue
1325 2006 1530 2074 castellanus.

454 2114 659 2179 Prestancius
684 2111 879 2178 castellanus
906 2113 997 2179 dedit
1019 2115 1121 2180 eidem
1153 2117 1346 2180 monasterio
1380 2125 1496 2180 terram
1533 2115 1574 2180 ed
1610 2125 1752 2180 sanctam
1789 2114 1924 2179 Mariam
1960 2115 1995 2178 iu

313 2219 455 2304 Kutuno,
481 2242 538 2306 pro
562 2222 670 2284 anima
693 2221 741 2284 sui
765 2218 823 2284 filii
848 2243 886 2284 eo
910 2220 1034 2306 sepulti.
1056 2220 1100 2284 Bt
1120 2220 1181 2286 boc
1204 2219 1264 2286 sub
1287 2232 1430 2304 tempore
1453 2219 1497 2287 M.
1526 2219 1665 2287 abbatis.

470 2324 522 2390 De
545 2325 607 2389 alia
632 2325 763 2390 ibidem.

475 2430 551 2496 Alia
574 2441 678 2496 estet
701 2430 820 2496 ibidem
845 2452 902 2518 pro
926 2454 989 2518 qua
1012 2431 1048 2498 P.
1073 2432 1173 2498 ebbae
1200 2433 1290 2498 dedit
1310 2433 1437 2498 Vitazai
1470 2435 1596 2498 vineam
1621 2433 1708 2499 Petri
1731 2433 1910 2520 presbiteri,
1927 2432 1989 2497 tilii

313 2537 399 2606 Rose
426 2539 459 2602 in
488 2537 591 2602 Zulio.
734 2595 738 2602 .

470 2643 522 2709 De
545 2643 608 2708 elia
636 2643 766 2709 ibidem.

470 2749 532 2814 Est
554 2760 586 2815 et
609 2749 728 2815 ibidem
762 2749 826 2815 alia
856 2753 951 2815 vinee
983 2773 1078 2837 quarn
1111 2749 1199 2816 dedit
1221 2750 1327 2816 eidem
1351 2753 1544 2817 monasterio
1576 2752 1680 2830 Plato,
1713 2751 1798 2818 filius
1829 2752 1995 2838 archipre-

315 2859 424 2924 sbiteri
449 2855 573 2922 Cernec
598 2879 654 2943 pro
679 2857 847 2922 animabus
872 2868 935 2921 tarn
955 2880 1023 2940 sue,
1048 2879 1143 2944 quam
1168 2867 1200 2922 et
1223 2880 1352 2922 suorum
1384 2870 1562 2944 parentum,
1596 2873 1628 2924 et
1660 2857 1721 2924 hoc
1752 2857 1813 2923 sub
1845 2868 1995 2944 tempore

314 2961 441 3030 abbatis
463 2963 501 3028 P.

472 3069 524 3134 De
546 3067 610 3133 alia
634 3071 666 3134 in
691 3067 803 3134 eodem
829 3067 910 3134 loco.

454 3175 514 3262 Est
538 3187 569 3240 et
591 3174 655 3240 alia
679 3177 774 3240 vinea
796 3167 926 3256 ibidem,
960 3196 1056 3261 quem
1080 3171 1211 3238 donauit
1233 3174 1335 3240 eidem
1361 3177 1554 3240 monasterio
1570 3175 1701 3264 quidam
1718 3177 1847 3242 nomine
1863 3176 1996 3256 Breide,

315 3305 372 3371 pro
396 3282 566 3348 animabus
589 3292 655 3347 tem
678 3305 746 3364 sua,
771 3304 866 3368 quam
889 3293 921 3345 et
944 3303 1074 3346 suorum
1099 3289 1266 3368 parentum
1288 3293 1319 3346 et
1343 3281 1403 3346 boc
1426 3284 1486 3348 sub
1510 3293 1654 3370 tempore
1680 3283 1807 3348 abbatis
1840 3281 1875 3348 P.

455 3387 506 3454 De
529 3401 616 3454 terra
639 3387 782 3454 Platonis
810 3397 841 3455 et
871 3385 1029 3452 Johannis
1065 3391 1114 3452 sui
1146 3387 1308 3470 auunculi,
1341 3390 1400 3454 sub
1436 3401 1542 3456 moute
1587 3401 1770 3456 sauctorum
1807 3389 1926 3457 Oosme
1964 3404 1997 3458 et

316 3495 479 3560 Damiani.

460 3599 551 3666 Idem
575 3599 738 3686 predictus
762 3598 853 3665 Plato
881 3622 944 3664 una
975 3623 1046 3664 curn
1078 3599 1242 3665 Truniano
1274 3623 1332 3666 suo
1366 3602 1525 3667 auunculo
1557 3616 1588 3668 et
1618 3605 1757 3690 quodam
1789 3604 1903 3670 Vitene
1934 3627 1995 3671 sno

316 3707 556 3792 consanguineo
582 3705 806 3771 condonarunt
829 3706 933 3772 eidem
959 3711 1151 3772 monasterio
1172 3731 1242 3773 eam
1267 3720 1392 3792 terram,
1418 3731 1480 3796 que
1504 3721 1552 3775 est
1576 3710 1618 3775 ab
1648 3722 1757 3775 austro
1790 3711 1850 3775 sub
1884 3723 1994 3777 monte

316 3817 498 3880 sanctorum
525 3811 642 3879 Oosme
667 3824 703 3894 et,
721 3813 882 3896 Damiani,
907 3835 964 3900 pro
997 3814 1166 3880 animabus
1182 3825 1246 3879 tem
1264 3835 1322 3879 sua
1345 3837 1441 3901 quarn
1466 3825 1498 3880 et
1521 3839 1650 3882 suorum
1674 3827 1851 3904 parentum,
1876 3829 1908 3884 et
1931 3820 1994 3885 hoc

317 3921 377 3987 sub
398 3933 543 4008 tempore
567 3919 694 3984 abbatis
722 3917 758 3982 P.

479 4026 531 4091 De
556 4037 642 4090 terra
665 4025 750 4089 Rosa
774 4047 886 4090 socrus
910 4023 1048 4090 Streizii.

476 4131 563 4197 Rosa
587 4129 725 4217 quedam
750 4151 862 4196 socrus
886 4129 1013 4195 Streizii
1048 4131 1193 4196 vendidit
1228 4131 1332 4196 eidem
1368 4133 1562 4196 monasterio
1586 4143 1703 4198 terram
1729 4136 1808 4201 inibi
1833 4159 1889 4222 pro
1913 4134 1991 4203 XV.

317 4239 500 4319 remanetis,
525 4248 557 4302 et
580 4237 641 4302 hoc
665 4238 725 4303 sub
749 4247 894 4325 tempore
917 4237 1044 4304 abbatis
1067 4239 1103 4304 P.

478 4341 530 4409 De
554 4347 698 4409 teritorio
723 4343 855 4408 vendito
875 4367 895 4410 a
917 4343 1076 4410 Jurainna
1099 4346 1237 4431 iuppeno
1260 4345 1293 4408 in
1317 4343 1463 4428 Sidrage.
1519 4423 1521 4428 Α

475 4449 589 4516 Eidem
615 4452 807 4515 monasterio
831 4450 977 4516 vendidit
998 4451 1157 4516 Jurainua
1179 4454 1338 4536 iuppanus
1362 4451 1401 4516 de
1424 4449 1560 4535 Sidraga
1577 4473 1668 4517 suum
1685 4455 1889 4532 territorium,
1906 4458 1995 4543 quod

318 4568 366 4624 est
389 4559 421 4622 in
439 4555 585 4642 Sidrage,
610 4581 629 4621 e
652 4567 748 4644 puteo
770 4579 873 4644 usque
896 4556 937 4622 ad
961 4556 1123 4644 palatium,
1150 4580 1206 4643 pro
1224 4579 1260 4620 eo
1276 4558 1437 4642 accipiens
1454 4559 1608 4642 optimum
1627 4560 1908 4646 equum,.testibue
1924 4561 1995 4630 his:

225 4735 228 4741 .
317 4663 466 4746 Michael,
492 4662 659 4750 Gregorio,
684 4661 806 4750 Drago,
829 4663 1028 4746 Prestancio,
1054 4664 1167 4745 Druse,
1191 4661 1327 4743 Petriaa,
1353 4673 1384 4726 et
1409 4662 1468 4728 hoe
1492 4662 1552 4727 sub
1577 4675 1721 4752 tempore
1745 4665 1872 4732 abbatis
1896 4667 1932 4733 P.

469 4769 520 4834 De
545 4779 631 4834 terra
654 4793 751 4857 quam
771 4772 803 4834 iu
827 4769 939 4835 eodem
965 4768 1035 4835 loco
1059 4769 1204 4834 vendidit
1231 4767 1388 4834 Dedacha'
1411 4768 1559 4836 villanus.

467 4874 582 4940 Eidem
615 4877 808 4942 monasterio
840 4875 986 4941 vendidit
1017 4899 1107 4940 suam
1138 4887 1255 4940 terram
1288 4873 1444 4940 Dedacha
1473 4875 1611 4941 vrllanus
1643 4899 1701 4963 pro
1725 4877 1783 4943 III.
1808 4885 1992 4965 romenatis,

318 4983 453 5049 testibus
467 4979 682 5047 Ohrucbenna
698 4984 877 5069 postiuppo,
890 4993 922 5047 et
939 4981 1116 5068 Vitadrago
1131 4990 1163 5047 et
1174 4981 1245 5046 eliis
1265 4981 1420 5069 pluribus,
1441 4991 1472 5046 et
1492 4981 1552 5047 hoc
1568 4981 1627 5048 sub
1650 4994 1793 5072 tempore
1811 4985 1938 5052 abbatis
1956 4987 1994 5054 P.

477 5087 527 5153 De
552 5089 647 5153 vinea
670 5108 764 5176 quam
789 5087 879 5154 dedit
903 5087 1069 5153 Nassemir
1097 5086 1299 5152 Gussiohius.

475 5193 590 5258 Eidem
615 5197 808 5260 monasterio
832 5195 965 5259 donauit
987 5192 1154 5285 Nassemir
1181 5191 1381 5276 Gnesiobius,
1407 5192 1511 5259 factus
1527 5194 1648 5260 ibidem
1665 5197 1851 5282 monachus,
1870 5199 1987 5266 bonam

321 5301 447 5365 vineam
473 5301 503 5363 in
531 5298 726 5387 Nabryskia,
768 5300 903 5366 testibus
929 5301 1034 5386 priore
1058 5298 1248 5385 Dragoslao,
1273 5309 1305 5362 et
1324 5299 1463 5364 Michael
1495 5311 1526 5366 et
1556 5300 1715 5387 Gregorio
1745 5313 1777 5369 et
1807 5303 1992 5376 Prestencio
2027 5377 2029 5382 ,

320 5417 353 5478 et
376 5403 487 5494 Drago
506 5404 547 5470 de
570 5403 725 5494 Castriaa,
746 5415 778 5472 et
800 5405 860 5472 hoc
883 5405 943 5472 sub
967 5416 1110 5494 tempore
1131 5404 1259 5471 abbatis
1284 5405 1320 5471 Ρ.
1349 5424 1353 5433 ·
