4300 5930
443 607 717 690 CLXXXIV.
749 607 858 692 1186.
887 607 947 690 at.
975 608 1106 708 rujna
1145 607 1510 696 Ultubrovniku.

137 781 342 847 Dabrovriaai
364 787 531 858 oroeanja
552 787 610 844 mir
632 803 647 846 e
672 788 789 847 velitiae
812 786 957 860 luponem
992 787 1167 861 Nemnrriem
1196 788 1207 845 ι’
1236 788 1385 862 njmounm
1416 781 1533 846 ὺνιιὸοιιι
1563 787 1767 847 Strosiimironr
1802 781 1815 842 i

874 891 1080 951 Miroslauom.

291 1080 328 1146 In
352 1082 482 1144 nomine
506 1082 606 1167 patris
631 1090 663 1143 et
684 1078 744 1144 filii
767 1089 799 1144 et
822 1079 954 1163 spiritus
975 1079 1075 1142 saneti
1100 1101 1203 1142 amen.
1229 1081 1320 1144 Anno
1339 1080 1482 1146 eiusdem
1502 1083 1731 1147 incarnationis
1748 1083 1815 1146 rnil-

15 1189 16 1194 ’
131 1186 253 1251 lesimo
276 1185 452 1251 centesimo
478 1187 676 1268 octogesimo
699 1195 801 1265 sexto,
826 1183 1001 1248 indictione
1025 1184 1147 1268 quinta,
1173 1186 1292 1248 mensis
1317 1185 1520 1270 septembris,
1545 1187 1597 1251 die
1633 1198 1817 1252 sanatorum

130 1291 256 1357 Cosme
278 1304 310 1356 et
334 1289 497 1358 Damiani.
520 1289 556 1354 ln
583 1293 713 1354 ciuitate
738 1290 882 1374 Ragusii,
905 1291 936 1352 in
961 1290 1050 1352 ouria
1075 1288 1195 1352 domini
1220 1289 1445 1373 gloriosissimi
1478 1295 1563 1378 regie
1597 1291 1818 1379 Wssadisuui)

130 1407 166 1462 et
191 1397 314 1462 domini
338 1395 473 1460 Tribuni
497 1395 741 1482 archiepiscopi,
766 1397 799 1459 in
824 1396 987 1480 presentia
1010 1404 1042 1459 et
1065 1393 1269 1478 Taeeligardi
1295 1397 1380 1478 regie
1402 1398 1569 1460 camerarii
1594 1420 1633 1460 ao
1663 1396 1814 1462 Gernnsii

132 1503 279 1581 eomitie,
302 1511 556 1586 sanatorumque
581 1501 736 1566 nobilium
759 1514 790 1565 et
814 1501 924 1587 populi
949 1501 1102 1564 uniuersi.
1126 1499 1224 1565 Venit
1246 1499 1412 1565 Neudalue
1437 1503 1574 1587 iupanua
1598 1514 1630 1566 et
1651 1503 1819 1566 Drusinna

136 1607 319 1689 eetniebus,
358 1606 488 1671 Vidossi
511 1605 606 1687 filius,
632 1629 674 1672 ex
699 1619 789 1692 parte
814 1607 922 1690 magni
947 1607 1056 1691 iupani
1081 1604 1257 1687 Nemanne,
1282 1615 1314 1670 et
1337 1605 1472 1670 fratrum
1494 1608 1562 1672 eiua
1589 1607 1714 1671 comitis
1732 1609 1820 1671 Stra·

134 1713 246 1776 aimiri
271 1721 303 1776 et
326 1713 453 1776 comitis
489 1709 667 1793 Miroalaui,
704 1731 839 1796 quorum
876 1711 1054 1775 locutiones
1089 1711 1266 1790 audientes,
1304 1711 1576 1799 archiepiscopus,
1610 1715 1819 1794 camerarius,

137 1839 253 1882 eomes
276 1839 348 1881 oum
372 1815 535 1880 nobilibus
559 1827 591 1879 et
615 1815 742 1902 populo,
766 1816 827 1880 heo
850 1819 963 1881 ordine
987 1837 1096 1902 paoem
1130 1816 1285 1882 fecerunt.
1318 1815 1497 1882 Videlicet:
1529 1829 1563 1880 ut
1587 1820 1694 1882 omnia
1726 1817 1819 1899 mala,

135 1943 206 2008 que
230 1931 316 1987 retro
340 1929 484 2006 tempore
506 1931 579 1986 aeta
597 1921 727 1986 fuerunt
750 1923 834 1986 inter
856 1923 1024 2008 Raguseos
1057 1932 1089 1986 et
1126 1920 1260 1986 Solanon
1293 1943 1350 2007 pro
1387 1921 1442 1986 lite
1476 1921 1517 1986 de
1554 1925 1668 2005 vineis,
1703 1922 1817 2008 galeis,

135 2028 279 2113 sagittis,
303 2025 479 2108 bominum,
505 2025 691 2090 animalium
717 2037 750 2092 et
773 2029 916 2092 omnium
939 2049 1058 2098 rerum.
1083 2049 1125 2091 ex
1145 2037 1282 2114 utraque
1306 2039 1397 2112 parte
1421 2049 1523 2114 neque
1547 2028 1587 2092 ad
1612 2028 1698 2093 diem
1722 2030 1818 2094 istum

133 2135 170 2197 in
197 2155 277 2219 paee
299 2143 497 2211 remaneant,
523 2141 555 2196 et
588 2153 753 2218 nunquam
789 2143 1042 2198 rememorentur
1072 2136 1157 2198 omni
1190 2143 1344 2218 tempore,
1379 2133 1469 2197 salua
1499 2146 1607 2200 tamen
1642 2131 1820 2200 hereditate

15 2323 16 2332 ἵ
135 2238 365 2323 Regueeorum
389 2260 486 2325 quam
507 2239 685 2324 antiquitus
709 2238 922 2322 possederunt
945 2262 987 2303 ex
1012 2239 1167 2324 patribus,
1193 2261 1235 2303 ex
1257 2239 1328 2303 auis
1348 2249 1380 2302 et
1415 2242 1544 2324 proauis
1577 2241 1644 2304 auis
1676 2262 1734 2326 pro
1776 2263 1820 2321 ee,

140 2353 282 2430 excepto
305 2341 410 2407 looum
435 2343 541 2426 Regat
560 2353 593 2407 et
616 2346 702 2408 omni
730 2393 736 2406 .
764 2397 769 2406 .
796 2345 827 2407 in
855 2343 925 2428 lege
946 2342 1095 2409 habende
1119 2353 1194 2408 sunt
1218 2346 1331 2430 posite.
1352 2343 1395 2408 Et
1417 2345 1503 2430 quod
1528 2367 1641 2410 secure
1676 2345 1818 2430 Ragueei

137 2471 201 2535 per
225 2459 325 2514 totam
348 2458 466 2513 terram
491 2447 629 2528 illorum,
653 2450 839 2513 nominatim
866 2459 992 2535 portum
1014 2448 1164 2531 Narente,
1191 2447 1372 2530 mercando,
1397 2449 1584 2528 laborando,
1609 2449 1771 2536 paseendo
1787 2463 1820 2514 at

136 2576 201 2618 aua
223 2555 365 2640 reposita
387 2552 574 2640 recipiendo
590 2553 651 2640 (et)
671 2553 759 2639 ligna
783 2553 956 2618 incidendo
980 2566 1125 2640 pergant,
1151 2556 1220 2620 eine
1243 2553 1309 2618 ullo
1333 2555 1504 2636 contrario,
1529 2555 1706 2620 secundum
1738 2555 1818 2620 anti-

137 2680 238 2746 quam
262 2660 539 2742 consuetudinem,
564 2669 596 2724 et
618 2661 688 2724 eine
711 2659 820 2746 alique
846 2661 973 2724 deeima
996 2682 1058 2746 que
1082 2683 1125 2725 ex
1149 2682 1233 2724 nouo
1264 2682 1362 2745 super
1385 2659 1552 2745 Raguseos
1586 2663 1690 2746 posita
1721 2659 1820 2724 fuit¹

15 2767 17 2810 ?
136 2765 184 2828 Et
206 2775 240 2830 ut
263 2787 321 2829 vas
344 2766 510 2851 antiquum
532 2765 576 2842 ,de
601 2765 703 2828 vineis
727 2765 869 2846 tollatur,
895 2785 952 2852 pro
976 2765 1095 2852 quibus
1119 2777 1215 2830 antea
1238 2775 1405 2851 acceptum
1423 2764 1493 2829 fuit.
1518 2764 1561 2828 Et
1584 2765 1670 2850 quod
1699 2765 1819 2830 eolides

138 2869 230 2935 nullo
255 2892 406 2956 umquam
432 2882 577 2957 tempore
600 2893 697 2957 super
720 2871 889 2956 Ragueeoe
914 2883 1051 2958 querant
1074 2887 1129 2936 eut
1152 2873 1324 2957 accipiant,
1345 2873 1429 2935 siout
1454 2871 1542 2956 prius
1567 2880 1651 2935 retro
1675 2879 1820 2958 tempore

137 2989 336 3062 acceperunt
358 2999 417 3062 pro
434 2975 522 3041 nulla
538 2975 632 3062 eulpa
649 2975 868 3062 quorumlibet
886 2977 1065 3042 hominum.
1085 2977 1165 3042 ltem
1183 2976 1290 3041 Selaui
1310 2986 1343 3039 ut
1357 2999 1377 3040 a
1393 2986 1483 3062 perte
1498 2976 1631 3062 Regueii
1649 2977 1714 3040 aint
1729 2975 1821 3056 salui,

15 3129 17 3162 ,
137 3093 175 3145 et
196 3080 319 3145 nnllam
343 3081 461 3145 malum
486 3083 529 3145 sit
552 3085 598 3145 eia
622 3106 642 3146 a
666 3083 823 3167 Raguseis
849 3105 906 3169 per
929 3093 1047 3147 terrem
1072 3093 1127 3147 aut
1152 3105 1210 3168 per
1231 3067 1328 3163 lirare,
1353 3092 1385 3146 et
1411 3081 1537 3146 nullam.
1554 3083 1734 3167 captionem
1768 3082 1819 3146 he·

139 3187 239 3250 beant
260 3189 329 3252 siue
353 3189 483 3251 iustitie.
508 3185 552 3250 Ει
575 3180 683 3252 Solaui
708 3186 965 3269 deOhelmania,
995 3200 1028 3252 ut
1052 3210 1110 3274 per
1144 3189 1309 3252 ciuitatem
1343 3187 1397 3251 ubi
1433 3187 1596 3252 voluerint
1630 3197 1748 3252 emant.
1780 3187 1824 3252 Et

140 3292 225 3376 quod
249 3291 391 3376 Ragueei
416 3340 424 3357 .
450 3344 456 3358 .
483 3315 544 3356 non
566 3302 713 3379 querant.
737 3299 778 3357 ut
800 3292 884 3379 quod
910 3315 975 3379 pax
999 3315 1056 3379 pro
1079 3292 1166 3356 nulla
1189 3316 1224 3358 re
1247 3302 1303 3357 aut
1319 3293 1414 3378 eulpa
1430 3292 1611 3379 aliquorum
1629 3292 1822 3380 (bominum)

143 3399 243 3484 proici
269 3399 369 3483 possit
401 3408 565 3484 perpetue,
602 3399 658 3463 sed
690 3421 825 3486 quorum
851 3449 857 3463 .
884 3446 891 3462 .
918 3399 1014 3462 fuerit
1051 3421 1107 3482 per
1143 3400 1297 3462 iustitiam
1332 3398 1531 3463 emendetur.
1567 3401 1702 3484 Insuper
1735 3399 1821 3484 quod

141 3506 285 3569 innimioi
310 3503 450 3584 illorum,
476 3503 653 3589 Ragusium
673 3505 798 3584 stende,
815 3504 880 3568 illie
897 3515 928 3568 et
947 3516 1031 3568 terre
1048 3526 1159 3568 eorum
1177 3527 1240 3567 non
1257 3503 1430 3572 offendant.
1448 3515 1480 3567 et
1496 3504 1582 3591 quod
1598 3503 1821 3589 Ragueeorum

141 3611 262 3674 inimici
287 3611 319 3674 in
344 3619 431 3674 terra
454 3609 581 3674 illorum
606 3610 730 3691 stando,
756 3611 914 3695 Ragueeie
939 3633 1001 3674 non
1037 3609 1212 3674 offendant.
1248 3609 1342 3673 Hane
1366 3633 1477 3696 paoem
1501 3633 1574 3674 eum
1607 3611 1819 3696 megaiupano

142 3715 320 3796 Nemenos,
345 3715 533 3780 Straaimiro
558 3715 619 3801 (et)
642 3715 827 3796 Miroelauo,
861 3737 919 3779 noe
953 3716 1092 3799 Ragusei
1125 3715 1271 3794 fecimus,
1303 3725 1335 3779 et
1366 3715 1468 3801 (enm)
1502 3713 1676 3780 heredibus
1709 3737 1820 3780 eoram

142 3831 174 3885 et
195 3830 283 3885 terra
307 3819 444 3902 illorum,
470 3829 505 3886 ut
537 3843 679 3907 perenne
711 3821 804 3885 firma
841 3831 1008 3907 permanet
1042 3823 1127 3884 omni
1162 3829 1316 3906 tempore,
1350 3818 1441 3884 salua
1476 3830 1590 3884 tamen·
1618 3821 1760 3884 iussione
1791 3831 1823 3885 et

141 3924 344 3991 ordinatione
367 3935 464 4012 atque
486 3925 641 3991 fidelitate
664 3926 785 3990 domini
812 3929 912 3990 nostri
936 3924 1161 4010 gloriosissimi
1186 3927 1282 4009 regie.
1308 3924 1350 3989 Et
1371 3947 1429 3990 noe
1458 3924 1601 4010 Regueei
1633 3936 1667 3989 ut
1699 3925 1821 3990 nullum

144 4029 220 4118 quid
247 4052 420 4118 queremus
444 4056 463 4095 a
487 4033 701 4118 megainpano
724 4042 756 4096 et
775 4033 844 4096 eius
868 4031 1021 4096 fratribus
1046 4031 1115 4096 eiua
1147 4033 1270 4095 ratione
1301 4054 1356 4094 sao
1379 4076 1388 4095 .
1413 4081 1420 4094 .
1445 4053 1520 4095 uex.
1558 4040 1590 4095 et
1620 4030 1680 4095 hee
1711 4041 1824 4094 saneta

147 4138 325 4223 patrocinia
348 4136 459 4223 (atque
484 4137 535 4200 dai
560 4136 744 4223 euangelia)
760 4147 793 4202 et
810 4159 889 4202 orux
907 4146 1027 4216 saneta,
1046 4134 1208 4236 boelquod
1227 4135 1278 4199 bio
1293 4137 1449 4222 seriptum
1467 4146 1516 4200 eet
1532 4147 1688 4200 tenemur.
1705 4134 1821 4200 Amen.

809 4359 811 4364 v
848 4330 961 4414 Ηιςι
985 4345 1056 4394 earu
1081 4349 1197 4394 nanum
1221 4349 1308 4394 anam
1331 4349 1364 4392 ra
1389 4347 1611 4406 nonannoeane

849 4437 876 4518 †
900 4435 964 4516 bre
988 4455 1077 4516 neers
1101 4435 1277 4514 umectum
1302 4433 1399 4498 liram
1424 4453 1457 4498 ra
1480 4453 1497 4498 ιι
1522 4453 1718 4509 nonanoeane.

300 4685 412 4741 bietine
435 4704 489 4743 ova
514 4687 613 4756 pisana
636 4703 673 4742 na
696 4687 860 4760 pergameni
883 4687 892 4740 i
915 4685 1099 4757 prilj0pijena
1121 4702 1158 4740 na
1181 4687 1289 4756 piatnu,
1316 4683 1450 4741 oltedena
1468 4687 1500 4755 je
1523 4703 1560 4741 aa
1577 4685 1692 4758 mnogib
1709 4687 1822 4758 mieetib

145 4773 220 4840 take,
244 4775 284 4828 da
307 4791 337 4830 aa
359 4773 445 4830 taikn
466 4773 598 4848 probitati
623 4778 716 4840 mode,
741 4793 778 4829 nu
802 4773 903 4829 badadi
929 4775 965 4827 da
988 4791 1018 4827 se
1037 4773 1085 4842 joi
1107 4773 1161 4828 dra
1186 4775 1308 4847 prepiaa,
1332 4774 1425 4831 naimo
1444 4766 1535 4844 jedna
1557 4774 1724 4840 surremeni,
1738 4775 1819 4830 take·

143 4861 203 4932 djer
218 4862 367 4934 mederer,
384 4863 391 4915 i
408 4881 446 4918 na
460 4863 630 4934 pergameni,
654 4879 672 4916 a
690 4863 771 4934 drugi
788 4878 890 4933 mnogo
907 4860 1010 4931 kaeniji
1033 4877 1070 4914 na
1092 4861 1202 4930 paphu,
1222 4861 1327 4927 aalma,
1351 4869 1380 4916 to
1402 4879 1461 4915 eam
1475 4860 1571 4916 kelikn
1598 4861 1688 4932 bijate
1704 4860 1823 4932 mogoda

144 4951 168 5002 ia
191 4949 232 5003 tib
258 4949 362 5019 drajub
388 4951 442 5020 moj
465 4951 561 5021 prepia
583 4950 718 5022 popnnio.
755 4950 864 5004 Svana
888 4967 924 5002 na
950 4947 1061 5002 eavitlru
1097 4947 1232 5019 napieano
1265 4950 1308 5018 ja:
1348 4948 1439 5005 1186.
1475 4949 1529 5004 deu
1567 4949 1616 5005 at.
1653 4948 1822 5020 September

300 5153 308 5190 ¹
334 5159 360 5216 U
383 5139 500 5233 drugom
524 5160 638 5232 prepieu
661 5159 733 5214 ima:
766 5167 793 5214 et
828 5167 859 5213 ut
893 5157 1010 5214 tollatur
1044 5158 1152 5215 deeima
1188 5176 1245 5232 qua
1277 5158 1341 5236 (eie)
1375 5177 1408 5214 ex
1446 5175 1520 5214 nono
1554 5175 1639 5230 supra
1676 5158 1821 5231 aegusam

143 5247 237 5318 posita
259 5245 322 5303 fuir.
