4310 5918
1797 407 1841 474 85

152 588 238 676 quod
269 592 335 654 sint
367 591 488 657 nullius
522 590 655 666 valoris,
685 603 717 658 at
744 593 805 658 boo
837 603 938 672 totum
961 595 1109 660 fecerunt
1143 617 1200 682 pro
1224 617 1271 676 eo,
1297 619 1398 682 quare
1422 597 1528 663 dictus
1552 598 1701 665 dominus
1725 601 1840 668 Petrus

155 704 346 784 procurator
370 699 500 762 nomine
523 698 600 762 dicti
618 699 795 764 communis
812 709 844 764 et
860 701 1001 764 ciuitatis
1018 709 1050 766 et
1074 700 1194 786 populi,
1219 685 1427 787 inperpetuo
1452 703 1573 780 eisdem
1601 705 1730 770 domino
1755 709 1836 790 epis·

151 824 242 887 copo,
268 801 401 885 decano,
427 805 590 868 canonicis
621 812 654 868 et
684 803 834 890 capitulo,
868 807 1011 891 ipsorum
1043 808 1173 870 nomine
1204 817 1236 870 et
1267 806 1422 872 ecclesiae
1454 811 1685 894 recipientibus
1717 812 1834 877 ibidem

150 906 251 988 dedit,
269 907 367 974 soluit
382 917 413 973 et
430 911 613 974 numerauit
629 911 661 974 iu
682 910 824 974 denariis
840 911 1103 998 aquilagensibus
1123 911 1268 976 marchas
1299 914 1442 999 quinque
1460 925 1597 992 centum,
1617 939 1697 1002 quas
1715 916 1834 982 ibidem

150 1013 183 1075 in
206 1014 387 1078 continenti
420 1014 526 1080 dictus
557 1015 706 1080 dominus
736 1017 917 1102 episcopus,
951 1017 1102 1097 decanus,
1136 1020 1292 1098 canonici,
1325 1027 1357 1081 et
1388 1020 1563 1105 capitulum
1596 1021 1681 1086 dicto
1706 1021 1835 1086 Danieli

151 1116 262 1182 David
289 1117 383 1182 iudeo
408 1121 580 1206 praesenti,
600 1131 632 1184 et
654 1121 821 1208 recipienti
847 1123 878 1185 in
904 1120 1094 1195 solutionem
1120 1120 1196 1186 dicti
1221 1121 1322 1186 debiti
1347 1123 1514 1204 dederunt,
1539 1137 1571 1188 et
1602 1125 1786 1209 soluerunt3
1803 1138 1836 1190 ot

148 1223 219 1309 ipse
245 1223 364 1290 Daniel
397 1224 505 1290 David
541 1225 671 1292 eosdem
707 1227 839 1313 reecpit,
873 1237 905 1292 et
939 1225 1070 1292 eosdem
1106 1227 1145 1292 de
1181 1227 1269 1292 dicta
1290 1250 1417 1292 summa
1449 1229 1616 1316 quietauit,
1642 1241 1674 1294 et
1696 1231 1835 1296 absoluit

150 1327 284 1396 ibidem.
808 1327 810 1334 '

292 1453 392 1519 .Item
417 1456 513 1520 etiam
537 1455 642 1521 dictus
677 1455 825 1520 dominus
849 1455 975 1539 Petrus,
1000 1457 1128 1520 nomine
1151 1455 1229 1524 dicti
1253 1459 1432 1522 communis
1456 1467 1488 1524 et
1512 1459 1663 1540 ciuitatis,
1688 1459 1778 1524 dedit
1802 1471 1833 1524 et

148 1562 314 1624 concessit
336 1583 394 1647 per
417 1563 449 1624 in
471 1571 624 1647 perpetuo
648 1565 680 1626 in
701 1560 799 1642 villis,
832 1572 863 1626 et
883 1564 1011 1626 rusticis
1035 1561 1255 1626 habitantibus
1279 1563 1312 1626 iu
1337 1562 1409 1639 illis,
1434 1565 1504 1627 sitis
1541 1573 1604 1626 tam
1629 1565 1660 1628 in
1686 1565 1832 1630 districtu

146 1663 310 1748 Tergesti‚
327 1689 423 1752 quam
447 1676 540 1731 extra
564 1666 696 1746 eisdem,
734 1667 863 1732 domino
894 1670 1056 1754 episcope,
1089 1666 1220 1747 decano,
1253 1670 1425 1750 canonicis,
1458 1667 1597 1754 capitulo
1624 1679 1656 1734 et
1678 1668 1835 1734 ecclesiae

146 1791 277 1834 omnem
301 1771 556 1837 iurisdictionem
579 1782 610 1837 et
645 1773 797 1838 iustitiam
820 1783 852 1838 et
875 1772 998 1858 regalia
1018 1793 1101 1858 quae
1129 1795 1299 1838 commune
1323 1772 1490 1859 hucusque
1520 1773 1641 1856 habuit,
1667 1785 1698 1838 et
1722 1776 1833 1853 tenuit,

147 1873 249 1964 saluis
273 1898 402 1962 semper
425 1879 588 1942 communi
612 1877 833 1942 iurisdictione
853 1887 885 1942 et
908 1879 1030 1942 iustitia
1052 1879 1084 1942 in
1109 1878 1282 1963 praedictis
1306 1879 1346 1944 de
1370 1879 1555 1962 homicidio,
1580 1881 1674 1960 furto,
1696 1880 1833 1962 robaria,

146 1989 177 2045 et
202 1981 350 2047 membro
375 1983 520 2066 manebo,
546 1993 577 2048 et
602 1983 701 2066 saluo,
723 1983 809 2070 quod
833 1983 910 2048 dicti
934 1986 1046 2048 rustici
1081 1983 1221 2049 debeant
1253 1982 1378 2048 soluere
1411 1988 1562 2070 angarias
1596 1987 1776 2049 communis
1803 1997 1836 2049 et

146 2108 203 2173 pro
229 2109 402 2152 commune
426 2089 602 2175 impositas,
633 2099 665 2153 et
688 2093 733 2152 irc
757 2112 830 2154 cum
854 2091 953 2153 armis
985 2100 1129 2175 tompore
1162 2111 1287 2172 guerre,
1321 2100 1353 2154 ct
1386 2089 1513 2175 quando
1549 2090 1753 2155 mandabitur
1777 2114 1834 2177 per

145 2213 319 2257 commune
343 2201 375 2257 et
398 2215 470 2258 cum
494 2192 688 2260 animalibus
711 2203 742 2258 et
765 2194 913 2258 curribus
938 2217 1046 2258 eorum
1072 2193 1182 2259 labore
1207 2192 1251 2258 ad'
1271 2197 1438 2259 seruitium
1462 2196 1657 2260 communis.
1739 2179 1744 2186 ⁸

308 2315 388 2381 Item
413 2317 512 2402 dedit,
535 2319 696 2382 concessit
719 2317 837 2384 dictam
859 2327 989 2408 mutam,
1004 2318 1079 2382 dicti
1098 2318 1276 2382 communis
1301 2326 1333 2380 et
1355 2318 1494 2382 ciuitatis
1520 2317 1662 2399 Januae,
1687 2317 1833 2404 Riburgi,

144 2419 183 2484 ed
209 2420 366 2486 honorem
391 2421 442 2487 dei
467 2434 498 2487 et
521 2421 615 2488 beate
645 2423 770 2488 Mariae
800 2433 832 2487 et
865 2426 966 2487 sancti
1001 2423 1085 2488 Justi
1127 2424 1287 2510 martyris,
1312 2432 1343 2486 et
1366 2445 1423 2507 pro
1449 2433 1605 2508 perpetua
1631 2426 1833 2508 reparatione

143 2527 304 2592 ecclesiae
337 2529 521 2608 eorundem,
546 2528 740 2616 exigendam
765 2551 781 2591 a
808 2527 991 2594 forensibus
1024 2527 1229 2594 venientibus
1252 2527 1305 2592 vel
1328 2527 1524 2592 exeuntibus
1549 2551 1621 2590 cum
1648 2529 1833 2592 mer-cadan-

144 2635 206 2714 tiis,
233 2633 411 2699 secundum
439 2635 569 2700 modum
593 2645 625 2700 et
648 2633 782 2700 formam
807 2645 977 2701 consuetos
1002 2657 1058 2720 per
1083 2656 1252 2700 commune
1277 2631 1441 2718 hucusque
1467 2641 1498 2695 et
1522 2655 1583 2696 nou
1609 2632 1700 2697 olias.

305 2757 385 2823 Item
410 2759 507 2824 edam
528 2781 586 2846 pro
611 2759 733 2824 ratione
758 2757 863 2822 dictae
887 2765 993 2822 mutae
1016 2757 1078 2842 ipsi
1103 2758 1283 2842 episcopus,
1308 2755 1463 2835 canonici,
1499 2753 1684 2840 capitulum,
1719 2768 1750 2820 et
1782 2781 1831 2820 eo-

144 2862 254 2945 clesia,
281 2864 313 2928 iu
339 2873 528 2950 perpetuum
552 2873 677 2950 portent
694 2885 793 2928 onera
816 2885 898 2950 quae
915 2885 1085 2927 commune
1109 2861 1249 2928 faciebat
1268 2863 1304 2924 in
1326 2860 1564 2928 reedificatione
1589 2863 1731 2948 pontium
1759 2883 1824 2926 mu-

144 2977 260 3050 tarum,
287 2979 319 3034 et
338 2968 473 3036 aliarum
494 2992 608 3048 rerum
627 2963 775 3053 ciuitatis,
800 2991 873 3034 cum
898 2968 1140 3054 lignaminibus.

304 3093 385 3158 Item
411 3094 556 3178 promisit
579 3102 611 3158 et
632 3115 667 3158 se
690 3093 848 3177 obligauit
863 3095 895 3158 in
921 3103 1111 3178 perpetuum
1132 3091 1234 3158 dictos
1251 3090 1417 3156 dominum
1441 3093 1637 3176 episcopum,
1662 3091 1830 3174 decanum,

142 3199 329 3279 canonicos,
353 3197 540 3283 capitulum,
575 3197 755 3281 ecclesiam,
781 3198 867 3264 bona
889 3205 921 3262 ot
949 3199 1020 3262 iura
1047 3197 1232 3272 eorundem,
1255 3220 1274 3259 a
1298 3196 1545 3282 quibuscunque
1569 3196 1773 3262 robatoribus
1798 3210 1830 3263 et

144 3302 237 3368 malis
263 3297 447 3368 hominibus
472 3302 641 3370 bonafide
667 3303 811 3385 verdone,
830 3311 862 3368 et
881 3302 1059 3384 defensare,
1085 3313 1116 3368 et
1139 3311 1347 3366 manutenere
1372 3324 1430 3366 suo
1455 3323 1562 3386 posse.

305 3426 386 3491 Item
411 3429 553 3490 cessauit
576 3449 687 3492 omnes
720 3428 896 3490 sententias
928 3435 960 3489 et
990 3424 1275 3490 condemnationes
1306 3423 1410 3488 factas
1444 3434 1556 3488 contra
1588 3400 1772 3506 familiares,
1798 3437 1830 3489 et

144 3535 284 3598 rusticos
326 3533 562 3617 praedictorum
598 3543 629 3596 et
665 3531 831 3610 ecclesiae,
864 3541 896 3596 et
919 3531 952 3596 iri
987 3530 1158 3616 praedictis
1194 3529 1360 3594 constituit
1393 3521 1529 3592 eosdem⁴
1558 3539 1590 3593 et
1627 3553 1829 3596 successores

143 3661 255 3704 eorum
289 3649 322 3704 et
345 3637 513 3715 ecclesiam
538 3662 596 3733 per
619 3641 651 3702 in
678 3647 832 3724 perpetuo
863 3658 1066 3724 possessores
1089 3645 1122 3699 et
1144 3625 1301 3715 dominos,
1327 3643 1362 3696 ut
1382 3636 1413 3696 in
1439 3633 1535 3698 rebus
1566 3637 1711 3719 propriis.

304 3760 397 3842 Quae
422 3763 530 3826 omnia
553 3770 585 3826 et
615 3759 744 3845 singula
775 3783 873 3845 supra
904 3762 1016 3846 posita,
1041 3757 1137 3838 diota,
1167 3757 1260 3832 faeta,
1284 3766 1316 3818 et
1340 3757 1460 3840 scripta
1484 3760 1700 3840 promiserunt
1723 3759 1827 3822 diotae

143 3881 252 3953 partes
277 3891 336 3954 per
357 3891 392 3932 se
415 3889 554 3952 suosque
578 3889 782 3932 successores
806 3877 839 3930 et
862 3865 997 3940 heredes
1015 3867 1045 3927 iu
1074 3871 1275 3948 perpetuum,
1301 3861 1376 3925 binc
1401 3861 1475 3926 inde
1501 3885 1563 3926 rana
1587 3885 1661 3948 pars
1684 3863 1775 3927 alteri
1793 3888 1827 3928 se

143 3972 330 4059 obligando,
354 3975 455 4053 firma,
486 3984 565 4054 rata,
598 3971 739 4036 stabilita
765 3971 834 4036 fore
858 3971 941 4036 velle
965 3982 997 4033 et
1019 3993 1100 4050 esse,
1124 3979 1157 4033 et
1182 3968 1309 4047 babere,
1346 3977 1467 4048 tenere,
1491 3978 1522 4032 et
1546 3992 1685 4051 seruare,
1708 3981 1740 4033 et
1763 3995 1825 4035 non

144 4081 379 4159 contrauenire,
404 4077 464 4142 sub
489 4101 591 4164 paena
615 4077 702 4142 mille
727 4076 930 4141 marcharum
946 4078 1081 4160 argenti,
1106 4085 1139 4138 et
1155 4073 1326 4138 iuramenti
1344 4071 1490 4136 soluendi
1517 4097 1572 4158 per
1596 4077 1827 4140 contrafacien-

144 4197 206 4251 tem
231 4187 316 4272 parti
348 4207 431 4270 quae
455 4186 643 4264 seruauerit,
668 4193 700 4248 ot
722 4183 778 4247 illa
794 4192 920 4267 pagata,
938 4181 1036 4246 nihilo
1063 4183 1167 4244 minus
1184 4179 1277 4242 firma
1296 4179 1360 4242 sint
1376 4178 1571 4263 supradicta.
1597 4179 1639 4244 Et
1662 4203 1719 4264 pro
1736 4203 1825 4266 prae-

143 4291 238 4357 dictis
272 4289 422 4354 omnibus
452 4301 483 4352 et
515 4288 651 4374 singulis
682 4289 839 4374 obligauit
870 4309 933 4350 una
964 4309 1038 4372 pars
1059 4283 1150 4348 alteri
1175 4283 1250 4346 binc
1282 4282 1366 4360 inde,
1397 4284 1503 4346 omnia
1537 4283 1620 4347 bona
1643 4308 1751 4349 eorum
1777 4311 1826 4350 ec-

144 4397 262 4462 clesiae
286 4407 318 4458 et
339 4395 527 4476 communis,
548 4405 579 4457 et
602 4405 636 4458 ut
653 4396 718 4458 sint
741 4395 844 4476 magis
861 4396 1113 4482 firma,utraque
1136 4412 1209 4474 pars
1232 4387 1362 4470 ibidem,
1381 4391 1473 4460 tactis
1498 4390 1684 4471 errangeliis,
1710 4393 1828 4456 iurauit

144 4524 274 4567 seruare
299 4511 455 4585 perpetuo
479 4499 673 4584 supradicta.
700 4498 740 4561 Et
772 4498 1007 4562 mandauerunt
1030 4497 1091 4558 boc
1115 4517 1266 4578 praesens
1292 4497 1537 4557 instrumentum
1570 4519 1679 4558 eorum
1712 4497 1827 4582 sigillis
1890 4489 1894 4502 “
1925 4545 1936 4552 .

87 4667 88 4670 ,
143 4609 173 4670 in
198 4607 419 4671 testimonium
444 4603 589 4668 veritatis
614 4597 757 4686 sigillari.
777 4602 878 4666 Facta
893 4602 1022 4666 fuerunt
1038 4601 1145 4663 omnia
1166 4598 1330 4684 praedicta
1353 4601 1384 4662 in
1411 4601 1543 4662 ciuitate
1568 4600 1716 4684 'lergosti
1734 4626 1825 4688 prae-

144 4713 238 4792 dicta,
263 4715 294 4774 in
321 4709 389 4774 sala
413 4709 527 4773 domus
551 4708 753 4794 episcopalis,
777 4707 998 4792 praesentibus
1033 4705 1171 4770 dominis
1194 4702 1320 4767 Joanne
1345 4717 1376 4767 ot
1400 4705 1603 4768 llartolonreo
1629 4708 1826 4794 presbyteris

144 4819 175 4881 in
199 4817 340 4881 ccclesia
376 4826 557 4878 sanctorum
595 4825 769 4899 martyrum
795 4812 836 4877 de
866 4813 1032 4898 Tergeste.
1060 4811 1153 4874 Petro
1178 4809 1280 4894 Nigri,
1306 4809 1446 4874 Antonio
1473 4809 1666 4893 Margaritae
1691 4815 1824 4888 notario,

144 4923 277 4987 Nicolao
294 4921 335 4986 de
348 4919 468 4986 Stabiis
485 4921 619 4998 notorio,
637 4919 751 5003 Sergio
769 4917 943 5000 Laurentii,
962 4919 1087 4982 Lazaro
1103 4917 1296 5002 apoteoario,
1314 4929 1345 4978 et
1360 4915 1454 4980 Justo
1472 4908 1680 4992 rnercliatoro,
1696 4919 1822 4981 ciuibus

144 5027 302 5115 Tergesti,
329 5038 361 5090 et
385 5025 457 5090 aliis
481 5047 576 5112 quam
602 5025 747 5112 pluribus
778 5023 916 5090 testibus
938 5023 980 5087 ad
997 5021 1064 5088 'hoc
1088 5027 1211 5104 vocatis
1237 5031 1268 5085 et
1291 5023 1421 5106 rogatis.

302 5131 374 5216 Ego
396 5129 563 5195 Jobannes
586 5132 756 5216 episcopus
781 5127 983 5216 supradictus
1009 5151 1059 5192 me
1084 5129 1270 5214 subscripsi.

301 5236 374 5320 Ego
398 5235 439 5300 H.
464 5235 606 5300 decanus
630 5235 814 5321 praedictus
847 5257 903 5321 pro
928 5258 978 5299 me
1002 5245 1034 5298 et
1056 5233 1195 5319 capitulo
1218 5256 1268 5296 me
1295 5231 1481 5318 subscripsi.

302 5341 375 5426 Ego
400 5341 514 5408 Petrus
539 5339 630 5427 Nigri
655 5343 745 5406 testis
769 5340 974 5426 supradictus
1002 5340 1052 5413 bis
1076 5341 1226 5405 omnibus
1250 5339 1381 5404 interfui
1405 5349 1437 5403 et
1462 5363 1511 5403 me
1535 5339 1721 5425 subscripsi.
