4300 5930
306 391 350 484 80

306 583 472 664 sufficerat
496 581 557 646 sibi
582 583 751 667 coniugem
779 579 952 667 legitimam
977 569 1169 666 relinquere,
1194 579 1250 644 sed
1269 579 1310 643 ad
1327 603 1383 645 sue
1400 582 1505 644 anime
1522 580 1762 646 damnationem
1784 591 1989 667 perpetuam.

308 689 445 754 alteram
470 688 532 752 sibi
555 689 700 770 sociauit,
725 709 787 774 que
812 689 960 774 proxima
984 687 1273 772 consanguinitatis
1298 685 1383 754 linea
1406 687 1516 750 iuncta
1546 708 1619 752 eum
1649 687 1786 769 coniuge
1818 685 1991 752 derelicta.

306 793 357 858 Ea
381 803 511 880 propter
533 794 609 879 quia
633 792 692 856 hec
716 792 875 858 catholica
898 791 1035 858 ecclesia
1060 791 1263 878 perorrescit,
1287 791 1390 854 sancti
1414 793 1544 875 spiritus
1568 790 1677 874 gladio
1700 789 1860 864 ,feriendo
1896 791 1991 856 illum

307 901 511 986 compescite,
536 909 571 964 ut
593 897 633 962 ad
658 901 746 962 viam
768 898 969 964 rectitudinis
995 921 1068 962 eum
1090 919 1192 962 uxore
1222 897 1358 982 pristina
1389 897 1585 960 unanimiter
1619 917 1830 982 perseuerare
1868 896 1991 962 valeat

456 1004 594 1112 Iuvana:
619 1001 659 1070 G.
684 1003 871 1070 Salonitano
897 1003 1161 1090 Arcbiepiscopo.
1214 1061 1215 1066 ,

456 1201 485 1256 la
509 1218 533 1259 c.
558 1201 601 1257 lsr.
625 1201 787 1295 dvorsloga
810 1201 910 1257 arkiva
933 1220 951 1256 ιι
975 1200 1061 1272 Bada,
1086 1201 1181 1272 medju
1204 1201 1287 1272 pismi
1310 1200 1489 1272 spljetskimi.

733 1491 811 1575 CV.
839 1491 949 1574 1168.
979 1491 1014 1574 3.
1042 1491 1214 1593 siotnjn.
1245 1491 1281 1574 U
1311 1493 1576 1594 Beneventu.

308 1673 498 1734 Aletsandro
530 1669 595 1733 111.
622 1689 717 1746 papa,
756 1671 863 1731 ualuis
891 1671 1065 1730 Brutum
1100 1673 1251 1746 rimslnoqu
1282 1672 1400 1747 ebrado,
1439 1673 1480 1730 du
1509 1673 1611 1730 testtto
1641 1672 1742 1744 primu
1766 1672 1997 1746 destruuetleopu
2070 1733 2076 1746 ,

736 1778 927 1850 uodbislsupo
952 1777 1097 1854 Tadbuna,
1121 1778 1177 1836 tao
1199 1778 1369 1856 papsnsnoq
1391 1777 1559 1849 postaaita.

459 1965 648 2050 Alexander
670 1967 840 2052 episcopus
865 1988 978 2029 seruus
1003 1987 1170 2028 seruorum
1195 1965 1259 2049 dei,
1280 1965 1407 2028 dilectis
1431 1965 1705 2048 filiisabbatibus
1729 1975 1761 2031 et
1784 1968 1901 2032 ceteris
1926 1967 1992 2031 La·

310 2073 397 2153 tinis,
422 2082 488 2136 tam
513 2071 648 2154 clericis,
674 2093 768 2158 quam
794 2071 884 2134 laicis
909 2069 994 2156 apud
1022 2069 1222 2134 Dutachium
1248 2065 1532 2151 commorantibus,
1558 2070 1695 2150 salutem
1720 2083 1753 2136 et
1775 2073 1991 2158 apostolicam

310 2177 579 2242 benedictionem.
605 2175 654 2240 Ne
678 2199 755 2240 eura
779 2175 939 2240 dominice
963 2177 1034 2239 ouis
1058 2175 1117 2257 his,
1142 2177 1254 2260 quiin
1278 2176 1416 2240 diuersis
1440 2176 1551 2240 usundi
1585 2177 1731 2263 partibus
1763 2189 1838 2242 suut
1868 2179 1996 2242 consti-

310 2285 379 2364 tuti,
404 2293 514 2368 posset
539 2282 662 2364 deesse,
687 2303 839 2346 romanus
865 2279 1010 2366 pontifex
1033 2279 1113 2344 alios
1138 2283 1171 2344 in
1195 2291 1317 2366 partem
1343 2283 1486 2346 iniuncta
1517 2281 1580 2345 sibi
1612 2282 1903 2348 administrationis
1936 2305 1995 2347 vo-

311 2391 405 2468 eauit,
430 2397 464 2452 ut
489 2386 727 2451 solicitudinem
752 2399 783 2450 et
807 2409 929 2468 curem,
953 2407 1048 2472 quam
1079 2407 1212 2471 presens
1247 2409 1310 2452 uou
1337 2397 1443 2471 potest
1478 2367 1627 2452 omnibus
1663 2386 1759 2452 simul
1791 2388 1995 2475 impendere,

310 2517 368 2580 per
392 2491 463 2557 illos
488 2492 615 2558 studeat
639 2475 825 2578 diligentius
848 2493 1040 2556 ministrare.
1067 2490 1162 2555 Unde
1186 2494 1262 2576 quia
1284 2513 1343 2556 vos
1368 2515 1431 2556 non
1458 2515 1627 2578 possumus
1651 2492 1810 2580 corporali
1828 2497 1996 2580 presentia

313 2599 452 2680 visitare,
476 2621 537 2662 nee
560 2597 675 2662 fratres
699 2599 800 2661 nostri
823 2596 1014 2678 cardinales,
1041 2598 1096 2682 qui
1112 2596 1166 2660 ad
1188 2595 1343 2660 illustrem
1361 2598 1745 2684 constantinopolitanum
1763 2601 1993 2686 imperatorem

312 2727 370 2792 pro
392 2716 536 2790 tempore
560 2705 771 2786 destinantur,
797 2703 842 2768 ibi
867 2715 1002 2789 possunt
1024 2702 1257 2767 diuturniorem
1279 2705 1365 2790 apud
1391 2727 1448 2767 vos
1474 2727 1595 2768 moram
1622 2703 1750 2786 habere,
1776 2705 1994 2792 pervenera-

313 2811 409 2875 bilem
434 2819 579 2874 nostrum
602 2808 814 2896 T(ribunum)
839 2811 1029 2895 ragusinum
1052 2807 1341 2896 archiepiscopum,
1367 2811 1471 2874 virum
1496 2809 1677 2893 honestum,
1704 2811 1873 2896 prouidum
1905 2815 1991 2899 pari·

310 2926 361 2980 ter
384 2927 416 2980 et
439 2917 624 2997 discretum,
650 2937 707 2978 vos
731 2925 896 3000 tamquam
917 2913 1051 2980 dilectos
1074 2915 1160 2978 filios
1184 2913 1337 2979 duximus
1363 2915 1552 2994 visitandos,
1577 2926 1612 2978 ut
1635 2919 1708 2980 vice
1733 2929 1842 2982 nostra
1858 2943 1905 3004 aa,
1923 2942 1989 3006 qua

311 3025 473 3086 inuenerit
494 3023 578 3086 iuter
601 3041 659 3086 vos
676 3020 855 3101 euellenda,
872 3017 999 3101 coellet,
1017 3031 1048 3086 et
1064 3019 1186 3106 plantet
1202 3043 1265 3106 que
1282 3024 1409 3085 nouerit
1425 3020 1685 3109 complantanda.
1705 3021 1847 3110 Ideoque
1865 3027 1993 3089 uniuer-

311 3129 416 3192 sitatis
441 3137 547 3192 vestre
572 3127 773 3212 prudentiam
799 3148 856 3212 per
879 3127 1056 3212 apostolica
1079 3129 1199 3212 scripta
1224 3149 1401 3208 monemus,
1418 3141 1514 3213 atque
1533 3131 1735 3209 mandamus,
1753 3131 1905 3216 quatinus
1921 3117 1994 3221 pre}

312 3233 432 3299 dictum
457 3234 734 3320 arehiepiscopum
759 3233 800 3296 ad
824 3255 882 3296 vos
906 3233 1088 3296 venientem
1114 3232 1254 3317 benigne
1279 3234 1451 3318 recipiatis,
1476 3244 1508 3298 et
1531 3234 1659 3299 monitis
1692 3246 1724 3299 et
1754 3235 1915 3326 mandatis
1947 3241 1995 3324 ip-

312 3342 379 3404 sius
402 3341 435 3404 in
459 3337 520 3422 his,
547 3361 608 3426 que
632 3339 673 3402 ad
698 3337 877 3402 animarum
898 3347 1079 3402 vestrarum
1104 3347 1252 3424 spectant
1275 3335 1420 3418 salutem,
1446 3337 1609 3404 humiliter
1632 3325 1775 3406 adnuere
1799 3351 1831 3404 et
1859 3341 1995 3408 obedire

312 3447 440 3530 curetis,
466 3460 526 3509 nec
560 3445 849 3509 excommunicatis
874 3447 949 3526 suis,
975 3446 1142 3530 presertim
1165 3445 1361 3508 antiuarensi
1395 3457 1427 3508 et
1452 3443 1652 3509 dulchinensi
1686 3449 1857 3534 episcopis,
1890 3447 1996 3512 donee

312 3553 344 3614 in
379 3551 716 3615 excommunicatione
741 3551 948 3635 perstiterint,
984 3549 1222 3614 cummunicare
1258 3551 1461 3634 presumatis,
1492 3551 1536 3614 ita
1572 3550 1657 3637 quod
1692 3545 1750 3616 rios
1783 3539 1992 3618 deustionem

313 3667 454 3720 vestram
478 3656 705 3720 commendare
727 3657 896 3742 possimus,
921 3667 953 3718 et
976 3656 1098 3740 ipsein
1124 3655 1218 3733 vobis
1241 3654 1358 3719 bonam
1377 3653 1484 3737 valeat
1500 3667 1679 3722 sementem
1690 3656 1839 3742 plantare
1868 3657 1991 3724 Datum

312 3760 493 3826 Beneuenti
517 3763 611 3826 tertio
633 3783 734 3825 nonas
759 3761 905 3824 ianuarii.

462 3865 588 3932 Pendet
608 3865 697 3933 bulla
721 3864 883 3952 plumbea,
904 3864 1084 3932 Alexandri
1106 3869 1191 3931 tertii
1215 3865 1280 3932 ΡΡ.

462 4065 621 4122 Bullarium
644 4065 827 4138 Rugusinum.
851 4071 900 4124 str.
926 4065 997 4120 263.
1018 4063 1097 4136 Illyu
1123 4065 1200 4121 Sacr.
1225 4065 1259 4124 T.
1285 4065 1339 4146 Vt,
1362 4073 1410 4119 str.
1436 4042 1485 4120 8l.
1511 4068 1671 4139 pogrieiuo.

492 4447 499 4456 ,
583 4313 687 4443 cvr.
714 4357 804 4442 ouo
830 4357 926 4460 goe.
955 4355 1065 4441 uua.
1093 4357 1152 4442 ιι.
1180 4353 1365 4461 vesjau.
1392 4355 1431 4440 u
1461 4345 1724 4442 uenenum.

314 4524 504 4586 Aleksandro
526 4523 596 4618 ΙΠ.
613 4541 709 4597 popa,
732 4523 878 4597 sanjetuje
903 4540 1028 4584 nonomu
1062 4519 1256 4595 nautarum
1290 4523 1481 4595 epljetstomn
1517 4521 1664 4599 Gerordu,
1702 4523 1778 4582 reeta
1811 4539 1843 4584 sc
1878 4525 1999 4585 nebrini

315 4631 423 4692 odmen
445 4648 467 4691 u
485 4631 612 4705 potestat
634 4629 733 4690 aurite
752 4645 790 4691 aa
812 4629 895 4704 stopo
918 4631 997 4703 avoje
1019 4629 1113 4698 crtus,
1130 4630 1181 4702 jer
1206 4631 1239 4702 je
1272 4629 1370 4688 velita
1388 4629 1613 4688 'roadradeuost
1644 4629 1725 4702 proti
1758 4632 1819 4689 sebi
1847 4627 1996 4703 potuero.

476 4819 662 4886 Alexander
683 4819 854 4906 episcopus
878 4841 991 4902 seruus
1015 4841 1181 4884 seruorum
1215 4819 1277 4900 dei,
1309 4816 1487 4908 superabili
1520 4817 1610 4881 fratri
1646 4816 1785 4882 Girardo
1818 4817 1998 4904 spalatensi

314 4925 566 5013 archiepiscopo,
591 4926 767 5013 apostolice
791 4927 877 4992 sedis
900 4926 1016 5011 legato,
1040 4924 1176 4990 salutem
1212 4936 1244 4990 et
1273 4923 1482 5010 apostolicam
1516 4923 1785 4990 benedictionem.
1818 4924 1997 4991 intellectis

315 5033 533 5112 anxietatibus
558 5045 590 5097 et
614 5031 883 5098 sollicitudinibus
906 5034 981 5115 tuis,
1005 5032 1123 5117 quibus
1149 5030 1355 5096 vehementer
1368 5038 1492 5114 urgeris
1506 5053 1602 5116 super
1614 5029 1846 5095 conseruaudis
1859 5033 1997 5096 iusticiis

315 5139 450 5204 sectere
484 5152 544 5218 tue,
583 5142 660 5202 satis
685 5141 757 5202 inde
783 5149 870 5202 tuam
893 5161 1003 5203 sumus
1027 5137 1230 5225 prudentiam
1256 5137 1414 5218 admirati,
1439 5159 1477 5202 eo
1501 5137 1587 5222 quod
1613 5139 1707 5202 nimis
1731 5147 1865 5221 repente
1895 5160 1995 5223 super

315 5249 502 5332 episcopatu
527 5259 558 5309 et
580 5246 653 5307 aliia
674 5247 797 5329 ceperis
822 5245 1005 5330 questiones
1030 5265 1169 5326 mouere,
1193 5265 1265 5308 cum
1289 5241 1405 5309 deccat
1420 5246 1606 5330 epn'scopum
1629 5265 1732 5330 usque
1748 5243 1789 5308 ad
1805 5265 1926 5309 annum
1943 5245 1991 5312 ita
