4350 5932
1813 434 1855 500 65

169 621 335 686 velutdso
352 621 589 708 contemplante
606 621 780 708 dispenset.
801 621 884 686 Nam
902 621 1171 709 populusdomini
1195 622 1240 688 illi
1254 625 1445 688 commissus
1466 633 1524 705 est,
1549 633 1581 688 et
1602 646 1658 708 pro
1685 623 1855 688 animabus

169 749 283 792 eorum
308 727 360 791 hie
382 727 567 794 redditurus
601 729 662 792 erit
693 729 861 792 rationem.
893 728 1005 816 Ipsum
1027 750 1155 816 quoque
1178 728 1403 815 presbyterum
1427 727 1855 813 nomineUuiehin11s1(sie)

169 854 267 918 quem
293 832 386 896 nobis
412 832 559 898 direxisti
582 831 717 897 electum
742 836 929 920 episcopum
953 835 1214 899 consecrauimus
1234 842 1364 897 sanctae
1389 831 1545 897 ecelesiae
1571 835 1732 915 nitrensis,
1758 856 1854 918 quem

167 958 228 1002 sne
251 936 497 1024 archiepiscopo
522 940 554 1000 in
579 937 728 1002 omnihus
763 937 976 1017 obedientem,
1002 940 1095 1004 sicuti
1120 940 1221 1003 sancti
1254 959 1393 1002 canones
1429 937 1554 1018 docent,
1589 960 1660 1002 esse
1692 937 1851 1003 iubemus.
1959 1006 1961 1012 ,

63 1043 69 1052 “
166 1039 214 1104 Et
234 1041 397 1126 volumus,
429 1051 464 1108 ut
487 1044 607 1129 pariter
630 1063 702 1106 eum
727 1043 827 1128 ipsius
850 1043 1085 1129 archicpiscopi
1118 1064 1277 1116 consensu
1300 1051 1333 1106 et
1357 1041 1567 1127 prouidentia,
1592 1041 1728 1108 alterum
1761 1041 1856 1107 nobie

165 1155 246 1230 apto
270 1155 416 1234 tempore
440 1145 549 1211 utilem
574 1146 797 1234 presbyterum
821 1147 874 1212 vel
898 1147 1068 1214 diaconum
1104 1147 1235 1232 dirigas,
1259 1169 1356 1232 quem
1392 1143 1541 1210 simiIiter
1561 1148 1594 1209 in
1618 1145 1682 1212 alia
1705 1145 1855 1228 ecclesia,

167 1250 203 1313 in
228 1271 294 1336 qus
331 1251 546 1338 episcopalem
583 1250 768 1316 cathedram
810 1253 938 1316 noueris
974 1274 1044 1316 esse
1074 1254 1298 1332 necessariam,
1330 1249 1516 1314 ordinemus
1547 1273 1618 1314 esse
1653 1253 1856 1339 episcopum3

167 1363 205 1418 nt
228 1376 303 1420 eum
320 1347 375 1420 his
399 1357 523 1423 duobus
558 1379 577 1420 a
612 1357 704 1420 nobis
739 1356 894 1422 ordinatis
917 1359 1086 1444 episcopis,
1121 1357 1283 1444 praelatus
1320 1355 1582 1440 archiepiscopus
1623 1365 1741 1436 vester,
1767 1358 1858 1420 iuxta

166 1457 336 1524 decretum
375 1461 588 1548 apostolicum
620 1485 677 1550 per
717 1461 780 1526 alia
814 1461 884 1526 loca
917 1462 1091 1548 inquibus
1129 1463 1272 1550 episcopi
1310 1459 1485 1525 honorifice
1520 1459 1639 1525 debent
1672 1471 1703 1526 et
1725 1473 1858 1546 possent

166 1565 324 1647 existere,
356 1565 560 1652 postmodum
577 1566 685 1632 valeat
701 1566 857 1632 ordinare.
876 1567 1089 1655 Presbyteros
1114 1589 1200 1650 vere,
1225 1566 1388 1647 diaconos,
1412 1589 1469 1630 seu
1494 1567 1712 1652 cuiuscunque
1736 1567 1869 1638 ordinis¹

166 1667 316 1752 elericos,
342 1673 411 1734 siue
435 1670 578 1753 Selauos,
611 1673 680 1736 siue
712 1671 884 1738 cuiuslibet
917 1675 1032 1758 gentis,
1062 1675 1116 1760 qui
1153 1675 1235 1738 intra
1266 1674 1452 1760 prouinciae
1483 1683 1556 1736 tuae
1589 1674 1669 1738 fines
1702 1675 1854 1754 existunt,

168 1775 391 1860 praecipimus
415 1799 487 1840 esse
522 1776 689 1862 subiectos,
707 1787 739 1840 et
763 1777 960 1859 obedientes,
986 1779 1019 1840 in
1043 1777 1194 1842 omnibus
1217 1779 1281 1842 iam
1305 1776 1390 1842 dicto
1422 1776 1574 1840 confratri
1608 1787 1716 1840 nostro
1751 1777 1854 1840 archi·

166 1881 324 1964 episcopo
349 1891 466 1962 vestro,
490 1890 525 1945 ut
548 1880 647 1944 nichil
679 1884 809 1946 omnine
839 1891 967 1968 praeter
990 1885 1058 1947 eins
1090 1884 1318 1948 conscientiam
1342 1891 1449 1966 agant.
1481 1879 1625 1960 Quodsi
1651 1891 1855 1946 contumaces

167 1993 203 2048 et
223 1985 449 2050 inobedientes
473 1989 650 2052 existentes
674 1987 861 2052 scandalum
890 1987 1030 2075 aliquod,
1055 1999 1111 2054 aut
1130 1987 1271 2054 schisma
1296 1987 1402 2052 fecere
1426 1989 1710 2074 praesumpserint,
1730 1999 1762 2052 et
1785 1999 1857 2072 post

168 2090 308 2174 primam
330 2101 361 2154 et
385 2091 560 2156 secundam
576 2095 839 2158 ammonitionem
855 2116 890 2159 se
907 2095 1038 2159 minime
1061 2094 1275 2176 correxerint,
1299 2094 1392 2178 quasi
1416 2093 1613 2156 zizaniorum
1646 2095 1856 2156 seminatores

167 2192 214 2257 ab
237 2193 386 2259 ecclesiis
410 2206 442 2260 ct
462 2195 579 2262 finibus
601 2199 721 2262 vestris
745 2201 936 2264 auctoritate
970 2209 1080 2264 nostra
1103 2201 1317 2286 praeeIpImus
1340 2220 1411 2262 esse
1441 2195 1554 2283 procul
1577 2197 1773 2278 abiciendus,
1808 2221 1856 2262 se·

167 2298 313 2362 eundum
337 2301 560 2366 auctoritatem
596 2301 819 2387 capitulorum,
833 2323 924 2388 quae
956 2302 1003 2366 illi
1030 2302 1189 2386 dedimus,
1212 2303 1306 2368 vobis
1329 2301 1520 2366 direximus.
1546 2301 1683 2365 Litteras
1716 2301 1854 2387 denique

104 2433 105 2436 ¹
169 2401 384 2468 sclaviniscas
408 2428 427 2469 a
451 2403 663 2472 Constantino
680 2405 841 2492 quondam
859 2405 1049 2494 philosopho
1066 2417 1220 2494 repertas,
1237 2407 1355 2494 quibus
1371 2407 1432 2470 deo
1448 2401 1560 2472 laudes
1579 2405 1688 2470 debite
1705 2417 1857 2470 resonent

169 2509 244 2573 iure
266 2507 445 2574 laudamus.
470 2511 512 2575 Et
543 2511 605 2598 (ut)
640 2513 673 2576 in
697 2510 809 2577 eadem
834 2511 945 2597 lingua
980 2510 1101 2576 Christi
1125 2511 1246 2576 domini
1269 2513 1370 2576 nostri
1394 2512 1565 2597 praeconia
1590 2521 1622 2575 et
1645 2533 1743 2596 opera
1766 2534 1874 2576 enar·

124 2678 128 2685 ,
166 2627 292 2695 rentur,
318 2616 474 2680 iubemus.
498 2616 611 2702 Neque
634 2619 720 2682 enim
743 2617 846 2682 tribus
870 2625 994 2682 tantum
1019 2615 1075 2680 sed
1095 2615 1243 2682 omnibus
1268 2616 1396 2700 linguis,
1420 2615 1585 2680 dominum
1614 2614 1746 2680 laudare
1783 2639 1856 2682 auc·

168 2721 302 2783 toritate
326 2743 419 2785 sacra
442 2744 618 2804 monemur,
643 2743 726 2808 quae
749 2723 1063 2809 praecepitdicens:
1085 2721 1233 2787 Laudato
1257 2720 1422 2786 dominum
1446 2743 1557 2786 omnes
1590 2731 1712 2805 gentes,
1737 2732 1768 2784 et
1791 2722 1856 2786 eol·

167 2821 304 2890 laudate
328 2849 400 2890 eum
425 2849 534 2891 omnes
559 2827 678 2913 populi.
704 2827 747 2892 Et
770 2827 908 2914 apostoli
931 2827 1045 2913 repleti
1070 2829 1184 2913 spiritu
1208 2842 1320 2891 sancto
1342 2825 1442 2891 locuti
1466 2835 1542 2890 sunt
1566 2825 1715 2891 omnibus
1739 2825 1857 2911 linguis

169 2929 338 3014 magnalia
361 2931 423 2995 dei.
448 2931 534 2996 Hine
557 2943 589 2996 et
612 2931 731 2997 Paulus
756 2932 904 2997 coelestis
920 2953 1049 3018 quoque
1074 2931 1151 2996 tuba
1167 2933 1303 3012 insonat,
1329 2953 1485 2996 monens:
1510 2929 1625 2994 Omnis
1649 2929 1759 3015 lingua
1782 2954 1858 2996 con-

166 3032 303 3098 fiteatur
336 3039 413 3121 quia
442 3035 591 3101 dominus
624 3047 733 3101 noster
755 3037 876 3102 Jhesus
900 3036 1049 3102 Christus
1073 3039 1105 3102 in
1129 3036 1307 3122 gloriaest
1331 3035 1383 3100 dei
1400 3038 1519 3126 patris.
1545 3035 1596 3100 De
1620 3037 1737 3122 quibus
1762 3040 1858 3103 etiam

169 3138 295 3222 linguis
319 3142 352 3204 in
373 3142 477 3227 prima
499 3141 540 3204 ad
564 3138 750 3206 Corinthios
768 3141 903 3228 epistola
927 3143 1005 3206 satis
1031 3151 1063 3206 et
1086 3141 1257 3206 manifeste
1279 3164 1338 3206 nos
1361 3151 1532 3222 ammonet,
1557 3153 1715 3227 quatenus
1740 3142 1858 3227 linguis

168 3244 343 3331 loquentes
373 3244 543 3310 ecclesiam
576 3245 628 3310 dei
660 3246 877 3312 aedificemus.
902 3245 971 3311 Nec
993 3268 1071 3311 sane
1103 3245 1178 3310 fidei
1211 3245 1264 3312 vel
1294 3245 1459 3310 doctrinae
1493 3244 1616 3330 aliquid
1648 3246 1764 3330 obstat,
1788 3250 1857 3314 siue

172 3353 292 3416 missas
317 3353 350 3414 in
375 3351 485 3415 eadem
511 3350 687 3416 sclauinica
707 3351 819 3436 lingua
842 3373 968 3430 canere,
995 3353 1063 3416 siue
1080 3373 1206 3416 sacrum
1236 3347 1528 3437 euangelium,er
1554 3350 1707 3415 lectiones
1731 3352 1858 3417 diuinas

170 3457 253 3520 noui
276 3467 307 3521 et
330 3458 448 3521 veteris
471 3459 655 3522 testamenti
677 3457 758 3522 bene
775 3457 947 3522 translatas
964 3465 996 3522 et
1011 3458 1258 3542 interpretantes
1281 3455 1398 3540 legere,
1417 3465 1473 3518 aut
1493 3454 1556 3518 alia
1579 3455 1728 3520 horarum
1753 3457 1859 3522 officia

171 3563 285 3624 omnia
306 3560 453 3643 psallere.
478 3561 639 3642 Quoniam
674 3563 728 3648 qui
759 3561 837 3626 fecit
858 3571 924 3626 tres
948 3561 1075 3646 linguas
1101 3559 1304 3647 principales,
1336 3560 1510 3624 hebraeam
1543 3559 1674 3639 scilicet,
1708 3583 1856 3644 graecam

172 3676 210 3730 et
231 3665 374 3748 latinam,
395 3668 465 3752 ipse
489 3668 612 3731 creauit
635 3675 667 3731 et
689 3667 769 3732 alias
804 3689 915 3731 omnes
939 3666 979 3730 ad
1003 3664 1131 3730 laudem
1155 3675 1188 3730 et
1208 3665 1344 3750 gloriam
1369 3685 1472 3728 suam.
1496 3663 1657 3734 Jubemus
1682 3675 1799 3748 tamen
1824 3679 1859 3731 ut

171 3771 209 3834 in
233 3770 382 3835 omnibus
409 3769 556 3835 eeclesiis
588 3781 692 3836 terrae
718 3783 845 3836 vestrae
865 3781 996 3858 prepter
1036 3773 1188 3836 maiorem
1221 3769 1498 3835 honorificentiam
1534 3769 1737 3853 euangelium
1762 3769 1859 3836 latine

173 3874 310 3958 legatur,
333 3883 366 3938 et
389 3875 592 3959 postmodum
617 3875 793 3940 sclauinica
831 3874 941 3960 lingua
964 3875 1154 3940 translatum
1180 3851 1368 3940 inauribus
1393 3873 1515 3961 populi,
1548 3874 1648 3938 latina
1671 3876 1772 3941 verba
1795 3899 1858 3941 non

177 3977 401 4063 intelligentis,
424 3977 639 4044 adnuntietur.
656 3977 748 4044 Sicut
770 3983 802 4044 in
819 3980 1011 4066 quibusdam
1029 3979 1174 4046 ecclesiis
1190 3979 1260 4044 fieri
1277 3979 1414 4044 videtur.
1442 3979 1485 4043 Et
1508 3981 1535 4042 si
1558 3979 1618 4042 tihi
1642 3989 1674 4044 et
1697 3981 1857 4046 iudicibus

173 4085 240 4150 tuis
264 4083 380 4170 placet,
400 4085 515 4148 missas
538 4082 642 4156 latina
668 4083 780 4171 linqua
810 4087 913 4171 magis
946 4085 1067 4168 audire,
1096 4086 1320 4171 praecipimus,
1346 4095 1380 4150 ut
1402 4084 1500 4149 latins
1535 4086 1706 4148 missarum
1729 4085 1788 4150 tibi
1809 4109 1858 4150 so·

170 4185 295 4255 lemnia
318 4186 530 4256 celebrentur.
555 4187 641 4254 Data
661 4212 772 4265 mense
794 4189 884 4255 Iunii
914 4190 1086 4256 indictione
1107 4189 1199 4254 XIII.

334 4308 365 4363 Ia
386 4308 593 4382 vatikunskoga
615 4310 749 4382 ruhopisa
771 4311 823 4366 XI.
846 4311 945 4366 siaha:
969 4311 1114 4381 Epistolae
1136 4309 1256 4366 Ioannis
1278 4309 1356 4365 VIII.
1379 4308 1433 4380 Ep.
1457 4309 1517 4364 257
1545 4317 1605 4365 .str.
1628 4311 1678 4366 99.

637 4519 841 4602 nxxxl.
882 4521 977 4605 880.
1005 4523 1191 4624 mjeseca
1217 4521 1415 4604 studens.

178 4660 256 4719 loon
286 4653 378 4718 VIII.
393 4671 479 4730 papa
505 4671 658 4730 nopoonra
683 4653 863 4717 BronimIra
888 4657 1000 4733 oeliIcop
1032 4658 1153 4732 lupone
1175 4658 1187 4716 i
1209 4673 1262 4717 sao
1284 4657 1381 4717 sared
1404 4657 1547 4727 hruotsts',
1570 4657 1611 4718 do
1629 4663 1736 4719 ostona
1757 4661 1861 4733 ojercu

454 4761 577 4834 rtmskca·
599 4759 689 4830 crisci,
713 4761 838 4835 cajetae
858 4763 963 4823 octale
996 4763 1036 4822 cto
1058 4763 1170 4836 palaja
1193 4780 1214 4821 a
1236 4763 1305 4821 Rim
1326 4762 1405 4836 aucis
1423 4761 1589 4836 postonike.
1628 4789 1632 4796 ·

179 4887 464 4954 Excellentissimo
481 4888 551 4952 viro
568 4885 767 4968 Barnimero,
784 4887 924 4973 glorioso
940 4889 1058 4970 comiti,
1085 4897 1117 4954 et
1132 4886 1250 4953 dilecto
1274 4887 1340 4954 lille
1365 4897 1474 4954 nostro
1498 4899 1595 4976 atque
1619 4889 1767 4957 omnihus
1791 4891 1862 4959 reli·

177 4996 280 5080 gineis
304 4993 525 5060 saeerdotibus
549 5001 582 5058 et
598 4990 848 5087 ⁸honorabilibus
879 4993 1043 5059 iudicibus
1073 5003 1255 5080 cunctoque
1277 4991 1394 5080 populo
1418 5015 1484 5080 pax
1507 5005 1539 5059 et
1561 4997 1666 5082 gratia
1690 5018 1710 5059 a
1733 4996 1863 5060 domino

884 5097 988 5165 Jhesu
1012 5097 1154 5164 Christo.

339 5237 459 5304 Audita
482 5261 540 5327 per
555 5238 783 5322 Theodosium,
801 5238 1019 5304 venerabilem
1035 5240 1224 5325 episcopum
1244 5245 1398 5320 vestrum,
1417 5238 1482 5303 fide
1508 5248 1540 5302 et
1563 5237 1743 5321 deuotione,
1769 5261 1863 5326 qnam

180 5345 272 5416 cites
294 5343 406 5410 sedem
430 5343 515 5410 beati
538 5343 627 5408 Petri
653 5342 794 5434 apostoli
818 5353 850 5410 et
881 5345 983 5410 nostri
1007 5345 1163 5431 pontificii
1185 5365 1245 5410 vos
1276 5340 1396 5408 habere
1425 5345 1660 5432 cognoscimus.
1689 5343 1868 5412 Immensae

1738 5449 1761 5522 ὅ
