<?xml version="1.0" encoding="UTF-8"?>
<!DOCTYPE html PUBLIC "-//W3C//DTD XHTML 1.0 Transitional//EN"
    "http://www.w3.org/TR/xhtml1/DTD/xhtml1-transitional.dtd">
<html xmlns="http://www.w3.org/1999/xhtml" xml:lang="en" lang="en">
 <head>
  <title>
</title>
<meta http-equiv="Content-Type" content="text/html;charset=utf-8" />
  <meta name='ocr-system' content='tesseract 3.04.00' />
  <meta name='ocr-capabilities' content='ocr_page ocr_carea ocr_par ocr_line ocrx_word'/>
</head>
<body>
  <div class='ocr_page' id='page_1' title='image "./codexdiplomatic00unkngoog_0176.png"; bbox 0 0 4310 5918; ppageno 0'>
   <div class='ocr_carea' id='block_1_1' title="bbox 302 435 369 504">
    <p class='ocr_par' dir='ltr' id='par_1_1' title="bbox 302 435 369 504">
     <span class='ocr_line' id='line_1_1' title="bbox 302 435 369 504; baseline 0.09 -6"><span class='ocrx_word' id='word_1_1' title='bbox 302 435 369 504; x_wconf 81' lang='grc'>-136</span> 
     </span>
    </p>
   </div>
   <div class='ocr_carea' id='block_1_2' title="bbox 303 622 1995 1243">
    <p class='ocr_par' dir='ltr' id='par_1_2' title="bbox 303 622 1995 1243">
     <span class='ocr_line' id='line_1_2' title="bbox 303 622 1993 711; baseline -0.001 -17"><span class='ocrx_word' id='word_1_2' title='bbox 303 645 538 708; x_wconf 86' lang='lat' dir='ltr'><strong>suceessorum,</strong></span> <span class='ocrx_word' id='word_1_3' title='bbox 562 634 594 691; x_wconf 92' lang='lat' dir='ltr'><strong>et</strong></span> <span class='ocrx_word' id='word_1_4' title='bbox 617 625 870 691; x_wconf 85' lang='lat' dir='ltr'><strong>monasterium¹</strong></span> <span class='ocrx_word' id='word_1_5' title='bbox 894 624 1030 710; x_wconf 77' lang='lat' dir='ltr'><strong>predicti</strong></span> <span class='ocrx_word' id='word_1_6' title='bbox 1053 622 1305 689; x_wconf 72' lang='lat' dir='ltr'><strong>sancti&#39;l&#39;home</strong></span> <span class='ocrx_word' id='word_1_7' title='bbox 1336 623 1458 689; x_wconf 74' lang='lat' dir='ltr'><strong>situm¹</strong></span> <span class='ocrx_word' id='word_1_8' title='bbox 1479 625 1513 690; x_wconf 89' lang='lat' dir='ltr'><strong>in</strong></span> <span class='ocrx_word' id='word_1_9' title='bbox 1537 626 1668 692; x_wconf 74' lang='lat' dir='ltr'><strong>ciuitate</strong></span> <span class='ocrx_word' id='word_1_10' title='bbox 1693 623 1866 711; x_wconf 84' lang='lat' dir='ltr'><strong>Belgrado,</strong></span> <span class='ocrx_word' id='word_1_11' title='bbox 1902 627 1993 692; x_wconf 86' lang='lat' dir='ltr'><strong>idom</strong></span> 
     </span>
     <span class='ocr_line' id='line_1_3' title="bbox 303 729 1992 820; baseline -0.001 -21"><span class='ocrx_word' id='word_1_12' title='bbox 303 743 408 812; x_wconf 87' lang='lat' dir='ltr'><strong>terras</strong></span> <span class='ocrx_word' id='word_1_13' title='bbox 429 755 492 820; x_wconf 86' lang='lat' dir='ltr'><strong>que</strong></span> <span class='ocrx_word' id='word_1_14' title='bbox 514 735 547 800; x_wconf 89' lang='lat' dir='ltr'><strong>in</strong></span> <span class='ocrx_word' id='word_1_15' title='bbox 572 731 720 818; x_wconf 84' lang='lat' dir='ltr'><strong>Sydraga</strong></span> <span class='ocrx_word' id='word_1_16' title='bbox 744 733 960 814; x_wconf 78' lang='lat' dir='ltr'><strong>nominantur,</strong></span> <span class='ocrx_word' id='word_1_17' title='bbox 978 739 1012 796; x_wconf 90' lang='lat' dir='ltr'><strong>ut</strong></span> <span class='ocrx_word' id='word_1_18' title='bbox 1028 731 1093 796; x_wconf 92' lang='lat' dir='ltr'><strong>sint</strong></span> <span class='ocrx_word' id='word_1_19' title='bbox 1117 737 1307 816; x_wconf 78' lang='lat' dir='ltr'><strong>perpetrem</strong></span> <span class='ocrx_word' id='word_1_20' title='bbox 1326 729 1454 796; x_wconf 88' lang='lat' dir='ltr'><strong>illorum</strong></span> <span class='ocrx_word' id='word_1_21' title='bbox 1479 733 1587 818; x_wconf 88' lang='lat' dir='ltr'><strong>etqui</strong></span> <span class='ocrx_word' id='word_1_22' title='bbox 1611 741 1685 818; x_wconf 87' lang='lat' dir='ltr'><strong>post</strong></span> <span class='ocrx_word' id='word_1_23' title='bbox 1708 744 1818 797; x_wconf 88' lang='lat' dir='ltr'><strong>nostro</strong></span> <span class='ocrx_word' id='word_1_24' title='bbox 1841 732 1992 798; x_wconf 83' lang='lat' dir='ltr'><strong>discessu</strong></span> 
     </span>
     <span class='ocr_line' id='line_1_4' title="bbox 303 833 1994 926; baseline -0.002 -20"><span class='ocrx_word' id='word_1_25' title='bbox 303 838 393 907; x_wconf 81' lang='lat' dir='ltr'><strong>aliud</strong></span> <span class='ocrx_word' id='word_1_26' title='bbox 415 837 538 926; x_wconf 85' lang='lat' dir='ltr'><strong>aliquid</strong></span> <span class='ocrx_word' id='word_1_27' title='bbox 562 855 769 924; x_wconf 85' lang='lat' dir='ltr'><strong>corrumpere</strong></span> <span class='ocrx_word' id='word_1_28' title='bbox 799 837 1014 922; x_wconf 79' lang='lat' dir='ltr'><strong>temptauerit,</strong></span> <span class='ocrx_word' id='word_1_29' title='bbox 1039 834 1231 900; x_wconf 88' lang='lat' dir='ltr'><strong>maledictus</strong></span> <span class='ocrx_word' id='word_1_30' title='bbox 1256 835 1297 898; x_wconf 90' lang='lat' dir='ltr'><strong>sit</strong></span> <span class='ocrx_word' id='word_1_31' title='bbox 1320 858 1341 898; x_wconf 87' lang='lat' dir='ltr'><strong>a.</strong></span> <span class='ocrx_word' id='word_1_32' title='bbox 1363 833 1424 900; x_wconf 89' lang='lat' dir='ltr'><strong>deo</strong></span> <span class='ocrx_word' id='word_1_33' title='bbox 1448 837 1676 923; x_wconf 74' lang='lat' dir='ltr'>omnipotente,</span> <span class='ocrx_word' id='word_1_34' title='bbox 1699 861 1721 902; x_wconf 81' lang='lat' dir='ltr'><strong>s</strong></span> <span class='ocrx_word' id='word_1_35' title='bbox 1743 836 1840 902; x_wconf 87' lang='lat' dir='ltr'><strong>boatu</strong></span> <span class='ocrx_word' id='word_1_36' title='bbox 1864 837 1994 908; x_wconf 78' lang='lat' dir='ltr'><strong>Thema</strong></span> 
     </span>
     <span class='ocr_line' id='line_1_5' title="bbox 304 939 1995 1032; baseline -0.002 -20"><span class='ocrx_word' id='word_1_37' title='bbox 304 942 449 1032; x_wconf 74' lang='lat' dir='ltr'><strong>apostolo</strong></span> <span class='ocrx_word' id='word_1_38' title='bbox 474 952 506 1010; x_wconf 85' lang='lat' dir='ltr'><strong>et</strong></span> <span class='ocrx_word' id='word_1_39' title='bbox 528 943 570 1008; x_wconf 88' lang='lat' dir='ltr'><strong>ab</strong></span> <span class='ocrx_word' id='word_1_40' title='bbox 593 941 742 1008; x_wconf 87' lang='lat' dir='ltr'><strong>omnibus</strong></span> <span class='ocrx_word' id='word_1_41' title='bbox 762 942 882 1006; x_wconf 87' lang='lat' dir='ltr'><strong>sanctia</strong></span> <span class='ocrx_word' id='word_1_42' title='bbox 906 941 969 1020; x_wconf 91' lang='lat' dir='ltr'><strong>dei,</strong></span> <span class='ocrx_word' id='word_1_43' title='bbox 994 950 1026 1006; x_wconf 91' lang='lat' dir='ltr'><strong>et</strong></span> <span class='ocrx_word' id='word_1_44' title='bbox 1048 963 1120 1006; x_wconf 90' lang='lat' dir='ltr'><strong>cum</strong></span> <span class='ocrx_word' id='word_1_45' title='bbox 1142 939 1229 1005; x_wconf 88' lang='lat' dir='ltr'><strong>Juda</strong></span> <span class='ocrx_word' id='word_1_46' title='bbox 1253 941 1413 1027; x_wconf 71' lang='lat' dir='ltr'><strong>prartioeps</strong></span> <span class='ocrx_word' id='word_1_47' title='bbox 1429 941 1485 1006; x_wconf 87' lang='lat' dir='ltr'><strong>fiat</strong></span> <span class='ocrx_word' id='word_1_48' title='bbox 1508 943 1541 1006; x_wconf 94' lang='lat' dir='ltr'><strong>in</strong></span> <span class='ocrx_word' id='word_1_49' title='bbox 1565 951 1711 1007; x_wconf 90' lang='lat' dir='ltr'><strong>eternum</strong></span> <span class='ocrx_word' id='word_1_50' title='bbox 1735 942 1934 1024; x_wconf 90' lang='lat' dir='ltr'><strong>incendium,</strong></span> <span class='ocrx_word' id='word_1_51' title='bbox 1958 952 1995 1009; x_wconf 87' lang='lat' dir='ltr'><strong>et</strong></span> 
     </span>
     <span class='ocr_line' id='line_1_6' title="bbox 306 1033 1991 1140; baseline 0 -26"><span class='ocrx_word' id='word_1_52' title='bbox 306 1049 367 1116; x_wconf 83' lang='lat' dir='ltr'><strong>bec</strong></span> <span class='ocrx_word' id='word_1_53' title='bbox 389 1059 502 1116; x_wconf 85' lang='lat' dir='ltr'><strong>contra</strong></span> <span class='ocrx_word' id='word_1_54' title='bbox 527 1047 709 1114; x_wconf 90' lang='lat' dir='ltr'><strong>hisdonum</strong></span> <span class='ocrx_word' id='word_1_55' title='bbox 724 1046 821 1113; x_wconf 91' lang='lat' dir='ltr'><strong>michi</strong></span> <span class='ocrx_word' id='word_1_56' title='bbox 838 1048 999 1112; x_wconf 76' lang='lat' dir='ltr'><strong>concessit</strong></span> <span class='ocrx_word' id='word_1_57' title='bbox 1013 1049 1170 1133; x_wconf 88' lang='lat' dir='ltr'><strong>optimum</strong></span> <span class='ocrx_word' id='word_1_58' title='bbox 1188 1067 1315 1132; x_wconf 87' lang='lat' dir='ltr'><strong>equum.</strong></span> <span class='ocrx_word' id='word_1_59' title='bbox 1334 1044 1405 1111; x_wconf 85' lang='lat' dir='ltr'><strong>Heo</strong></span> <span class='ocrx_word' id='word_1_60' title='bbox 1420 1045 1506 1112; x_wconf 78' lang='lat' dir='ltr'><strong>facts</strong></span> <span class='ocrx_word' id='word_1_61' title='bbox 1525 1033 1605 1112; x_wconf 86' lang='lat' dir='ltr'><strong>sunt</strong></span> <span class='ocrx_word' id='word_1_62' title='bbox 1626 1071 1734 1112; x_wconf 74' lang='lat' dir='ltr'><strong>comm</strong></span> <span class='ocrx_word' id='word_1_63' title='bbox 1759 1047 1810 1140; x_wconf 84' lang='lat' dir='ltr'><strong>his</strong></span> <span class='ocrx_word' id='word_1_64' title='bbox 1834 1049 1991 1114; x_wconf 84' lang='lat' dir='ltr'><strong>testibus:</strong></span> 
     </span>
     <span class='ocr_line' id='line_1_7' title="bbox 306 1150 1992 1243; baseline -0.002 -23"><span class='ocrx_word' id='word_1_65' title='bbox 306 1155 459 1242; x_wconf 88' lang='lat' dir='ltr'><strong>episcopo</strong></span> <span class='ocrx_word' id='word_1_66' title='bbox 475 1153 669 1236; x_wconf 86' lang='lat' dir='ltr'><strong>Theodosio,</strong></span> <span class='ocrx_word' id='word_1_67' title='bbox 686 1153 798 1238; x_wconf 81' lang='lat' dir='ltr'><strong>Drago</strong></span> <span class='ocrx_word' id='word_1_68' title='bbox 820 1155 936 1240; x_wconf 87' lang='lat' dir='ltr'><strong>priore,</strong></span> <span class='ocrx_word' id='word_1_69' title='bbox 957 1152 1109 1218; x_wconf 87' lang='lat' dir='ltr'><strong>Rainerio</strong></span> <span class='ocrx_word' id='word_1_70' title='bbox 1126 1150 1293 1217; x_wconf 85' lang='lat' dir='ltr'><strong>chroatino</strong></span> <span class='ocrx_word' id='word_1_71' title='bbox 1309 1153 1471 1240; x_wconf 90' lang='lat' dir='ltr'><strong>episcopo,</strong></span> <span class='ocrx_word' id='word_1_72' title='bbox 1488 1151 1633 1220; x_wconf 84' lang='lat' dir='ltr'><strong>Goinone</strong></span> <span class='ocrx_word' id='word_1_73' title='bbox 1650 1153 1735 1221; x_wconf 75' lang='lat' dir='ltr'><strong>bino</strong></span> <span class='ocrx_word' id='word_1_74' title='bbox 1751 1153 1853 1220; x_wconf 76' lang='lat' dir='ltr'><strong>etalii</strong></span> <span class='ocrx_word' id='word_1_75' title='bbox 1871 1151 1992 1243; x_wconf 87' lang='lat' dir='ltr'><strong>plures.</strong></span> 
     </span>
    </p>
   </div>
   <div class='ocr_carea' id='block_1_3' title="bbox 471 1298 1208 1375">
    <p class='ocr_par' dir='ltr' id='par_1_3' title="bbox 471 1298 1208 1375">
     <span class='ocr_line' id='line_1_8' title="bbox 471 1298 1208 1375; baseline -0.007 -16"><span class='ocrx_word' id='word_1_76' title='bbox 471 1301 661 1360; x_wconf 86' lang='lat' dir='ltr'><strong>Polichorion.</strong></span> <span class='ocrx_word' id='word_1_77' title='bbox 683 1303 830 1360; x_wconf 78' lang='lat' dir='ltr'><strong>U&#39;urkivu</strong></span> <span class='ocrx_word' id='word_1_78' title='bbox 853 1301 1028 1375; x_wconf 83' lang='lat' dir='ltr'><strong>zadarskoga</strong></span> <span class='ocrx_word' id='word_1_79' title='bbox 1050 1298 1208 1374; x_wconf 76' lang='lat' dir='ltr'><strong>gubernijo.</strong></span> 
     </span>
    </p>
   </div>
   <div class='ocr_carea' id='block_1_4' title="bbox 835 1593 1896 1702">
    <p class='ocr_par' dir='ltr' id='par_1_4' title="bbox 835 1593 1896 1702">
     <span class='ocr_line' id='line_1_9' title="bbox 835 1593 1896 1702; baseline -0.007 -24"><span class='ocrx_word' id='word_1_80' title='bbox 835 1593 1024 1678; x_wconf 75' lang='lat' dir='ltr'><strong>nnvlll.</strong></span> <span class='ocrx_word' id='word_1_81' title='bbox 1053 1595 1165 1678; x_wconf 81' lang='lat' dir='ltr'><strong>retu.</strong></span> <span class='ocrx_word' id='word_1_82' title='bbox 1194 1595 1256 1678; x_wconf 86' lang='grc'><strong>10.</strong></span> <span class='ocrx_word' id='word_1_83' title='bbox 1284 1593 1465 1694; x_wconf 74' lang='lat' dir='ltr'><strong>svtnnja.</strong></span> <span class='ocrx_word' id='word_1_84' title='bbox 1872 1651 1896 1702; x_wconf 77' lang='lat'><strong>,</strong></span> 
     </span>
    </p>
   </div>
   <div class='ocr_carea' id='block_1_5' title="bbox 311 1741 1996 1916">
    <p class='ocr_par' dir='ltr' id='par_1_5' title="bbox 311 1741 1996 1916">
     <span class='ocr_line' id='line_1_10' title="bbox 311 1741 1996 1823; baseline -0.001 -15"><span class='ocrx_word' id='word_1_85' title='bbox 311 1747 461 1808; x_wconf 80' lang='lat' dir='ltr'><strong>Kresimir</strong></span> <span class='ocrx_word' id='word_1_86' title='bbox 484 1749 502 1808; x_wconf 87' lang='lat'><em>1</em></span> <span class='ocrx_word' id='word_1_87' title='bbox 509 1749 540 1809; x_wconf 76' lang='lat' dir='ltr'><strong>V.</strong></span> <span class='ocrx_word' id='word_1_88' title='bbox 564 1748 799 1823; x_wconf 62' lang='lat' dir='ltr'><strong>tractarenon</strong></span> <span class='ocrx_word' id='word_1_89' title='bbox 827 1748 996 1822; x_wconf 73' lang='lat' dir='ltr'><strong>potordt‘uie</strong></span> <span class='ocrx_word' id='word_1_90' title='bbox 1020 1741 1127 1807; x_wconf 74' lang='lat' dir='ltr'><strong>listins</strong></span> <span class='ocrx_word' id='word_1_91' title='bbox 1148 1747 1243 1821; x_wconf 75' lang='lat' dir='ltr'><strong>tojom</strong></span> <span class='ocrx_word' id='word_1_92' title='bbox 1266 1747 1400 1822; x_wconf 79' lang='lat' dir='ltr'><strong>rodljuni</strong></span> <span class='ocrx_word' id='word_1_93' title='bbox 1422 1746 1563 1809; x_wconf 74' lang='lat' dir='ltr'><strong>osuovos&#39;e</strong></span> <span class='ocrx_word' id='word_1_94' title='bbox 1593 1751 1746 1807; x_wconf 79' lang='lat' dir='ltr'><strong>comestor·</strong></span> <span class='ocrx_word' id='word_1_95' title='bbox 1776 1748 1996 1808; x_wconf 73' lang='lat' dir='ltr'><strong>bmedittirrsloi</strong></span> 
     </span>
     <span class='ocr_line' id='line_1_11' title="bbox 972 1851 1322 1916; baseline 0.009 -3"><span class='ocrx_word' id='word_1_96' title='bbox 972 1870 1015 1916; x_wconf 83' lang='lat' dir='ltr'><strong>so.</strong></span> <span class='ocrx_word' id='word_1_97' title='bbox 1041 1853 1133 1913; x_wconf 83' lang='lat' dir='ltr'><strong>Petra</strong></span> <span class='ocrx_word' id='word_1_98' title='bbox 1156 1871 1197 1913; x_wconf 82' lang='lat' dir='ltr'><strong>no</strong></span> <span class='ocrx_word' id='word_1_99' title='bbox 1221 1851 1322 1916; x_wconf 75' lang='lat' dir='ltr'><strong>naeu.</strong></span> 
     </span>
    </p>
   </div>
   <div class='ocr_carea' id='block_1_6' title="bbox 306 1988 1998 2687">
    <p class='ocr_par' dir='ltr' id='par_1_6' title="bbox 306 1988 1998 2687">
     <span class='ocr_line' id='line_1_12' title="bbox 467 1988 1997 2076; baseline 0 -22"><span class='ocrx_word' id='word_1_100' title='bbox 467 1988 747 2070; x_wconf 73' lang='lat' dir='ltr'><strong>Quemadmodum</strong></span> <span class='ocrx_word' id='word_1_101' title='bbox 772 1988 834 2054; x_wconf 90' lang='lat' dir='ltr'><strong>hoc</strong></span> <span class='ocrx_word' id='word_1_102' title='bbox 857 1997 1083 2056; x_wconf 68' lang='lat' dir='ltr'><strong>tasmmentum</strong></span> <span class='ocrx_word' id='word_1_103' title='bbox 1101 1988 1221 2056; x_wconf 90' lang='lat' dir='ltr'><strong>bonum</strong></span> <span class='ocrx_word' id='word_1_104' title='bbox 1248 1999 1281 2055; x_wconf 91' lang='lat' dir='ltr'><strong>et</strong></span> <span class='ocrx_word' id='word_1_105' title='bbox 1303 1991 1422 2056; x_wconf 84' lang='lat' dir='ltr'><strong>iustum</strong></span> <span class='ocrx_word' id='word_1_106' title='bbox 1439 1990 1590 2071; x_wconf 89' lang='lat' dir='ltr'><strong>vidimus,</strong></span> <span class='ocrx_word' id='word_1_107' title='bbox 1609 2013 1630 2052; x_wconf 89' lang='lat' dir='ltr'><strong>a</strong></span> <span class='ocrx_word' id='word_1_108' title='bbox 1653 1999 1761 2054; x_wconf 87' lang='lat' dir='ltr'><strong>vestro</strong></span> <span class='ocrx_word' id='word_1_109' title='bbox 1784 1991 1938 2076; x_wconf 87' lang='lat' dir='ltr'><strong>episcopo</strong></span> <span class='ocrx_word' id='word_1_110' title='bbox 1960 1999 1997 2054; x_wconf 89' lang='lat' dir='ltr'><strong>et</strong></span> 
     </span>
     <span class='ocr_line' id='line_1_13' title="bbox 307 2091 1995 2180; baseline -0.001 -20"><span class='ocrx_word' id='word_1_111' title='bbox 307 2093 451 2176; x_wconf 79' lang='lat' dir='ltr'><strong>clericis,</strong></span> <span class='ocrx_word' id='word_1_112' title='bbox 476 2097 655 2180; x_wconf 84' lang='lat' dir='ltr'><strong>ceterisque</strong></span> <span class='ocrx_word' id='word_1_113' title='bbox 689 2096 806 2159; x_wconf 83' lang='lat' dir='ltr'><strong>vestris</strong></span> <span class='ocrx_word' id='word_1_114' title='bbox 838 2091 965 2160; x_wconf 92' lang='lat' dir='ltr'><strong>ciuibus</strong></span> <span class='ocrx_word' id='word_1_115' title='bbox 996 2094 1237 2160; x_wconf 85' lang='lat' dir='ltr'><strong>corroboratum</strong></span> <span class='ocrx_word' id='word_1_116' title='bbox 1274 2103 1306 2160; x_wconf 89' lang='lat' dir='ltr'><strong>et</strong></span> <span class='ocrx_word' id='word_1_117' title='bbox 1336 2093 1511 2174; x_wconf 85' lang='lat' dir='ltr'><strong>laudatum,</strong></span> <span class='ocrx_word' id='word_1_118' title='bbox 1541 2096 1585 2158; x_wconf 87' lang='lat' dir='ltr'><strong>ita</strong></span> <span class='ocrx_word' id='word_1_119' title='bbox 1618 2115 1679 2176; x_wconf 77' lang='lat' dir='ltr'><strong>ego</strong></span> <span class='ocrx_word' id='word_1_120' title='bbox 1713 2091 1908 2158; x_wconf 85' lang='lat' dir='ltr'><strong>Oresimirus</strong></span> <span class='ocrx_word' id='word_1_121' title='bbox 1931 2117 1995 2159; x_wconf 86' lang='lat' dir='ltr'><strong>rex</strong></span> 
     </span>
     <span class='ocr_line' id='line_1_14' title="bbox 307 2197 1995 2284; baseline -0.001 -20"><span class='ocrx_word' id='word_1_122' title='bbox 307 2199 443 2264; x_wconf 87' lang='lat' dir='ltr'><strong>eandem</strong></span> <span class='ocrx_word' id='word_1_123' title='bbox 468 2198 736 2264; x_wconf 88' lang='lat' dir='ltr'><strong>collaudationem</strong></span> <span class='ocrx_word' id='word_1_124' title='bbox 761 2208 793 2264; x_wconf 92' lang='lat' dir='ltr'><strong>et</strong></span> <span class='ocrx_word' id='word_1_125' title='bbox 816 2197 1091 2268; x_wconf 85' lang='lat' dir='ltr'><strong>confirmationem</strong></span> <span class='ocrx_word' id='word_1_126' title='bbox 1124 2197 1309 2280; x_wconf 86' lang='lat' dir='ltr'><strong>corroboro,</strong></span> <span class='ocrx_word' id='word_1_127' title='bbox 1332 2201 1413 2264; x_wconf 90' lang='lat' dir='ltr'><strong>etsi</strong></span> <span class='ocrx_word' id='word_1_128' title='bbox 1437 2198 1554 2284; x_wconf 88' lang='lat' dir='ltr'><strong>aliquis</strong></span> <span class='ocrx_word' id='word_1_129' title='bbox 1587 2199 1740 2263; x_wconf 83' lang='lat' dir='ltr'><strong>instinctu</strong></span> <span class='ocrx_word' id='word_1_130' title='bbox 1771 2197 1893 2264; x_wconf 81' lang='lat' dir='ltr'><strong>dioboli</strong></span> <span class='ocrx_word' id='word_1_131' title='bbox 1915 2221 1995 2264; x_wconf 90' lang='lat' dir='ltr'><strong>eon·</strong></span> 
     </span>
     <span class='ocr_line' id='line_1_15' title="bbox 306 2303 1996 2392; baseline -0.001 -22"><span class='ocrx_word' id='word_1_132' title='bbox 306 2304 428 2392; x_wconf 91' lang='lat' dir='ltr'><strong>pulsus,</strong></span> <span class='ocrx_word' id='word_1_133' title='bbox 454 2303 537 2370; x_wconf 89' lang='lat' dir='ltr'><strong>hano</strong></span> <span class='ocrx_word' id='word_1_134' title='bbox 565 2303 859 2371; x_wconf 85' lang='lat' dir='ltr'><strong>corroborationem</strong></span> <span class='ocrx_word' id='word_1_135' title='bbox 877 2315 1018 2370; x_wconf 88' lang='lat' dir='ltr'><strong>nostram</strong></span> <span class='ocrx_word' id='word_1_136' title='bbox 1036 2305 1241 2390; x_wconf 80' lang='lat' dir='ltr'><strong>dirrumpere</strong></span> <span class='ocrx_word' id='word_1_137' title='bbox 1263 2307 1479 2389; x_wconf 87' lang='lat' dir='ltr'><strong>temptauerit,</strong></span> <span class='ocrx_word' id='word_1_138' title='bbox 1504 2305 1657 2368; x_wconf 87' lang='lat' dir='ltr'><strong>conuenit</strong></span> <span class='ocrx_word' id='word_1_139' title='bbox 1680 2303 1741 2367; x_wconf 87' lang='lat' dir='ltr'><strong>sibi</strong></span> <span class='ocrx_word' id='word_1_140' title='bbox 1766 2304 1877 2368; x_wconf 87' lang='lat' dir='ltr'><strong>fortior</strong></span> <span class='ocrx_word' id='word_1_141' title='bbox 1898 2304 1996 2368; x_wconf 82' lang='lat' dir='ltr'><strong>nobis</strong></span> 
     </span>
     <span class='ocr_line' id='line_1_16' title="bbox 307 2407 1998 2497; baseline -0.001 -21"><span class='ocrx_word' id='word_1_142' title='bbox 307 2433 379 2476; x_wconf 89' lang='lat' dir='ltr'><strong>osse</strong></span> <span class='ocrx_word' id='word_1_143' title='bbox 411 2420 444 2475; x_wconf 92' lang='lat' dir='ltr'><strong>et</strong></span> <span class='ocrx_word' id='word_1_144' title='bbox 473 2411 652 2476; x_wconf 88' lang='lat' dir='ltr'><strong>amicitiam</strong></span> <span class='ocrx_word' id='word_1_145' title='bbox 685 2419 828 2474; x_wconf 88' lang='lat' dir='ltr'><strong>nostram</strong></span> <span class='ocrx_word' id='word_1_146' title='bbox 859 2433 1020 2497; x_wconf 88' lang='lat' dir='ltr'><strong>spernere.</strong></span> <span class='ocrx_word' id='word_1_147' title='bbox 1053 2408 1149 2474; x_wconf 89' lang='lat' dir='ltr'><strong>Anno</strong></span> <span class='ocrx_word' id='word_1_148' title='bbox 1180 2409 1304 2474; x_wconf 87' lang='lat' dir='ltr'><strong>domini</strong></span> <span class='ocrx_word' id='word_1_149' title='bbox 1335 2407 1506 2474; x_wconf 89' lang='lat' dir='ltr'><strong>millesimo</strong></span> <span class='ocrx_word' id='word_1_150' title='bbox 1539 2409 1787 2495; x_wconf 77' lang='lat' dir='ltr'><strong>septuagesimo,</strong></span> <span class='ocrx_word' id='word_1_151' title='bbox 1817 2408 1998 2474; x_wconf 84' lang='lat' dir='ltr'><strong>indictione</strong></span> 
     </span>
     <span class='ocr_line' id='line_1_17' title="bbox 307 2512 1998 2599; baseline -0.002 -17"><span class='ocrx_word' id='word_1_152' title='bbox 307 2527 433 2595; x_wconf 87' lang='lat' dir='ltr'><strong>octaua,</strong></span> <span class='ocrx_word' id='word_1_153' title='bbox 450 2515 502 2580; x_wconf 89' lang='lat' dir='ltr'><strong>die</strong></span> <span class='ocrx_word' id='word_1_154' title='bbox 520 2514 743 2582; x_wconf 87' lang='lat' dir='ltr'><strong>sextodecimo</strong></span> <span class='ocrx_word' id='word_1_155' title='bbox 764 2517 902 2584; x_wconf 77' lang='lat' dir='ltr'><strong>intrante</strong></span> <span class='ocrx_word' id='word_1_156' title='bbox 921 2514 1044 2597; x_wconf 72' lang='lat' dir='ltr'><strong>madio,</strong></span> <span class='ocrx_word' id='word_1_157' title='bbox 1064 2512 1267 2598; x_wconf 78' lang='lat' dir='ltr'><strong>presentibus</strong></span> <span class='ocrx_word' id='word_1_158' title='bbox 1284 2516 1438 2598; x_wconf 79' lang='lat' dir='ltr'><strong>magistro</strong></span> <span class='ocrx_word' id='word_1_159' title='bbox 1455 2512 1614 2598; x_wconf 84' lang='lat' dir='ltr'><strong>Gregorio</strong></span> <span class='ocrx_word' id='word_1_160' title='bbox 1631 2515 1768 2599; x_wconf 84' lang='lat' dir='ltr'><strong>gramati</strong></span> <span class='ocrx_word' id='word_1_161' title='bbox 1780 2535 1827 2595; x_wconf 93' lang='lat' dir='ltr'><strong>co,</strong></span> <span class='ocrx_word' id='word_1_162' title='bbox 1844 2525 1877 2579; x_wconf 90' lang='lat' dir='ltr'><strong>et</strong></span> <span class='ocrx_word' id='word_1_163' title='bbox 1893 2513 1998 2580; x_wconf 88' lang='lat' dir='ltr'><strong>Paulo</strong></span> 
     </span>
     <span class='ocr_line' id='line_1_18' title="bbox 308 2619 628 2687; baseline -0.003 0"><span class='ocrx_word' id='word_1_164' title='bbox 308 2622 349 2687; x_wconf 91' lang='lat' dir='ltr'><strong>de</strong></span> <span class='ocrx_word' id='word_1_165' title='bbox 371 2619 467 2686; x_wconf 89' lang='lat' dir='ltr'><strong>Bulia</strong></span> <span class='ocrx_word' id='word_1_166' title='bbox 489 2631 522 2685; x_wconf 92' lang='grc'><strong>00</strong></span> <span class='ocrx_word' id='word_1_167' title='bbox 544 2619 628 2686; x_wconf 89' lang='lat' dir='ltr'><strong>aliis.</strong></span> 
     </span>
    </p>
   </div>
   <div class='ocr_carea' id='block_1_7' title="bbox 310 2740 1999 2912">
    <p class='ocr_par' dir='ltr' id='par_1_7' title="bbox 310 2740 1999 2912">
     <span class='ocr_line' id='line_1_19' title="bbox 468 2740 1999 2824; baseline 0 -20"><span class='ocrx_word' id='word_1_168' title='bbox 468 2750 618 2822; x_wconf 81' lang='lat' dir='ltr'><strong>laradJ&#39;eno</strong></span> <span class='ocrx_word' id='word_1_169' title='bbox 641 2749 665 2805; x_wconf 83' lang='lat' dir='ltr'><strong>ia</strong></span> <span class='ocrx_word' id='word_1_170' title='bbox 686 2750 791 2822; x_wconf 83' lang='lat' dir='ltr'><strong>dvajuh</strong></span> <span class='ocrx_word' id='word_1_171' title='bbox 811 2745 899 2806; x_wconf 78' lang='lat' dir='ltr'><strong>staiih</strong></span> <span class='ocrx_word' id='word_1_172' title='bbox 916 2750 1049 2824; x_wconf 84' lang='lat' dir='ltr'><strong>prepisah</strong></span> <span class='ocrx_word' id='word_1_173' title='bbox 1087 2748 1209 2806; x_wconf 79' lang='lat' dir='ltr'><strong>duvsnih</strong></span> <span class='ocrx_word' id='word_1_174' title='bbox 1233 2765 1250 2804; x_wconf 95' lang='lat' dir='ltr'><strong>u</strong></span> <span class='ocrx_word' id='word_1_175' title='bbox 1274 2749 1354 2805; x_wconf 85' lang='lat' dir='ltr'><strong>Rabu</strong></span> <span class='ocrx_word' id='word_1_176' title='bbox 1387 2749 1442 2805; x_wconf 83' lang='lat' dir='ltr'><strong>lrao</strong></span> <span class='ocrx_word' id='word_1_177' title='bbox 1465 2750 1474 2804; x_wconf 91' lang='lat' dir='ltr'><strong>i</strong></span> <span class='ocrx_word' id='word_1_178' title='bbox 1498 2743 1594 2806; x_wconf 86' lang='lat' dir='ltr'><strong>listina</strong></span> <span class='ocrx_word' id='word_1_179' title='bbox 1617 2769 1644 2824; x_wconf 83' lang='lat' dir='ltr'><strong>g.</strong></span> <span class='ocrx_word' id='word_1_180' title='bbox 1671 2751 1765 2806; x_wconf 81' lang='lat'><strong>1060.</strong></span> <span class='ocrx_word' id='word_1_181' title='bbox 1796 2751 1852 2822; x_wconf 89' lang='lat' dir='ltr'><strong>pod</strong></span> <span class='ocrx_word' id='word_1_182' title='bbox 1886 2740 1999 2822; x_wconf 84' lang='lat' dir='ltr'><strong>brojem</strong></span> 
     </span>
     <span class='ocr_line' id='line_1_20' title="bbox 310 2825 999 2912; baseline -0.006 -14"><span class='ocrx_word' id='word_1_183' title='bbox 310 2827 503 2898; x_wconf 74' lang='lat' dir='ltr'><strong>cxxxvlii.</strong></span> <span class='ocrx_word' id='word_1_184' title='bbox 527 2835 688 2912; x_wconf 81' lang='lat' dir='ltr'><strong>priobtena.</strong></span> <span class='ocrx_word' id='word_1_185' title='bbox 993 2825 999 2832; x_wconf 90' lang='lat'>&#39;</span> 
     </span>
    </p>
   </div>
   <div class='ocr_carea' id='block_1_8' title="bbox 898 3024 1415 3116">
    <p class='ocr_par' dir='ltr' id='par_1_8' title="bbox 898 3024 1415 3116">
     <span class='ocr_line' id='line_1_21' title="bbox 898 3024 1415 3116; baseline 0 -10"><span class='ocrx_word' id='word_1_186' title='bbox 898 3024 1046 3107; x_wconf 76' lang='lat' dir='ltr'><strong>eulx.</strong></span> <span class='ocrx_word' id='word_1_187' title='bbox 1074 3024 1190 3107; x_wconf 86' lang='grc'><strong>1070.</strong></span> <span class='ocrx_word' id='word_1_188' title='bbox 1219 3024 1255 3106; x_wconf 93' lang='lat' dir='ltr'><strong>U</strong></span> <span class='ocrx_word' id='word_1_189' title='bbox 1285 3025 1415 3116; x_wconf 82' lang='lat' dir='ltr'><strong>Ninu.</strong></span> 
     </span>
    </p>
   </div>
   <div class='ocr_carea' id='block_1_9' title="bbox 310 3149 1998 3347">
    <p class='ocr_par' dir='ltr' id='par_1_9' title="bbox 310 3149 1998 3347">
     <span class='ocr_line' id='line_1_22' title="bbox 310 3149 1998 3243; baseline 0 -15"><span class='ocrx_word' id='word_1_190' title='bbox 310 3167 466 3238; x_wconf 68' lang='lat' dir='ltr'><strong>Redonum</strong></span> <span class='ocrx_word' id='word_1_191' title='bbox 490 3149 575 3227; x_wconf 77' lang='lat' dir='ltr'><strong>estut</strong></span> <span class='ocrx_word' id='word_1_192' title='bbox 603 3165 706 3227; x_wconf 85' lang='lat' dir='ltr'><strong>Vttttc&#39;o</strong></span> <span class='ocrx_word' id='word_1_193' title='bbox 721 3167 828 3241; x_wconf 74' lang='lat' dir='ltr'><strong>daruje</strong></span> <span class='ocrx_word' id='word_1_194' title='bbox 843 3172 1071 3228; x_wconf 69' lang='lat' dir='ltr'><strong>eunomianum.</strong></span> <span class='ocrx_word' id='word_1_195' title='bbox 1087 3167 1248 3228; x_wconf 71' lang='lat' dir='ltr'><strong>Krteooao</strong></span> <span class='ocrx_word' id='word_1_196' title='bbox 1270 3185 1292 3227; x_wconf 81' lang='lat' dir='ltr'><strong>u</strong></span> <span class='ocrx_word' id='word_1_197' title='bbox 1314 3167 1427 3238; x_wconf 78' lang='lat' dir='ltr'><strong>Zodru,</strong></span> <span class='ocrx_word' id='word_1_198' title='bbox 1438 3169 1546 3242; x_wconf 77' lang='lat' dir='ltr'><strong>posjed</strong></span> <span class='ocrx_word' id='word_1_199' title='bbox 1560 3185 1650 3243; x_wconf 82' lang='lat' dir='ltr'><strong>scopo</strong></span> <span class='ocrx_word' id='word_1_200' title='bbox 1671 3169 1761 3242; x_wconf 82' lang='lat' dir='ltr'><strong>djodo</strong></span> <span class='ocrx_word' id='word_1_201' title='bbox 1782 3185 1802 3227; x_wconf 88' lang='lat' dir='ltr'><strong>u</strong></span> <span class='ocrx_word' id='word_1_202' title='bbox 1825 3169 1998 3239; x_wconf 65' lang='lat' dir='ltr'><strong>senonen,</strong></span> 
     </span>
     <span class='ocr_line' id='line_1_23' title="bbox 803 3272 1496 3347; baseline 0.001 -15"><span class='ocrx_word' id='word_1_203' title='bbox 803 3272 975 3347; x_wconf 77' lang='lat' dir='ltr'><strong>prisioujitt</strong></span> <span class='ocrx_word' id='word_1_204' title='bbox 995 3289 1026 3334; x_wconf 85' lang='lat' dir='ltr'><strong>so</strong></span> <span class='ocrx_word' id='word_1_205' title='bbox 1050 3289 1092 3332; x_wconf 80' lang='lat' dir='ltr'><strong>no</strong></span> <span class='ocrx_word' id='word_1_206' title='bbox 1112 3272 1171 3332; x_wconf 83' lang='lat' dir='ltr'><strong>aad</strong></span> <span class='ocrx_word' id='word_1_207' title='bbox 1193 3272 1295 3343; x_wconf 64' lang='lat' dir='ltr'><strong>troiia</strong></span> <span class='ocrx_word' id='word_1_208' title='bbox 1318 3273 1496 3333; x_wconf 79' lang='lat' dir='ltr'><strong>Kresimtro.</strong></span> 
     </span>
    </p>
   </div>
   <div class='ocr_carea' id='block_1_10' title="bbox 307 3405 1998 5071">
    <p class='ocr_par' dir='ltr' id='par_1_10' title="bbox 307 3405 1998 5071">
     <span class='ocr_line' id='line_1_24' title="bbox 465 3405 1998 3496; baseline 0.001 -24"><span class='ocrx_word' id='word_1_209' title='bbox 465 3405 604 3486; x_wconf 81' lang='lat' dir='ltr'><strong>†Anno</strong></span> <span class='ocrx_word' id='word_1_210' title='bbox 627 3407 788 3474; x_wconf 88' lang='lat' dir='ltr'><strong>dominice</strong></span> <span class='ocrx_word' id='word_1_211' title='bbox 818 3409 1056 3490; x_wconf 87' lang='lat' dir='ltr'><strong>incarnationis,</strong></span> <span class='ocrx_word' id='word_1_212' title='bbox 1082 3407 1251 3474; x_wconf 85' lang='lat' dir='ltr'><strong>millesimo</strong></span> <span class='ocrx_word' id='word_1_213' title='bbox 1268 3411 1518 3494; x_wconf 85' lang='lat' dir='ltr'><strong>septuagesimo,</strong></span> <span class='ocrx_word' id='word_1_214' title='bbox 1537 3407 1712 3474; x_wconf 83' lang='lat' dir='ltr'><strong>indictione</strong></span> <span class='ocrx_word' id='word_1_215' title='bbox 1739 3407 1845 3474; x_wconf 92' lang='lat' dir='ltr'><strong>VIllI.</strong></span> <span class='ocrx_word' id='word_1_216' title='bbox 1871 3407 1998 3496; x_wconf 88' lang='lat' dir='ltr'><strong>(Vlll),</strong></span> 
     </span>
     <span class='ocr_line' id='line_1_25' title="bbox 310 3511 1995 3607; baseline 0.003 -32"><span class='ocrx_word' id='word_1_217' title='bbox 310 3523 447 3596; x_wconf 85' lang='lat' dir='ltr'><strong>augusto</strong></span> <span class='ocrx_word' id='word_1_218' title='bbox 468 3515 649 3597; x_wconf 80' lang='lat' dir='ltr'><strong>regnante³</strong></span> <span class='ocrx_word' id='word_1_219' title='bbox 671 3513 816 3579; x_wconf 89' lang='lat' dir='ltr'><strong>Romano</strong></span> <span class='ocrx_word' id='word_1_220' title='bbox 832 3516 941 3597; x_wconf 90' lang='lat' dir='ltr'><strong>tercio,</strong></span> <span class='ocrx_word' id='word_1_221' title='bbox 965 3523 1108 3601; x_wconf 88' lang='lat' dir='ltr'><strong>tempore</strong></span> <span class='ocrx_word' id='word_1_222' title='bbox 1129 3512 1294 3607; x_wconf 84' lang='lat' dir='ltr'><strong>Oresimiri</strong></span> <span class='ocrx_word' id='word_1_223' title='bbox 1319 3515 1406 3598; x_wconf 86' lang='lat' dir='ltr'><strong>regis</strong></span> <span class='ocrx_word' id='word_1_224' title='bbox 1430 3511 1642 3580; x_wconf 85' lang='lat' dir='ltr'><strong>Obroatorum</strong></span> <span class='ocrx_word' id='word_1_225' title='bbox 1666 3527 1698 3580; x_wconf 90' lang='grc'><strong>00</strong></span> <span class='ocrx_word' id='word_1_226' title='bbox 1723 3513 1995 3580; x_wconf 89' lang='lat' dir='ltr'><strong>Dalmatinorum.</strong></span> 
     </span>
     <span class='ocr_line' id='line_1_26' title="bbox 310 3615 1995 3706; baseline 0.002 -26"><span class='ocrx_word' id='word_1_227' title='bbox 310 3617 382 3702; x_wconf 84' lang='lat' dir='ltr'><strong>Ego</strong></span> <span class='ocrx_word' id='word_1_228' title='bbox 405 3615 572 3701; x_wconf 86' lang='lat' dir='ltr'><strong>Raduuau,</strong></span> <span class='ocrx_word' id='word_1_229' title='bbox 598 3642 697 3706; x_wconf 87' lang='lat' dir='ltr'><strong>nepos</strong></span> <span class='ocrx_word' id='word_1_230' title='bbox 721 3619 843 3685; x_wconf 82' lang='lat' dir='ltr'><strong>Liliei⁴</strong></span> <span class='ocrx_word' id='word_1_231' title='bbox 867 3621 959 3685; x_wconf 89' lang='lat' dir='ltr'><strong>trado</strong></span> <span class='ocrx_word' id='word_1_232' title='bbox 983 3642 1109 3684; x_wconf 90' lang='lat' dir='ltr'><strong>omnem</strong></span> <span class='ocrx_word' id='word_1_233' title='bbox 1128 3619 1365 3706; x_wconf 88' lang='lat' dir='ltr'><strong>possessionem</strong></span> <span class='ocrx_word' id='word_1_234' title='bbox 1383 3641 1496 3701; x_wconf 88' lang='lat' dir='ltr'><strong>meam,</strong></span> <span class='ocrx_word' id='word_1_235' title='bbox 1520 3641 1582 3706; x_wconf 91' lang='lat' dir='ltr'><strong>que</strong></span> <span class='ocrx_word' id='word_1_236' title='bbox 1607 3619 1667 3684; x_wconf 88' lang='lat' dir='ltr'><strong>fuit</strong></span> <span class='ocrx_word' id='word_1_237' title='bbox 1691 3620 1828 3706; x_wconf 88' lang='lat' dir='ltr'><strong>predicti</strong></span> <span class='ocrx_word' id='word_1_238' title='bbox 1853 3621 1905 3684; x_wconf 92' lang='lat' dir='ltr'><strong>aui</strong></span> <span class='ocrx_word' id='word_1_239' title='bbox 1931 3623 1995 3685; x_wconf 91' lang='lat' dir='ltr'><strong>mei</strong></span> 
     </span>
     <span class='ocr_line' id='line_1_27' title="bbox 308 3721 1994 3810; baseline 0.002 -24"><span class='ocrx_word' id='word_1_240' title='bbox 308 3723 341 3786; x_wconf 92' lang='lat' dir='ltr'><strong>in</strong></span> <span class='ocrx_word' id='word_1_241' title='bbox 366 3721 436 3786; x_wconf 92' lang='lat' dir='ltr'><strong>loco</strong></span> <span class='ocrx_word' id='word_1_242' title='bbox 471 3725 525 3808; x_wconf 91' lang='lat' dir='ltr'><strong>qui</strong></span> <span class='ocrx_word' id='word_1_243' title='bbox 561 3723 680 3789; x_wconf 90' lang='lat' dir='ltr'><strong>dicitur</strong></span> <span class='ocrx_word' id='word_1_244' title='bbox 712 3724 926 3790; x_wconf 79' lang='lat' dir='ltr'><strong>Sochouara⁵</strong></span> <span class='ocrx_word' id='word_1_245' title='bbox 959 3725 1052 3790; x_wconf 87' lang='lat' dir='ltr'><strong>beato</strong></span> <span class='ocrx_word' id='word_1_246' title='bbox 1084 3725 1206 3788; x_wconf 88' lang='lat' dir='ltr'><strong>martiri</strong></span> <span class='ocrx_word' id='word_1_247' title='bbox 1232 3722 1421 3810; x_wconf 79' lang='lat' dir='ltr'><strong>Orisogono,</strong></span> <span class='ocrx_word' id='word_1_248' title='bbox 1447 3736 1594 3810; x_wconf 83' lang='lat' dir='ltr'><strong>presente</strong></span> <span class='ocrx_word' id='word_1_249' title='bbox 1626 3725 1769 3789; x_wconf 88' lang='lat' dir='ltr'><strong>eiusdem</strong></span> <span class='ocrx_word' id='word_1_250' title='bbox 1804 3726 1994 3790; x_wconf 87' lang='lat' dir='ltr'><strong>monasterii</strong></span> 
     </span>
     <span class='ocr_line' id='line_1_28' title="bbox 308 3827 1996 3916; baseline 0.002 -26"><span class='ocrx_word' id='word_1_251' title='bbox 308 3827 404 3891; x_wconf 90' lang='lat' dir='ltr'><strong>Petro</strong></span> <span class='ocrx_word' id='word_1_252' title='bbox 428 3829 556 3908; x_wconf 79' lang='lat' dir='ltr'><strong>abbate,</strong></span> <span class='ocrx_word' id='word_1_253' title='bbox 581 3851 643 3915; x_wconf 90' lang='lat' dir='ltr'><strong>que</strong></span> <span class='ocrx_word' id='word_1_254' title='bbox 667 3831 829 3916; x_wconf 80' lang='lat' dir='ltr'><strong>possessio</strong></span> <span class='ocrx_word' id='word_1_255' title='bbox 857 3831 906 3895; x_wconf 91' lang='lat' dir='ltr'><strong>his</strong></span> <span class='ocrx_word' id='word_1_256' title='bbox 930 3829 1109 3895; x_wconf 84' lang='lat' dir='ltr'><strong>manifestis</strong></span> <span class='ocrx_word' id='word_1_257' title='bbox 1140 3827 1266 3894; x_wconf 88' lang='lat' dir='ltr'><strong>indiciis</strong></span> <span class='ocrx_word' id='word_1_258' title='bbox 1290 3828 1482 3894; x_wconf 83' lang='lat' dir='ltr'><strong>declaratur.</strong></span> <span class='ocrx_word' id='word_1_259' title='bbox 1508 3831 1538 3894; x_wconf 87' lang='lat' dir='ltr'><strong>A</strong></span> <span class='ocrx_word' id='word_1_260' title='bbox 1562 3830 1633 3895; x_wconf 86' lang='lat' dir='ltr'><strong>lacu</strong></span> <span class='ocrx_word' id='word_1_261' title='bbox 1658 3853 1700 3896; x_wconf 85' lang='lat' dir='ltr'><strong>ex</strong></span> <span class='ocrx_word' id='word_1_262' title='bbox 1732 3829 1996 3916; x_wconf 81' lang='lat' dir='ltr'><strong>septemtrionali</strong></span> 
     </span>
     <span class='ocr_line' id='line_1_29' title="bbox 308 3931 1998 4020; baseline 0.002 -25"><span class='ocrx_word' id='word_1_263' title='bbox 308 3931 406 4019; x_wconf 81' lang='lat' dir='ltr'><strong>plaga</strong></span> <span class='ocrx_word' id='word_1_264' title='bbox 430 3933 650 4020; x_wconf 91' lang='lat' dir='ltr'><strong>protendendo</strong></span> <span class='ocrx_word' id='word_1_265' title='bbox 675 3936 706 3999; x_wconf 89' lang='lat' dir='ltr'><strong>in</strong></span> <span class='ocrx_word' id='word_1_266' title='bbox 731 3934 890 4001; x_wconf 87' lang='lat' dir='ltr'><strong>directum</strong></span> <span class='ocrx_word' id='word_1_267' title='bbox 925 3958 1038 4000; x_wconf 87' lang='lat' dir='ltr'><strong>versus</strong></span> <span class='ocrx_word' id='word_1_268' title='bbox 1063 3935 1195 3999; x_wconf 86' lang='lat' dir='ltr'><strong>boream</strong></span> <span class='ocrx_word' id='word_1_269' title='bbox 1219 3933 1260 3998; x_wconf 88' lang='lat' dir='ltr'><strong>ad</strong></span> <span class='ocrx_word' id='word_1_270' title='bbox 1286 3937 1402 4016; x_wconf 86' lang='lat' dir='ltr'><strong>riuum,</strong></span> <span class='ocrx_word' id='word_1_271' title='bbox 1427 3945 1459 3999; x_wconf 91' lang='lat' dir='ltr'><strong>et</strong></span> <span class='ocrx_word' id='word_1_272' title='bbox 1480 3933 1521 3999; x_wconf 90' lang='lat' dir='ltr'><strong>ab</strong></span> <span class='ocrx_word' id='word_1_273' title='bbox 1547 3937 1610 4000; x_wconf 92' lang='lat' dir='ltr'><strong>isto</strong></span> <span class='ocrx_word' id='word_1_274' title='bbox 1634 3934 1704 3999; x_wconf 90' lang='lat' dir='ltr'><strong>loco</strong></span> <span class='ocrx_word' id='word_1_275' title='bbox 1728 3933 1835 3999; x_wconf 89' lang='lat' dir='ltr'><strong>eundo</strong></span> <span class='ocrx_word' id='word_1_276' title='bbox 1858 3935 1898 3999; x_wconf 85' lang='lat' dir='ltr'><strong>ad</strong></span> <span class='ocrx_word' id='word_1_277' title='bbox 1922 3958 1998 3999; x_wconf 88' lang='lat' dir='ltr'><strong>aus·</strong></span> 
     </span>
     <span class='ocr_line' id='line_1_30' title="bbox 307 4037 1996 4127; baseline 0 -23"><span class='ocrx_word' id='word_1_278' title='bbox 307 4037 420 4104; x_wconf 88' lang='lat' dir='ltr'><strong>tralem</strong></span> <span class='ocrx_word' id='word_1_279' title='bbox 446 4050 569 4125; x_wconf 89' lang='lat' dir='ltr'><strong>partem</strong></span> <span class='ocrx_word' id='word_1_280' title='bbox 593 4041 635 4105; x_wconf 89' lang='lat' dir='ltr'><strong>ad</strong></span> <span class='ocrx_word' id='word_1_281' title='bbox 657 4043 813 4106; x_wconf 89' lang='lat' dir='ltr'><strong>terminos</strong></span> <span class='ocrx_word' id='word_1_282' title='bbox 848 4042 951 4127; x_wconf 88' lang='lat' dir='ltr'><strong>predii</strong></span> <span class='ocrx_word' id='word_1_283' title='bbox 975 4041 1015 4106; x_wconf 92' lang='lat' dir='ltr'><strong>de</strong></span> <span class='ocrx_word' id='word_1_284' title='bbox 1039 4038 1193 4104; x_wconf 78' lang='lat' dir='ltr'><strong>Duculo⁶</strong></span> <span class='ocrx_word' id='word_1_285' title='bbox 1223 4061 1295 4104; x_wconf 92' lang='lat' dir='ltr'><strong>cum</strong></span> <span class='ocrx_word' id='word_1_286' title='bbox 1329 4039 1396 4104; x_wconf 88' lang='lat' dir='ltr'><strong>suis</strong></span> <span class='ocrx_word' id='word_1_287' title='bbox 1428 4039 1729 4106; x_wconf 88' lang='lat' dir='ltr'><strong>circumadiaccntis</strong></span> <span class='ocrx_word' id='word_1_288' title='bbox 1764 4041 1903 4125; x_wconf 91' lang='lat' dir='ltr'><strong>pascuis.</strong></span> <span class='ocrx_word' id='word_1_289' title='bbox 1928 4039 1996 4104; x_wconf 87' lang='lat' dir='ltr'><strong>Sed</strong></span> 
     </span>
     <span class='ocr_line' id='line_1_31' title="bbox 308 4121 1995 4231; baseline 0.001 -23"><span class='ocrx_word' id='word_1_290' title='bbox 308 4145 384 4230; x_wconf 86' lang='lat' dir='ltr'><strong>quia</strong></span> <span class='ocrx_word' id='word_1_291' title='bbox 408 4144 578 4210; x_wconf 84' lang='lat' dir='ltr'><strong>resistebat</strong></span> <span class='ocrx_word' id='word_1_292' title='bbox 603 4143 701 4211; x_wconf 90' lang='lat' dir='ltr'><strong>michi</strong></span> <span class='ocrx_word' id='word_1_293' title='bbox 722 4145 903 4210; x_wconf 79' lang='lat' dir='ltr'><strong>Velsemir⁷</strong></span> <span class='ocrx_word' id='word_1_294' title='bbox 934 4145 1021 4210; x_wconf 89' lang='lat' dir='ltr'><strong>Luce</strong></span> <span class='ocrx_word' id='word_1_295' title='bbox 1046 4147 1193 4229; x_wconf 79' lang='lat' dir='ltr'><strong>inpensis,</strong></span> <span class='ocrx_word' id='word_1_296' title='bbox 1215 4121 1291 4208; x_wconf 73' lang='lat' dir='ltr'><strong>&#39;curn</strong></span> <span class='ocrx_word' id='word_1_297' title='bbox 1319 4142 1469 4209; x_wconf 88' lang='lat' dir='ltr'><strong>Boleslao</strong></span> <span class='ocrx_word' id='word_1_298' title='bbox 1494 4147 1586 4231; x_wconf 88' lang='lat' dir='ltr'><strong>tepci,</strong></span> <span class='ocrx_word' id='word_1_299' title='bbox 1611 4155 1644 4210; x_wconf 85' lang='lat' dir='ltr'><strong>et</strong></span> <span class='ocrx_word' id='word_1_300' title='bbox 1667 4145 1727 4210; x_wconf 87' lang='lat' dir='ltr'><strong>boo</strong></span> <span class='ocrx_word' id='word_1_301' title='bbox 1762 4145 1881 4209; x_wconf 88' lang='lat' dir='ltr'><strong>donum</strong></span> <span class='ocrx_word' id='word_1_302' title='bbox 1905 4147 1995 4231; x_wconf 87' lang='lat' dir='ltr'><strong>quod</strong></span> 
     </span>
     <span class='ocr_line' id='line_1_32' title="bbox 309 4249 1995 4338; baseline 0.001 -26"><span class='ocrx_word' id='word_1_303' title='bbox 309 4259 421 4314; x_wconf 86' lang='lat' dir='ltr'><strong>sancto</strong></span> <span class='ocrx_word' id='word_1_304' title='bbox 454 4252 576 4315; x_wconf 87' lang='lat' dir='ltr'><strong>martiri</strong></span> <span class='ocrx_word' id='word_1_305' title='bbox 611 4253 726 4316; x_wconf 89' lang='lat' dir='ltr'><strong>intuitu</strong></span> <span class='ocrx_word' id='word_1_306' title='bbox 758 4252 810 4316; x_wconf 90' lang='lat' dir='ltr'><strong>dei</strong></span> <span class='ocrx_word' id='word_1_307' title='bbox 842 4263 874 4316; x_wconf 93' lang='lat' dir='ltr'><strong>et</strong></span> <span class='ocrx_word' id='word_1_308' title='bbox 902 4275 958 4336; x_wconf 91' lang='lat' dir='ltr'><strong>pro</strong></span> <span class='ocrx_word' id='word_1_309' title='bbox 990 4249 1132 4315; x_wconf 89' lang='lat' dir='ltr'><strong>remedio</strong></span> <span class='ocrx_word' id='word_1_310' title='bbox 1165 4273 1308 4316; x_wconf 88' lang='lat' dir='ltr'><strong>meorum</strong></span> <span class='ocrx_word' id='word_1_311' title='bbox 1346 4250 1610 4338; x_wconf 87' lang='lat' dir='ltr'><strong>predecessorum</strong></span> <span class='ocrx_word' id='word_1_312' title='bbox 1643 4252 1825 4315; x_wconf 86' lang='lat' dir='ltr'><strong>animarum</strong></span> <span class='ocrx_word' id='word_1_313' title='bbox 1853 4251 1995 4315; x_wconf 86' lang='lat' dir='ltr'><strong>feceram</strong></span> 
     </span>
     <span class='ocr_line' id='line_1_33' title="bbox 307 4353 1996 4442; baseline 0.001 -25"><span class='ocrx_word' id='word_1_314' title='bbox 307 4353 580 4436; x_wconf 84' lang='lat' dir='ltr'><strong>contradicebant,</strong></span> <span class='ocrx_word' id='word_1_315' title='bbox 603 4365 635 4418; x_wconf 88' lang='lat' dir='ltr'><strong>et</strong></span> <span class='ocrx_word' id='word_1_316' title='bbox 650 4355 691 4420; x_wconf 87' lang='lat' dir='ltr'><strong>ad</strong></span> <span class='ocrx_word' id='word_1_317' title='bbox 716 4355 868 4422; x_wconf 88' lang='lat' dir='ltr'><strong>nichilum</strong></span> <span class='ocrx_word' id='word_1_318' title='bbox 887 4355 1039 4421; x_wconf 89' lang='lat' dir='ltr'><strong>deuenire</strong></span> <span class='ocrx_word' id='word_1_319' title='bbox 1056 4355 1258 4438; x_wconf 81' lang='lat' dir='ltr'><strong>satagebant,</strong></span> <span class='ocrx_word' id='word_1_320' title='bbox 1275 4355 1420 4421; x_wconf 85' lang='lat' dir='ltr'><strong>dicentes</strong></span> <span class='ocrx_word' id='word_1_321' title='bbox 1438 4359 1541 4442; x_wconf 85' lang='lat' dir='ltr'><strong>ipsam</strong></span> <span class='ocrx_word' id='word_1_322' title='bbox 1559 4364 1677 4420; x_wconf 87' lang='lat' dir='ltr'><strong>terram</strong></span> <span class='ocrx_word' id='word_1_323' title='bbox 1702 4381 1721 4420; x_wconf 90' lang='lat' dir='ltr'><strong>a</strong></span> <span class='ocrx_word' id='word_1_324' title='bbox 1747 4379 1824 4440; x_wconf 84' lang='lat' dir='ltr'><strong>rege</strong></span> <span class='ocrx_word' id='word_1_325' title='bbox 1848 4356 1996 4442; x_wconf 86' lang='lat' dir='ltr'><strong>predicto</strong></span> 
     </span>
     <span class='ocr_line' id='line_1_34' title="bbox 307 4459 1996 4546; baseline 0.002 -24"><span class='ocrx_word' id='word_1_326' title='bbox 307 4459 369 4523; x_wconf 91' lang='lat' dir='ltr'><strong>sibi</strong></span> <span class='ocrx_word' id='word_1_327' title='bbox 393 4483 465 4523; x_wconf 89' lang='lat' dir='ltr'><strong>esse</strong></span> <span class='ocrx_word' id='word_1_328' title='bbox 490 4468 687 4524; x_wconf 85' lang='lat' dir='ltr'><strong>concessam.</strong></span> <span class='ocrx_word' id='word_1_329' title='bbox 713 4459 765 4524; x_wconf 88' lang='lat' dir='ltr'><strong>Ob</strong></span> <span class='ocrx_word' id='word_1_330' title='bbox 789 4483 885 4546; x_wconf 89' lang='lat' dir='ltr'><strong>quam</strong></span> <span class='ocrx_word' id='word_1_331' title='bbox 913 4463 1009 4546; x_wconf 86' lang='lat' dir='ltr'><strong>igitur</strong></span> <span class='ocrx_word' id='word_1_332' title='bbox 1036 4463 1287 4542; x_wconf 87' lang='lat' dir='ltr'><strong>contentionem,</strong></span> <span class='ocrx_word' id='word_1_333' title='bbox 1313 4460 1365 4524; x_wconf 86' lang='lat' dir='ltr'><strong>die</strong></span> <span class='ocrx_word' id='word_1_334' title='bbox 1390 4471 1502 4525; x_wconf 91' lang='lat' dir='ltr'><strong>sancto</strong></span> <span class='ocrx_word' id='word_1_335' title='bbox 1526 4482 1622 4545; x_wconf 86' lang='lat' dir='ltr'><strong>pasce</strong></span> <span class='ocrx_word' id='word_1_336' title='bbox 1646 4459 1755 4525; x_wconf 89' lang='lat' dir='ltr'><strong>studui</strong></span> <span class='ocrx_word' id='word_1_337' title='bbox 1779 4461 1894 4525; x_wconf 85' lang='lat' dir='ltr'><strong>adesse</strong></span> <span class='ocrx_word' id='word_1_338' title='bbox 1918 4471 1996 4526; x_wconf 89' lang='lat' dir='ltr'><strong>ante</strong></span> 
     </span>
     <span class='ocr_line' id='line_1_35' title="bbox 308 4565 1995 4652; baseline 0.002 -24"><span class='ocrx_word' id='word_1_339' title='bbox 308 4567 504 4650; x_wconf 86' lang='lat' dir='ltr'><strong>presentiam</strong></span> <span class='ocrx_word' id='word_1_340' title='bbox 529 4565 665 4652; x_wconf 90' lang='lat' dir='ltr'><strong>predicti</strong></span> <span class='ocrx_word' id='word_1_341' title='bbox 689 4569 786 4649; x_wconf 83' lang='lat' dir='ltr'><strong>regis,</strong></span> <span class='ocrx_word' id='word_1_342' title='bbox 810 4567 864 4631; x_wconf 92' lang='lat' dir='ltr'><strong>ubi</strong></span> <span class='ocrx_word' id='word_1_343' title='bbox 890 4591 954 4631; x_wconf 91' lang='lat' dir='ltr'><strong>non</strong></span> <span class='ocrx_word' id='word_1_344' title='bbox 979 4567 1105 4632; x_wconf 87' lang='lat' dir='ltr'><strong>modica</strong></span> <span class='ocrx_word' id='word_1_345' title='bbox 1129 4565 1224 4632; x_wconf 87' lang='lat' dir='ltr'><strong>turba</strong></span> <span class='ocrx_word' id='word_1_346' title='bbox 1250 4565 1416 4647; x_wconf 88' lang='lat' dir='ltr'><strong>nobilium,</strong></span> <span class='ocrx_word' id='word_1_347' title='bbox 1441 4577 1505 4629; x_wconf 88' lang='lat' dir='ltr'><strong>tam</strong></span> <span class='ocrx_word' id='word_1_348' title='bbox 1531 4565 1772 4630; x_wconf 81' lang='lat' dir='ltr'><strong>Obroatorum⁸</strong></span> <span class='ocrx_word' id='word_1_349' title='bbox 1796 4590 1892 4652; x_wconf 84' lang='lat' dir='ltr'><strong>quam</strong></span> <span class='ocrx_word' id='word_1_350' title='bbox 1917 4567 1995 4632; x_wconf 91' lang='lat' dir='ltr'><strong>Dal-</strong></span> 
     </span>
     <span class='ocr_line' id='line_1_36' title="bbox 307 4669 1994 4754; baseline 0.002 -21"><span class='ocrx_word' id='word_1_351' title='bbox 307 4671 500 4735; x_wconf 87' lang='lat' dir='ltr'><strong>matinorom</strong></span> <span class='ocrx_word' id='word_1_352' title='bbox 525 4671 669 4736; x_wconf 87' lang='lat' dir='ltr'><strong>adherat.</strong></span> <span class='ocrx_word' id='word_1_353' title='bbox 701 4671 794 4736; x_wconf 79' lang='lat' dir='ltr'><strong>&#39;lunc</strong></span> <span class='ocrx_word' id='word_1_354' title='bbox 817 4694 924 4737; x_wconf 86' lang='lat' dir='ltr'><strong>coram</strong></span> <span class='ocrx_word' id='word_1_355' title='bbox 958 4672 1108 4738; x_wconf 89' lang='lat' dir='ltr'><strong>omnibus</strong></span> <span class='ocrx_word' id='word_1_356' title='bbox 1142 4671 1339 4754; x_wconf 87' lang='lat' dir='ltr'><strong>interrogaui</strong></span> <span class='ocrx_word' id='word_1_357' title='bbox 1373 4671 1450 4734; x_wconf 87' lang='lat' dir='ltr'><strong>satis</strong></span> <span class='ocrx_word' id='word_1_358' title='bbox 1483 4669 1654 4754; x_wconf 87' lang='lat' dir='ltr'><strong>diligenter</strong></span> <span class='ocrx_word' id='word_1_359' title='bbox 1684 4671 1851 4736; x_wconf 89' lang='lat' dir='ltr'><strong>dominnm</strong></span> <span class='ocrx_word' id='word_1_360' title='bbox 1887 4695 1994 4736; x_wconf 89' lang='lat' dir='ltr'><strong>meum</strong></span> 
     </span>
     <span class='ocr_line' id='line_1_37' title="bbox 308 4775 1995 4862; baseline 0.002 -24"><span class='ocrx_word' id='word_1_361' title='bbox 308 4796 428 4857; x_wconf 81' lang='lat' dir='ltr'><strong>regom,</strong></span> <span class='ocrx_word' id='word_1_362' title='bbox 464 4776 490 4838; x_wconf 90' lang='lat' dir='ltr'><strong>si</strong></span> <span class='ocrx_word' id='word_1_363' title='bbox 524 4775 681 4840; x_wconf 82' lang='lat' dir='ltr'><strong>tantillam</strong></span> <span class='ocrx_word' id='word_1_364' title='bbox 716 4775 926 4841; x_wconf 85' lang='lat' dir='ltr'><strong>hereditatem</strong></span> <span class='ocrx_word' id='word_1_365' title='bbox 960 4799 1064 4840; x_wconf 90' lang='lat' dir='ltr'><strong>meam</strong></span> <span class='ocrx_word' id='word_1_366' title='bbox 1096 4775 1160 4841; x_wconf 90' lang='lat' dir='ltr'><strong>illis</strong></span> <span class='ocrx_word' id='word_1_367' title='bbox 1196 4775 1322 4861; x_wconf 89' lang='lat' dir='ltr'><strong>iupanis</strong></span> <span class='ocrx_word' id='word_1_368' title='bbox 1359 4775 1478 4841; x_wconf 82' lang='lat' dir='ltr'><strong>babere</strong></span> <span class='ocrx_word' id='word_1_369' title='bbox 1514 4779 1738 4858; x_wconf 85' lang='lat' dir='ltr'><strong>concessisset,</strong></span> <span class='ocrx_word' id='word_1_370' title='bbox 1773 4778 1884 4862; x_wconf 91' lang='lat' dir='ltr'><strong>quiin</strong></span> <span class='ocrx_word' id='word_1_371' title='bbox 1910 4777 1995 4841; x_wconf 85' lang='lat' dir='ltr'><strong>facie</strong></span> 
     </span>
     <span class='ocr_line' id='line_1_38' title="bbox 307 4879 1991 4968; baseline 0.001 -24"><span class='ocrx_word' id='word_1_372' title='bbox 307 4879 449 4944; x_wconf 89' lang='lat' dir='ltr'><strong>omnium</strong></span> <span class='ocrx_word' id='word_1_373' title='bbox 490 4879 547 4944; x_wconf 75' lang='lat' dir='ltr'><strong>id⁰</strong></span> <span class='ocrx_word' id='word_1_374' title='bbox 582 4903 616 4944; x_wconf 92' lang='lat' dir='ltr'><strong>se</strong></span> <span class='ocrx_word' id='word_1_375' title='bbox 648 4882 779 4946; x_wconf 89' lang='lat' dir='ltr'><strong>minime</strong></span> <span class='ocrx_word' id='word_1_376' title='bbox 815 4882 921 4966; x_wconf 84' lang='lat' dir='ltr'><strong>egisse</strong></span> <span class='ocrx_word' id='word_1_377' title='bbox 955 4879 1172 4966; x_wconf 85' lang='lat' dir='ltr'><strong>respondit¹¹,</strong></span> <span class='ocrx_word' id='word_1_378' title='bbox 1198 4890 1304 4965; x_wconf 77' lang='lat' dir='ltr'><strong>atque</strong></span> <span class='ocrx_word' id='word_1_379' title='bbox 1336 4883 1398 4944; x_wconf 90' lang='lat' dir='ltr'><strong>mei</strong></span> <span class='ocrx_word' id='word_1_380' title='bbox 1431 4883 1633 4964; x_wconf 86' lang='lat' dir='ltr'><strong>misertus¹¹,</strong></span> <span class='ocrx_word' id='word_1_381' title='bbox 1657 4881 1794 4968; x_wconf 87' lang='lat' dir='ltr'><strong>largitus</strong></span> <span class='ocrx_word' id='word_1_382' title='bbox 1819 4892 1868 4946; x_wconf 91' lang='lat' dir='ltr'><strong>est</strong></span> <span class='ocrx_word' id='word_1_383' title='bbox 1893 4881 1991 4946; x_wconf 89' lang='lat' dir='ltr'><strong>michi</strong></span> 
     </span>
     <span class='ocr_line' id='line_1_39' title="bbox 307 4983 1994 5071; baseline 0.002 -23"><span class='ocrx_word' id='word_1_384' title='bbox 307 4983 449 5070; x_wconf 84' lang='lat' dir='ltr'><strong>legatum</strong></span> <span class='ocrx_word' id='word_1_385' title='bbox 474 5007 567 5049; x_wconf 91' lang='lat' dir='ltr'><strong>suum</strong></span> <span class='ocrx_word' id='word_1_386' title='bbox 593 4987 721 5050; x_wconf 90' lang='lat' dir='ltr'><strong>nomine</strong></span> <span class='ocrx_word' id='word_1_387' title='bbox 744 4983 912 5071; x_wconf 86' lang='lat' dir='ltr'><strong>Apriciurn</strong></span> <span class='ocrx_word' id='word_1_388' title='bbox 948 4984 1144 5065; x_wconf 87' lang='lat' dir='ltr'><strong>Socolarem,</strong></span> <span class='ocrx_word' id='word_1_389' title='bbox 1169 4987 1224 5071; x_wconf 90' lang='lat' dir='ltr'><strong>qui</strong></span> <span class='ocrx_word' id='word_1_390' title='bbox 1248 4985 1337 5069; x_wconf 82' lang='lat' dir='ltr'><strong>regia</strong></span> <span class='ocrx_word' id='word_1_391' title='bbox 1361 4985 1462 5051; x_wconf 86' lang='lat' dir='ltr'><strong>fretus</strong></span> <span class='ocrx_word' id='word_1_392' title='bbox 1485 4989 1683 5068; x_wconf 86' lang='lat' dir='ltr'><strong>auctoritate,</strong></span> <span class='ocrx_word' id='word_1_393' title='bbox 1709 4987 1804 5052; x_wconf 91' lang='lat' dir='ltr'><strong>miehi</strong></span> <span class='ocrx_word' id='word_1_394' title='bbox 1829 4997 1862 5052; x_wconf 92' lang='lat' dir='ltr'><strong>et</strong></span> <span class='ocrx_word' id='word_1_395' title='bbox 1885 5010 1994 5052; x_wconf 89' lang='lat' dir='ltr'><strong>meam</strong></span> 
     </span>
    </p>
   </div>
   <div class='ocr_carea' id='block_1_11' title="bbox 308 5179 1997 5432">
    <p class='ocr_par' dir='ltr' id='par_1_11' title="bbox 308 5179 1997 5432">
     <span class='ocr_line' id='line_1_40' title="bbox 418 5179 1997 5257; baseline 0 -16"><span class='ocrx_word' id='word_1_396' title='bbox 418 5184 549 5257; x_wconf 84' lang='lat' dir='ltr'><strong>¹Drugis</strong></span> <span class='ocrx_word' id='word_1_397' title='bbox 582 5186 690 5255; x_wconf 90' lang='lat' dir='ltr'><strong>prepis:</strong></span> <span class='ocrx_word' id='word_1_398' title='bbox 727 5185 904 5241; x_wconf 83' lang='lat' dir='ltr'><strong>rnonastcric.</strong></span> <span class='ocrx_word' id='word_1_399' title='bbox 942 5179 1033 5238; x_wconf 67' lang='grc' dir='ltr'><strong>9οἰῑο.</strong></span> <span class='ocrx_word' id='word_1_400' title='bbox 1070 5179 1125 5240; x_wconf 84' lang='lat' dir='ltr'><strong>³U</strong></span> <span class='ocrx_word' id='word_1_401' title='bbox 1156 5185 1272 5256; x_wconf 81' lang='lat' dir='ltr'><strong>drugom</strong></span> <span class='ocrx_word' id='word_1_402' title='bbox 1300 5183 1431 5254; x_wconf 86' lang='lat' dir='ltr'><strong>prepisu:</strong></span> <span class='ocrx_word' id='word_1_403' title='bbox 1464 5187 1629 5256; x_wconf 78' lang='lat' dir='ltr'><strong>imperante.</strong></span> <span class='ocrx_word' id='word_1_404' title='bbox 1662 5179 1796 5256; x_wconf 80' lang='lat' dir='ltr'><strong>¹Valjda</strong></span> <span class='ocrx_word' id='word_1_405' title='bbox 1830 5186 1929 5253; x_wconf 88' lang='lat' dir='ltr'><strong>Vilice,</strong></span> <span class='ocrx_word' id='word_1_406' title='bbox 1964 5187 1997 5242; x_wconf 93' lang='lat' dir='ltr'><strong>ili</strong></span> 
     </span>
     <span class='ocr_line' id='line_1_41' title="bbox 310 5265 1996 5345; baseline 0 -17"><span class='ocrx_word' id='word_1_407' title='bbox 310 5271 396 5328; x_wconf 87' lang='lat' dir='ltr'><strong>Vilici</strong></span> <span class='ocrx_word' id='word_1_408' title='bbox 422 5304 458 5316; x_wconf 90' lang='lat'>—</span> <span class='ocrx_word' id='word_1_409' title='bbox 486 5273 558 5329; x_wconf 83' lang='lat' dir='ltr'><strong>v&#39;lci.</strong></span> <span class='ocrx_word' id='word_1_410' title='bbox 585 5268 663 5328; x_wconf 59' lang='grc' dir='ltr'><strong>ὁ130.</strong></span> <span class='ocrx_word' id='word_1_411' title='bbox 682 5273 792 5345; x_wconf 85' lang='lat' dir='ltr'><strong>prepis:</strong></span> <span class='ocrx_word' id='word_1_412' title='bbox 816 5271 963 5329; x_wconf 84' lang='lat' dir='ltr'><strong>Suhovari.</strong></span> <span class='ocrx_word' id='word_1_413' title='bbox 986 5265 1066 5327; x_wconf 81' lang='lat' dir='ltr'><strong>⁶Dr·.</strong></span> <span class='ocrx_word' id='word_1_414' title='bbox 1091 5271 1201 5343; x_wconf 88' lang='lat' dir='ltr'><strong>prepis:</strong></span> <span class='ocrx_word' id='word_1_415' title='bbox 1225 5270 1328 5326; x_wconf 88' lang='lat' dir='ltr'><strong>Dubio.</strong></span> <span class='ocrx_word' id='word_1_416' title='bbox 1353 5266 1434 5325; x_wconf 85' lang='lat' dir='ltr'><strong>⁷Dr.</strong></span> <span class='ocrx_word' id='word_1_417' title='bbox 1461 5289 1504 5341; x_wconf 88' lang='lat' dir='ltr'><strong>pr.</strong></span> <span class='ocrx_word' id='word_1_418' title='bbox 1528 5272 1671 5328; x_wconf 85' lang='lat' dir='ltr'><strong>Volcimir.</strong></span> <span class='ocrx_word' id='word_1_419' title='bbox 1699 5269 1778 5328; x_wconf 73' lang='grc' dir='ltr'><strong>Β00.</strong></span> <span class='ocrx_word' id='word_1_420' title='bbox 1803 5289 1844 5344; x_wconf 90' lang='lat' dir='ltr'><strong>pr.</strong></span> <span class='ocrx_word' id='word_1_421' title='bbox 1861 5271 1996 5328; x_wconf 80' lang='lat' dir='ltr'><strong>chroati-</strong></span> 
     </span>
     <span class='ocr_line' id='line_1_42' title="bbox 308 5353 1540 5432; baseline -0.003 -16"><span class='ocrx_word' id='word_1_422' title='bbox 308 5377 417 5416; x_wconf 88' lang='lat' dir='ltr'><strong>norum.</strong></span> <span class='ocrx_word' id='word_1_423' title='bbox 443 5355 521 5419; x_wconf 67' lang='grc' dir='ltr'><strong>9Ι)0.</strong></span> <span class='ocrx_word' id='word_1_424' title='bbox 546 5378 587 5432; x_wconf 91' lang='lat' dir='ltr'><strong>pr.</strong></span> <span class='ocrx_word' id='word_1_425' title='bbox 611 5361 693 5418; x_wconf 84' lang='lat' dir='ltr'><strong>Tunc</strong></span> <span class='ocrx_word' id='word_1_426' title='bbox 717 5378 763 5416; x_wconf 87' lang='lat' dir='ltr'><strong>rex</strong></span> <span class='ocrx_word' id='word_1_427' title='bbox 783 5379 876 5418; x_wconf 85' lang='lat' dir='ltr'><strong>coram</strong></span> <span class='ocrx_word' id='word_1_428' title='bbox 896 5359 1026 5415; x_wconf 89' lang='lat' dir='ltr'><strong>omnibus</strong></span> <span class='ocrx_word' id='word_1_429' title='bbox 1049 5359 1128 5414; x_wconf 91' lang='lat' dir='ltr'><strong>illud.</strong></span> <span class='ocrx_word' id='word_1_430' title='bbox 1158 5354 1185 5391; x_wconf 89' lang='lat'><strong>¹⁰</strong></span> <span class='ocrx_word' id='word_1_431' title='bbox 1199 5359 1276 5422; x_wconf 82' lang='lat' dir='ltr'><strong>dixit.</strong></span> <span class='ocrx_word' id='word_1_432' title='bbox 1309 5353 1333 5390; x_wconf 90' lang='lat'><strong>¹¹</strong></span> <span class='ocrx_word' id='word_1_433' title='bbox 1350 5358 1540 5414; x_wconf 85' lang='lat' dir='ltr'><strong>miserescens.</strong></span> 
     </span>
    </p>
   </div>
   <div class='ocr_carea' id='block_1_12' title="bbox 0 0 2164 5908">
    <p class='ocr_par' dir='ltr' id='par_1_12' title="bbox 0 0 2164 5908">
     <span class='ocr_line' id='line_1_43' title="bbox 0 0 2164 5908; baseline 0 0"><span class='ocrx_word' id='word_1_434' title='bbox 0 0 2164 5908; x_wconf 95' lang='lat' dir='ltr'><strong> </strong></span> 
     </span>
    </p>
   </div>
  </div>
 </body>
</html>
