4292 5926
305 377 349 442 26

305 569 613 652 excommunicetur,
637 577 669 633 et
694 591 766 634 cum
790 570 1011 637 condemnatis
1037 571 1278 654 condemnetur,
1302 581 1398 638 etex
1423 579 1513 659 parte
1536 579 1656 655 nostra,
1684 572 1834 658 quamuis
1871 591 1983 656 pecca·

216 679 220 690 '
306 683 392 738 tores
417 721 424 738 .
451 725 458 740 .
483 683 515 738 et
538 675 571 738 in
595 674 735 740 secundo
759 675 903 741 aduentu
926 687 1114 765 appareant.
1140 677 1181 742 Et
1205 681 1288 744 sient
1311 678 1491 759 luminaria,
1516 701 1579 764 que
1594 687 1722 742 avento
1739 677 1985 760 extinguuntur,

309 781 548 864 extinguantur.
574 778 642 858 Ego
665 788 772 845 autem
798 781 940 868 prefatus
964 783 1121 848 Ursacius
1145 785 1327 871 episcopus,
1350 805 1407 870 per
1432 783 1629 849 voluntatem
1653 783 1796 848 omnium
1825 777 1985 846 nobilium

306 895 339 951 et
363 887 553 950 auctoritato
576 888 748 970 communi,
772 890 902 974 propria
925 911 1021 953 manu
1046 890 1171 976 scripsi.
1615 903 1618 910 “

458 1083 603 1154 Illyricum
627 1101 749 1140 sacrum.
772 1087 807 1142 Τ.
831 1088 882 1142 Vl.
905 1095 952 1143 str.
978 1089 1050 1146 433.

965 1379 1192 1462 XXXVII.
1220 1381 1329 1462 1129.

352 1574 467 1650 Mitutj
489 1533 767 1650 tistup'radarelrt
791 1578 897 1652 doruje
920 1582 1093 1638 samostaau
1113 1595 1155 1640 aa.
1178 1578 1278 1636 laona
1301 1579 1357 1640 Eu.
1382 1553 1613 1652 trodBelqrndu,
1629 1576 1722 1634 erton
1736 1591 1779 1636 sn.
1795 1573 1943 1647 Mttatjn.

462 1763 612 1829 Almifice
637 1765 867 1830 incarnationis
892 1764 995 1830 Jhesu
1017 1764 1148 1846 Christi,
1172 1775 1345 1851 nostreque
1369 1764 1582 1849 reparationis
1605 1783 1690 1826 anno
1726 1760 1848 1826 domini
1880 1759 1982 1824 mille

305 1867 385 1932 simo
410 1865 567 1936 CXXIX.
590 1871 740 1954 abeunte,
766 1872 950 1936 indictionis
973 1870 1031 1936 VI.
1055 1870 1213 1936 elabente.
1234 1865 1306 1956 Ego
1331 1868 1499 1960 M(ichael)
1524 1868 1634 1932 diuina
1658 1865 1788 1930 fauente
1814 1865 1991 1930 clementia

305 1971 389 2036 alme
411 1973 585 2040 Anastasia
609 1977 762 2041 cathedra
784 1977 978 2063 presulante,
1002 1986 1112 2040 notum
1137 1977 1221 2042 facio
1245 1986 1310 2050 tam
1335 1975 1550 2062 presentibus,
1575 1996 1671 2060 qnam
1696 1981 1728 2036 et
1758 1974 1890 2038 remotis
1921 1981 1987 2035 sta·

279 2074 371 2141 'bile
394 2077 597 2164 priuilegium
623 2080 781 2146 libertatis
805 2081 942 2146 ecclesie
967 2091 1153 2146 sanctorum
1178 2080 1296 2145 Oosme
1320 2091 1352 2145 et
1386 2079 1548 2162 Damiani,
1581 2101 1677 2166 quam
1711 2077 1881 2143 ecclesiam
1913 2087 1992 2163 post

304 2185 524 2248 reuersionem
547 2185 714 2268 Romania,
739 2185 1043 2272 desolacionemque
1070 2187 1247 2269 ciuitatum,
1268 2186 1334 2250 dux
1353 2185 1568 2250 venezisrum
1587 2184 1683 2250 michi
1700 2185 1863 2250 concessit
1877 2182 1993 2255 abere,

305 2289 466 2373 quamde
490 2312 523 2353 ro
549 2292 691 2355 maxima
715 2291 868 2356 colleccio
894 2291 1084 2355 clericorum
1107 2291 1167 2356 hac
1191 2291 1345 2356 laicorum
1374 2294 1541 2356 unanimes
1564 2288 1784 2355 veneruntad
1809 2309 1870 2370 me,
1895 2288 1992 2352 obni-

304 2415 410 2479 xeque
436 2407 632 2479 rogauerunt
650 2419 710 2476 me,
736 2408 770 2461 ut
794 2421 854 2482 ego
879 2397 1089 2462 concederem
1116 2399 1177 2462 sibi
1201 2397 1358 2482 prefatam
1380 2397 1561 2478 ecclesiam,
1592 2396 1679 2482 quod
1709 2395 1772 2459 deo
1805 2393 1991 2458 illustrante

307 2496 475 2564 fauorabili
500 2500 664 2566 voluntate
687 2503 738 2567 rol
763 2506 947 2589 precamine
970 2505 1102 2568 istorum
1136 2503 1317 2567 condonaui
1352 2503 1461 2566 abbati
1492 2501 1634 2566 Johanui
1667 2502 1799 2586 suisque
1828 2497 1990 2562 fratribus

305 2603 475 2669 ecclesiam
499 2605 543 2670 M.
569 2607 630 2672 frui
655 2607 773 2673 diuinis
789 2610 915 2690 olfieiis,
939 2630 996 2695 pro
1009 2607 1180 2672 ablucione
1197 2629 1327 2672 suornm
1344 2608 1523 2672 facinorum
1540 2607 1593 2671 vel
1613 2627 1744 2672 suorum
1761 2605 1989 2684 comissorum,

311 2710 396 2795 quod
420 2713 446 2775 si
470 2711 587 2798 aliquis
611 2737 733 2799 procax
768 2725 888 2778 temere
921 2715 979 2780 hoc
1015 2737 1121 2800 meum
1157 2723 1341 2778 exaratrum
1377 2735 1582 2800 corrumpere
1614 2712 1829 2797 temptauerit,
1861 2708 1986 2773 habeat

305 2811 563 2881 maledictionem
587 2818 639 2882 dei
664 2829 697 2883 ct
720 2829 936 2884 trecentorum
961 2820 1005 2886 X.
1029 2831 1061 2883 ct
1080 2819 1170 2888 VIII.
1195 2813 1331 2905 patrum,
1355 2843 1415 2885 ncc
1443 2843 1511 2884 non
1548 2831 1580 2884 et
1616 2841 1730 2896 meam,
1766 2817 1836 2880 iner
1871 2817 1915 2878 sit
1946 2814 1990 2879 ab

304 2922 452 2986 omnibus
478 2923 570 2987 bonis
591 2925 623 2987 in
647 2924 763 3006 futuro,
789 2928 951 3012 particeps
976 2928 1017 2990 sit
1041 2949 1114 2989 cum
1140 2925 1221 2989 Iuda
1245 2927 1417 3011 proditore.
1442 2925 1547 2989 Huius
1571 2926 1617 2989 rei
1641 2935 1741 2988 testes
1772 2920 1891 3001 Micha,
1926 2919 1990 2985 Oo-

304 3040 387 3108 tona,
412 3027 521 3092 Mieha
544 3029 584 3093 de
608 3029 767 3110 Starecca,
792 3031 931 3096 Michael
954 3031 994 3095 de
1019 3031 1136 3112 Panna,
1159 3028 1294 3112 Ouaille,
1316 3032 1487 3096 Domazza.
1512 3030 1583 3114 Ego
1600 3027 1728 3093 Medius
1745 3025 1890 3091 Vernula
1908 3027 1988 3112 (sic)

305 3135 407 3198 sancti
429 3132 599 3198 Michaelis
624 3135 707 3200 hanc
731 3136 917 3201 scandulam
943 3139 1059 3223 scripsi
1084 3145 1116 3201 et
1137 3135 1231 3201 huius
1247 3138 1295 3200 rei
1320 3144 1409 3202 testis
1434 3159 1538 3202 suum.

453 3237 688 3304 Testimonium
713 3241 753 3306 de
776 3244 881 3306 vinea.
911 3244 921 3280 ¹

458 3343 483 3406 li
507 3357 582 3408 sunt
605 3347 780 3410 testimonii
803 3347 844 3411 de
866 3349 970 3412 vinea.
995 3347 1032 3410 ln
1057 3348 1169 3432 primis
1192 3347 1351 3432 presbiter
1374 3345 1581 3427 Benedictus,
1605 3343 1787 3409 Pribislauo
1810 3343 1897 3408 lilius
1925 3343 1991 3408 Bo·

312 3445 382 3530 lesi,
407 3447 527 3530 Priboi,
552 3449 637 3514 filius
660 3451 783 3534 Viroui,
813 3451 969 3533 Vilcouic,
994 3452 1132 3538 Dragos,
1155 3450 1364 3536 Vilcodruga,
1390 3450 1528 3532 Golube,
1553 3449 1731 3532 Prodanus,
1756 3449 1844 3514 filius
1875 3447 1989 3513 Vilco-

309 3555 381 3630 seri,
406 3552 584 3640 Opprinna,
608 3553 780 3642 Obropizo,
806 3556 1051 3640 Dalmozanino,
1078 3555 1253 3632 Grubessa,
1277 3556 1405 3638 Priben,
1431 3555 1582 3631 Bratona‚
1608 3555 1781 3636 Dessinna,
1806 3553 1989 3618 monachus

303 3657 386 3746 (m0)
411 3657 548 3743 Medius,
574 3661 751 3726 monachus
775 3660 951 3746 Grubessa,
975 3663 1060 3727 tilius
1084 3661 1224 3742 Vicussi,
1251 3659 1380 3742 Graiae,
1404 3661 1575 3742 Drasimir,
1600 3659 1738 3744 Vilcina,
1762 3659 1849 3725 filius
1883 3658 1989 3740 Tulei,

306 3763 520 3851 Pristauopor
542 3776 575 3830 et
598 3765 749 3832 Brncona
772 3776 804 3832 et
826 3767 965 3850 Tolima,
989 3767 1169 3833 Damianos
1192 3769 1328 3834 clericus
1351 3777 1483 3853 rogatus
1504 3768 1630 3854 scripsi.

454 3964 643 4020 Polichorion.
668 3965 694 4022 U
718 3965 818 4020 arkiru
841 3966 907 4040 gub.
931 3967 1115 4040 zadarshoga.

950 4258 1201 4340 XXXVIII.
1230 4251 1364 4340 1129.

313 4435 400 4493 Vrna
422 4439 493 4508 opat
515 4439 681 4496 morsostira
703 4455 746 4499 su.
775 4437 921 4511 srjepana
955 4439 1013 4498 troci
1044 4437 1158 4516 Setina,
1192 4437 1329 4511 urerijuje
1360 4439 1483 4514 praeire
1516 4437 1663 4510 eemoljah
1695 4452 1786 4510 scopo
1819 4438 1992 4496 monostirn

980 4557 1106 4646 (proved
1128 4558 1308 4642 tattianslri).

454 4747 515 4812 Nel
542 4771 636 4813 nome
660 4749 691 4812 di
717 4747 856 4816 Christo.
882 4749 998 4816 Amen.
1022 4749 1058 4813 L’
1082 4771 1167 4814 anno
1202 4749 1287 4814 della
1318 4747 1352 4812 di
1385 4747 1428 4812 lui
1465 4749 1685 4813 incarnatione
1722 4747 1816 4813 1129.
1850 4747 1989 4813 Abbate

303 4855 404 4920 Virna
431 4853 580 4919 havendo
604 4854 635 4919 la
658 4877 736 4920 cura
759 4855 811 4919 del
836 4865 1018 4921 monastero
1043 4855 1074 4919 di
1100 4879 1156 4919 ran
1181 4853 1322 4937 Stefano,
1347 4853 1387 4918 ho
1412 4862 1582 4939 procurato
1618 4875 1678 4917 con
1710 4854 1786 4938 ogni
1820 4851 1991 4940 ditigenaa

459 5119 468 5156 ¹
493 5123 554 5180 Ora
578 5123 700 5195 biljerku
725 5121 862 5179 uvrttena
881 5127 912 5195 Je
934 5143 952 5181 u
975 5124 1111 5194 rukopisn
1135 5123 1236 5179 odmah
1261 5125 1344 5194 iapod
1367 5127 1467 5196 gornJe
1502 5125 1605 5196 listins,
1638 5143 1677 5181 nu
1707 5143 1825 5182 uanam
1859 5125 1922 5181 doli
1959 5145 1992 5183 se

305 5211 460 5282 darorsnjc
483 5213 640 5284 vinograda
663 5213 717 5266 ima
743 5211 873 5282 takodjer
897 5213 1026 5284 pripisati
1049 5213 1324 5283 ritespomenutomu
1348 5213 1481 5284 biskupu.
