4310 5918
326 401 390 469 132

324 603 516 674 nostrorum,
546 617 658 680 regum
690 594 795 660 silicet
826 593 1180 676 excellentissimorum,
1204 596 1237 658 in
1269 595 1391 680 campis
1415 603 1447 658 et
1475 595 1644 672 territoriis
1666 591 2010 681 plurimis'predictum

325 701 554 764 monasterium
574 701 756 764 inuenimns
779 699 1028 784 priuilegiatum.
1077 700 1142 763 Nos
1168 722 1286 784 ergoa
1320 699 1604 786 predecessoribus
1636 703 1756 766 nostris
1788 703 1818 765 in
1844 701 1932 766 nullo
1960 702 2013 766 de·

325 808 458 888 uiantes,
491 828 548 892 pro
573 806 714 870 remedio
739 809 845 870 anime
870 827 948 886 mee,
966 827 1176 891 meorumque
1205 808 1345 870 emnium
1371 805 1605 888 defunctorum,
1623 806 1787 870 efferimus
1810 807 1871 872 hoc
1894 819 1927 870 et
1949 817 2013 870 sta-

326 911 433 976 biliter
449 912 685 976 horumtenore
699 911 855 976 donamus
872 911 928 974 tibi
950 911 1135 975 beatissimo
1152 910 1376 996 G(risogono),
1400 914 1523 976 martiri
1539 911 1690 996 glorioso,
1709 925 1740 978 et
1764 935 1821 998 per
1836 923 1868 978 te
1883 913 2014 978 domino

328 1016 432 1100 Petro,
456 1027 509 1082 tue
533 1028 643 1082 sancte
667 1016 740 1082 aul'e
763 1016 861 1102 digne
878 1016 997 1099 abbati,
1023 1029 1163 1094 nostram
1184 1019 1345 1104 propriam
1369 1015 1515 1096 insulam,
1540 1019 1572 1080 in
1597 1027 1706 1082 nostro
1731 1016 1909 1083 dalmatico
1933 1021 2014 1083 mari

325 1121 430 1206 sitam,
453 1145 517 1209 que
542 1131 676 1186 vocatur
702 1121 822 1201 Manui,
849 1118 898 1185 cui
926 1145 969 1186 ex
995 1121 1141 1186 orientali
1170 1133 1258 1207 parte
1275 1121 1401 1185 adiacet
1416 1120 1532 1206 insula,
1552 1145 1614 1210 que
1632 1125 1663 1186 in
1681 1121 1810 1208 vulgari
1828 1122 2013 1190 sclauonice

325 1223 422 1310 Veru,
456 1239 669 1316 nuncupatur,
696 1238 730 1292 ut
754 1250 822 1292 earn
850 1227 967 1292 babeat
992 1237 1024 1292 et
1047 1226 1211 1314 possideat
1235 1229 1266 1292 in
1291 1237 1445 1307 eternum,
1466 1225 1589 1314 absque
1614 1229 1803 1314 cuiusquam
1830 1228 2013 1294 mortalium

327 1333 556 1418 inquietudine,
583 1333 761 1420 predictum
795 1333 987 1396 sanctissimi
1012 1333 1151 1396 martiris
1184 1332 1424 1414 monasterium,
1457 1355 1530 1396 nam
1556 1333 1602 1396 sic
1627 1334 1711 1397 bona
1735 1345 1845 1397 nestra
1868 1331 2016 1398 decreuit

327 1437 486 1521 voluntas,
513 1439 728 1502 annuentibus
753 1448 785 1502 et
808 1437 1066 1524 supplicantibus
1091 1439 1250 1501 uniuersis
1276 1440 1376 1502 nostri
1399 1440 1490 1522 regni
1514 1439 1728 1525 principibus.
1753 1437 1798 1504 Ut
1821 1450 1928 1504 antem
1953 1439 2015 1503 hec
2105 1427 2110 1444 ⁸

326 1553 435 1608 nostra
458 1545 589 1608 donatio
614 1546 644 1607 in
670 1553 814 1608 eternum
840 1543 991 1608 fundetur
1014 1553 1046 1608 et
1069 1542 1242 1608 stabilitate
1261 1557 1416 1630 perpetua
1436 1555 1633 1630 perseueret,
1648 1568 1730 1624 enm,
1754 1556 1864 1608 nestra
1888 1556 2015 1610 nostro·

326 1672 462 1734 rumque
493 1651 716 1735 episcoporum
748 1650 961 1732 attestatione,
995 1648 1155 1735 simulque
1184 1673 1257 1714 cram
1290 1653 1464 1714 testacione
1496 1651 1715 1734 astringimus,
1747 1661 1778 1714 et
1809 1650 2015 1715 inuiolabiter

328 1757 558 1841 premunimus,
583 1765 769 1838 statuentes,
803 1765 835 1818 ut
856 1755 1051 1841 quicumque
1070 1753 1249 1818 mortalium
1275 1757 1442 1818 immemor
1465 1755 1566 1820 diuini
1591 1757 1758 1820 examinis
1782 1767 1814 1820 et
1844 1778 2017 1841 peruersor

330 1871 437 1925 nostre
461 1863 550 1944 regie
573 1860 740 1945 dignitatis
764 1859 903 1924 voluerit
927 1883 1066 1946 unquam
1093 1883 1173 1924 ausu
1199 1863 1368 1925 temerarie
1393 1861 1433 1924 de
1457 1861 1603 1947 predicta
1628 1861 1733 1925 insula
1758 1886 1775 1924 a
1799 1861 1891 1926 nobis
1924 1885 2015 1946 rega·

328 1967 401 2031 liter
424 1989 587 2049 concessa,
617 1967 845 2030 monasterium
866 1967 1059 2030 sanctissimi
1087 1965 1293 2053 G(risegeni)
1317 1967 1506 2052 inquietare,
1532 1966 1692 2054 simulque
1716 1977 1827 2032 nostra
1847 1969 1917 2031 iura
1940 1991 2017 2031 con·

327 2071 471 2151 fundere,
497 2073 639 2136 incurrat
663 2073 741 2135 iram
767 2094 864 2157 super
882 2073 945 2135 iam
963 2071 1059 2136 futuri
1079 2071 1198 2154 indicii,
1224 2081 1256 2136 et
1279 2073 1320 2136 sit
1337 2095 1410 2136 rens
1435 2073 1465 2136 in
1484 2082 1659 2158 conspectu
1677 2075 1813 2138 extremi
1844 2076 2015 2144 examinis.

327 2200 399 2242 cum
421 2175 565 2258 Herode,
583 2175 718 2240 Judaet
742 2175 872 2241 Simone
902 2199 1005 2262 mago,
1037 2179 1216 2264 portionem
1240 2179 1272 2240 in
1298 2187 1442 2242 eternum
1467 2175 1646 2262 habiturus,
1671 2189 1703 2242 et
1726 2177 1918 2243 Antichristi
1939 2201 2016 2242 con·

327 2285 460 2348 sortium
486 2303 701 2368 possessurus,
726 2281 767 2344 ab
791 2283 1009 2368 omnipotente
1027 2283 1098 2365 deo,
1115 2285 1247 2369 suisque
1271 2281 1434 2369 apostolis,
1462 2295 1494 2347 et
1518 2294 1633 2348 cuncta
1661 2293 1847 2348 sanctorum
1873 2295 1957 2366 cetu,
1982 2293 2014 2348 et

328 2387 514 2453 beatissimo
539 2387 752 2474 G(risegon0)
767 2386 1022 2452 maledictionem
1040 2389 1177 2474 accipiat
1189 2391 1426 2474 sempiternam,
1448 2399 1479 2452 et
1501 2399 1609 2453 nostre
1630 2389 1730 2474 regali
1758 2391 1859 2470 curie,
1880 2390 2015 2474 quibus·

326 2517 464 2580 cumque
481 2492 721 2557 suecessoribus
739 2493 818 2556 meis
835 2491 976 2579 regibus,
992 2489 1129 2578 iupanis,
1158 2492 1341 2574 comitibus,
1366 2495 1434 2558 siue
1452 2493 1545 2558 banis
1562 2503 1734 2579 componat
1757 2494 1856 2558 libras
1879 2496 1949 2558 auri
1976 2491 2014 2558 l),

326 2603 413 2664 etin
437 2607 545 2664 nostro
569 2621 668 2684 regne
693 2607 848 2684 perpetue
872 2599 913 2662 sit
937 2595 1078 2664 infamis.
1101 2601 1131 2680 †.
1155 2595 1225 2683 Ego
1244 2597 1399 2664 Oresimir
1416 2622 1487 2680 ,rex
1519 2597 1685 2686 Oru(acie)
1710 2609 1806 2686 atque
1827 2599 2015 2666 Dalmaeie.

318 2707 347 2785 .†
370 2703 442 2788 Ego
466 2702 648 2788 Stephanus
666 2701 766 2768 Jadre
790 2705 962 2790 episcopus
986 2705 1122 2788 signaui.
1145 2702 1190 2766 Et
1213 2703 1272 2770 hec
1297 2713 1371 2768 sunt
1396 2705 1525 2768 nomina
1548 2706 1678 2768 testium
1703 2707 1758 2790 qui
1783 2707 1813 2768 in
1838 2705 1899 2769 lrec
1921 2705 2011 2769 facte

326 2809 549 2874 interfuerunt.
574 2811 594 2890 †
619 2805 758 2873 Admizo
776 2809 927 2872 nonensis
944 2803 1089 2894 iupan'us,
1109 2811 1208 2889 testis,
1224 2808 1409 2873 Bolesclaus
1427 2809 1556 2873 curialis
1582 2833 1700 2892 comes,
1724 2814 1824 2893 testis,
1852 2811 2014 2876 Viachizo

327 2917 462 3001 inpanus
494 2913 534 2978 de
557 2913 645 2978 Luca
669 2916 769 2995 testis,
794 2918 824 2996 †.
850 2913 988 2979 Volessa
1003 2913 1065 2978 dad
1083 2917 1183 2994 testis,
1202 2914 1312 2980 Budea
1336 2915 1492 3002 postelnic
1517 2916 1724 2981 berberensis
1748 2918 1886 3003 iupenus
1911 2920 2014 2998 testis,

325 3020 491 3086 Johannes
514 3021 600 3104 regis
624 3019 809 3105 capellanus
833 3023 932 3101 testis,
957 3019 1070 3083 Petrus
1087 3019 1205 3106 regalis
1223 3022 1310 3085 curie
1328 3021 1425 3086 iudex
1442 3023 1541 3103 testis,
1560 3021 1692 3103 Studes,
1711 3024 1839 3108 regalis,
1857 3024 2013 3109 pincerna

326 3129 426 3210 testis,
441 3125 589 3192 dominus
605 3125 672 3190 Leo
691 3125 864 3211 imperialis
882 3127 1134 3210 protospatarius
1166 3149 1204 3189 ac
1227 3125 1515 3190 tociusDalmaoie
1546 3149 1583 3191 ac
1611 3130 1750 3213 iupanus
1783 3130 1883 3210 testis,
1908 3127 2013 3194 Salui-

327 3232 456 3297 sclauus
481 3233 634 3295 nonensis
651 3230 759 3312 iudex,
784 3232 885 3312 testis,
918 3229 1023 3294 Adam
1043 3229 1217 3294 monachus
1249 3233 1349 3295 sancti
1382 3231 1598 3296 Bartlrolomei
1622 3231 1724 3297 abbas
1755 3235 1856 3313 testis,
1896 3234 2013 3300 Petrus

327 3341 463 3425 iupanus
482 3338 522 3402 de
545 3337 681 3422 Sidraga
698 3338 798 3401 testis.
826 3337 999 3422 Dragemir
1023 3339 1159 3422 ispanus
1176 3335 1216 3399 de
1234 3334 1348 3400 (letina
1373 3339 1473 3418 testis,
1498 3338 1647 3404 Andreas
1672 3339 1893 3423 belgradensis
1916 3343 2015 3426 prior,

326 3446 425 3508 testis.
450 3446 479 3524 †.
511 3442 582 3526 lego
607 3441 800 3506 Anastasius
824 3443 918 3506 buius
942 3441 1125 3529 cirographi
1148 3443 1285 3506 dictator
1299 3444 1476 3506 cruatensis
1494 3446 1674 3529 episcopus,
1700 3454 1732 3508 et
1747 3444 1819 3508 aule
1835 3448 1923 3529 regie
1939 3471 2014 3511 can-

326 3549 476 3614 cellarius
501 3551 589 3612 iussu
614 3558 646 3612 et
668 3547 832 3612 voluntate
866 3547 1001 3634 predicti
1035 3548 1154 3611 demini
1188 3550 1248 3611 mei
1281 3549 1365 3631 regis
1400 3551 1514 3634 scripsi
1546 3560 1577 3613 et
1606 3552 1791 3614 confirmabi
1821 3551 1957 3616 feliciter
1982 3557 2012 3618 in

327 3657 456 3718 ciuitate
480 3653 583 3718 Nona.
608 3652 723 3717 Amen.

380 3855 385 3872 ,
485 3803 514 3857 lz
535 3803 648 3874 prepisa
671 3803 706 3858 od
729 3821 757 3874 g.
786 3803 879 3858 1248.
902 3801 929 3859 U
952 3797 1054 3861 arkivu
1077 3822 1094 3863 u
1120 3803 1217 3860 Zadru
1242 3803 1311 3875 Cap.
1335 3803 1443 3861 XVIII,
1467 3803 1508 3859 br.
1534 3805 1605 3860 4³0.

783 4095 935 4180 CLIII.
963 4094 1079 4178 roes.
1109 4093 1295 4196 mjeseea
1322 4091 1548 4197 Itstopada.

271 4265 273 4273 Α
327 4298 475 4359 Krese'mn·
499 4296 555 4358 IV.
580 4293 660 4368 broli
684 4292 819 4354 lsrrurtslri
836 4293 1002 4367 pedietjen'e
1034 4297 1207 4353 semosteaa
1227 4308 1269 4351 se.
1297 4290 1384 4350 Teme
1414 4309 1433 4351 n
1464 4291 1617 4366 Belqrndn
1648 4293 1731 4364 njeke
1764 4293 1879 4354 slebede
1901 4296 1913 4352 ι’
1937 4293 2007 4353 Irre-
2094 4301 2098 4314 ’

930 4401 1039 4473 deusto
1055 4399 1196 4473 ramly'itte
1219 4395 1412 4458 Resoknts'eu.

830 4571 880 4637 De
904 4570 1053 4637 libertate
1077 4569 1214 4635 ecclesie
1239 4572 1340 4634 sancti
1367 4567 1499 4634 Thema.

485 4715 521 4780 In
551 4717 681 4781 nomine
713 4723 822 4777 sancte
857 4723 888 4776 et
920 4710 1086 4776 indiuidua
1125 4712 1288 4792 trinitatis,
1321 4733 1405 4774 anno
1436 4733 1565 4797 quoque
1589 4711 1755 4776 dominice
1778 4713 2012 4777 incarnationis

324 4821 493 4888 millesime
518 4820 640 4885 LXIX.
666 4817 839 4882 indictione
864 4815 956 4903 Vltl)
981 4839 1089 4881 mense
1113 4816 1268 4880 octubris.
1295 4813 1367 4900 Ego
1392 4813 1583 4902 Chresymir
1599 4841 1658 4881 rex
1676 4816 1893 4882 Chresterum
1911 4827 2011 4903 atque

327 4929 593 5006 Dalmatinorum,
618 4925 835 4988 testimonium
859 4921 942 4986 facio
967 4943 1037 4986 cum
1070 4921 1220 4986 omnibus
1250 4919 1412 4985 nobilibus
1445 4923 1536 5004 meis,
1561 4921 1646 5008 quod
1683 4925 1876 4987 monasterio
1907 4923 2012 4986 sancti

324 5035 448 5098 Thema
480 5029 616 5117 apostoli
649 5029 709 5094 sub
737 5051 833 5093 manu
858 5027 986 5113 domine
1009 5027 1161 5108 Dabriae,
1180 5025 1325 5090 eiusdem
1352 5030 1537 5091 monasterii
1563 5031 1681 5111 matris,
1707 5029 1857 5093 conferre
1879 5030 2008 5094 firmum

323 5135 535 5222 stabilemque
559 5135 763 5200 obseruando
786 5135 934 5212 decerno,
964 5133 1087 5198 scilicet
1111 5143 1146 5197 ut
1170 5133 1254 5196 idem
1283 5135 1516 5196 monasterium
1535 5133 1652 5198 amodo
1669 5144 1700 5197 et
1715 5133 1869 5218 deinceps
1886 5133 2011 5218 absque

323 5245 409 5307 omni
430 5241 550 5307 tribute
574 5250 729 5328 perpetue
746 5241 864 5304 existat
887 5239 1035 5314 liberum,
1059 5241 1104 5302 ita
1128 5249 1162 5302 ut
1186 5261 1246 5302 nec
1272 5237 1364 5320 mihi,
1390 5259 1448 5302 neo
1470 5240 1550 5303 meis
1573 5239 1814 5302 successoribus
1838 5237 2012 5304 cuiuslibet
2129 5251 2134 5269 ¹

321 5347 560 5424 consuetudinis
591 5345 700 5412 debite
732 5345 930 5434 implicatum
951 5365 1023 5409 esse
1040 5342 1197 5426 videatur,
1222 5345 1284 5408 nisi
1316 5353 1426 5408 tamam
1445 5343 1666 5410 uoluntariam
1691 5342 1855 5432 exibeln)s
1878 5342 2007 5410 honori·
