4350 5932
301 423 343 486 36

298 617 488 698 Ωιιιιῒθςιιε
512 613 573 677 deo
597 613 768 676 miserante
792 611 865 676 talis
890 613 992 697 possis
1017 613 1166 692 existere,
1191 611 1316 697 qualern
1335 633 1427 676 sacra
1454 609 1548 675 lectio
1564 611 1708 696 precipit,
1726 610 1846 675 dicens:
1865 610 2003 696 Oportet

320 721 505 804 episcopum
531 716 844 802 irreprehensibilem
881 739 962 781 esse.
986 714 1050 780 Sed
1075 714 1125 779 his
1158 716 1307 780 omnibus
1332 719 1377 780 uti
1409 715 1580 779 salubriter
1603 717 1732 801 poteris,
1757 717 1782 780 si
1810 717 1998 798 magistram

302 825 475 887 karitatem
500 822 660 904 habueris,
685 844 781 907 quam
806 823 860 906 qui
893 831 1032 885 sectatus
1070 822 1174 904 fuerit,
1199 845 1218 884 a
1241 832 1328 886 recto
1361 823 1488 884 tramite
1522 842 1584 884 non
1620 821 1751 885 recedit.
1788 821 1875 884 Ecce
1900 820 2001 884 frater

301 928 483 1010 karissime,
508 930 591 990 inter
616 926 715 990 multa
739 926 802 990 alia
824 929 886 989 ista
911 937 985 990 sunt
1008 913 1196 1007 sacerdotii,
1218 929 1280 990 ista
1303 937 1376 990 sunt
1392 925 1478 1012 palii,
1497 949 1580 1012 quae
1598 927 1624 989 si
1642 924 1783 990 studiose
1805 928 1999 1006 seruaueris,

270 1051 277 1058 ·
301 1033 386 1118 quod
411 1032 490 1096 foris
513 1033 679 1118 accepisse
704 1033 882 1096 ostenderis
908 1033 993 1095 intus
1018 1031 1163 1097 habebis.
1188 1031 1303 1097 Fidem
1330 1042 1437 1096 autem
1461 1033 1494 1096 in
1527 1033 1590 1096 tuis
1619 1031 1762 1118 epistolis
1786 1031 1931 1096 breuiter
1953 1053 2003 1095 as-

301 1139 468 1222 scripsisti,
494 1137 836 1222 literario‘explanare
855 1136 1018 1202 debuerat.
1045 1137 1252 1222 Redemptori
1277 1146 1384 1201 tamen
1414 1123 1538 1220 gratias
1572 1139 1698 1220 egimus
1729 1136 1813 1223 quod
1847 1138 1944 1199 etiam
1970 1137 2002 1198 in

301 1243 372 1327 ipsa
396 1243 553 1306 breuitate
586 1263 655 1306 esse
688 1244 899 1328 cognocimus
934 1251 1065 1306 rectam.
1092 1241 1210 1306 Sancta
1243 1244 1367 1306 trinitas
1390 1241 1640 1306 fraternitatem
1674 1251 1814 1306 vestram
1840 1263 1898 1308 sue
1930 1263 2002 1326 pro·

300 1349 449 1411 tectionis
472 1348 658 1428 circumdet,
689 1359 785 1432 atque
814 1349 847 1410 in
881 1347 1005 1410 timoris
1039 1347 1088 1410 sui
1121 1348 1174 1409 via
1206 1370 1263 1412 nos
1295 1347 1424 1430 dirigat,
1455 1358 1490 1410 ut
1517 1369 1557 1432 po
1575 1358 1606 1422 st
1630 1349 1695 1410 vite
1731 1346 1825 1410 huius
1848 1347 2000 1410 amaritu-
2029 1423 2031 1426 Ι

303 1452 421 1532 dinem,
447 1453 487 1516 ad
521 1463 662 1516 eternam
680 1452 773 1516 simul
792 1451 998 1516 dulcedinem
1019 1453 1188 1538 peruenire
1215 1475 1404 1518 mereamur.
1424 1452 1596 1540 Scriptum
1614 1475 1671 1539 per
1691 1473 1820 1516 manum
1838 1450 2001 1516 Theodori

303 1557 438 1640 diaconi,
461 1560 544 1622 sacri
568 1557 678 1644 palatii
702 1559 870 1622 scriniarii.
1823 1555 1830 1566 '

462 1731 582 1796 BENE
605 1731 796 1798 VALurn.

463 1909 550 1972 Data
572 1907 680 1974 XVII.
706 1907 862 1971 kalendas
886 1907 976 1972 Junii
1002 1929 1059 1992 per
1083 1929 1196 1971 manus
1216 1863 1421 1992 Theopilacti
1440 1907 1666 1972 archidiaconi
1691 1917 1800 1972 sancte
1824 1909 2001 1990 apostolice

295 2007 403 2078 sedis.
426 2011 521 2076 Anno
546 2012 703 2076 Zacharie
720 2012 897 2076 beatissimi
922 2035 1014 2097 pape,
1040 2011 1082 2076 ΙΙ.
1108 2013 1282 2077 indictione
1298 2011 1359 2078 XI.

475 2194 585 2248 Listioa
608 2212 661 2248 ova
683 2195 783 2264 pisana
805 2213 842 2248 na
865 2194 1029 2265 pergameni
1057 2195 1095 2248 26
1125 2194 1180 2264 pal.
1205 2191 1345 2263 dugadlroj
1371 2193 1379 2246 i
1405 2187 1486 2276 ὅῧβιΙ
1500 2194 1557 2264 pal.
1579 2193 1693 2264 tirohcj,
1717 2192 1788 2250 duva
1811 2211 1841 2250 se
1864 2212 1882 2248 u
1907 2211 1929 2248 e.
1955 2193 1999 2254 ks.

303 2282 483 2352 pridvornom
508 2281 605 2334 arkivu
630 2299 646 2334 u
671 2281 757 2336 Bedu.
793 2282 915 2352 Ragnsa.
947 2281 1019 2335 Rub.
1054 2282 1135 2335 Rom.
1168 2281 1214 2336 Νι.
1242 2280 1396 2334 163‚1sru
1421 2281 1517 2336 listinu
1538 2279 1675 2335 smatraie
1698 2282 1794 2353 mnogi
1817 2299 1850 2336 aa
1873 2281 1999 2351 tstljivu

226 2407 235 2422 .
299 2371 346 2439 jcr
367 2387 383 2420 ιι
410 2387 464 2422 ono
489 2369 563 2422 dobs
586 2369 712 2438 nebijasc
729 2369 776 2438 jos
801 2369 984 2424 dubrovadka
1014 2369 1100 2422 crhva
1127 2368 1285 2438 podiguuta
1308 2384 1344 2421 na
1368 2366 1428 2421 dest
1450 2368 1661 2438 nadbiskupije‚
1680 2368 1719 2422 ali
1743 2387 1759 2422 ο
1782 2376 1839 2424 tum
1863 2369 1958 2423 nrima
1980 2387 1999 2424 ιι

180 2497 189 2503 .
232 2509 234 2514 ,
305 2456 393 2510 listini
417 2457 444 2510 ni
470 2449 584 2526 potiora,
605 2473 678 2527 nege
702 2473 731 2510 se
754 2475 790 2526 po
816 2457 990 2526 najstarijem
1017 2454 1142 2538 obidaju‚
1166 2455 1322 2525 podjeljuje
1343 2453 1519 2526 ssmopntt
1540 2445 1697 2526 bislsupslri.

745 2782 842 2864 nn.
876 2783 970 2863 sos.
997 2781 1035 2863 u
1066 2721 1256 2863 cresim
1285 2781 1373 2862 nou
1399 2781 1558 2882 aspra.

306 2981 369 3052 Pop
408 2977 457 3038 leo
480 2982 492 3038 ι’
515 2980 635 3038 hnesovi
670 2979 809 3037 Kodolno
840 2959 934 3051 irljo
966 2977 1108 3050 uredjuju
1128 2995 1149 3034 a
1172 2977 1228 3034 ime
1263 2977 1361 3034 Karta
1393 2976 1525 3050 eelilcopo
1551 2977 1634 3035 Istra
1658 2979 1668 3036 i
1690 2978 1857 3052 aupodjuju
1880 2995 1997 3056 ruspre,

529 3083 573 3141 tto
595 3083 627 3140 ιἸι
644 3084 677 3156 je
701 3085 777 3140 imao
799 3083 862 3155 pule
889 3083 1072 3141 istraaslris
1100 3081 1224 3139 leonem
1247 3081 1365 3140 knesom
1393 3083 1546 3140 isturslstm
1569 3084 1581 3140 t
1601 3099 1616 3141 s
1639 3083 1765 3156 biskupi.

469 3255 504 3318 ln
540 3254 668 3316 nomine
704 3254 812 3338 patris,
847 3261 879 3316 et
911 3250 977 3331 filii,
1019 3261 1051 3316 et
1081 3252 1213 3336 spiritus
1244 3255 1357 3318 sancti.
1389 3251 1504 3316 Amen.
1539 3249 1622 3318 Cum
1654 3274 1712 3317 nos
1737 3255 1995 3338 periussionem

306 3361 452 3445 piissimi,
469 3369 566 3444 atque
591 3356 857 3422 excellentissimi
879 3357 1003 3421 domini
1029 3354 1137 3421 Caroli
1161 3359 1270 3442 magni
1286 3359 1503 3442 Imperatoris,
1520 3369 1552 3422 et
1578 3357 1684 3443 Pipini
1709 3361 1805 3443 regis,
1831 3360 1889 3424 filii
1914 3363 1993 3438 eius,

307 3491 339 3529 m
363 3467 459 3529 lstria
482 3487 540 3526 nos
579 3464 662 3526 serui
697 3483 806 3527 eorum
840 3462 955 3526 directi
992 3463 1175 3540 fuissemus,
1207 3463 1292 3528 idest
1321 3463 1395 3527 Izao
1427 3463 1606 3551 presbyter,
1638 3473 1734 3550 atque
1766 3463 1928 3544 Oadolao,
1964 3478 1996 3532 et

307 3574 369 3634 Aio
404 3572 536 3634 comites
561 3591 618 3654 pro
643 3571 747 3632 causis
772 3577 956 3632 sanctarum
982 3567 1035 3630 dei
1059 3566 1268 3630 ecclesiarum
1286 3567 1487 3642 dominorum
1512 3577 1705 3648 nostrorum,
1730 3591 1786 3633 seu
1809 3580 1842 3634 et
1865 3569 1906 3634 de
1928 3572 1996 3636 vio-

308 3674 406 3739 lentia
429 3673 538 3759 populi
564 3695 751 3758 pauperum,
788 3672 1019 3758 orphanorum,
1046 3681 1077 3734 ct
1101 3672 1281 3754 viduarum,
1314 3673 1425 3758 primis
1447 3673 1588 3736 omnium
1614 3673 1819 3737 venientibus
1844 3673 1938 3740 nobis
1962 3678 1996 3740 in

306 3781 466 3842 territorio
491 3778 665 3863 Camenae,
690 3778 759 3842 loco
784 3779 839 3861 qui
867 3777 986 3840 dieitur
1010 3776 1154 3858 Riaiano,
1179 3777 1288 3862 ibique
1324 3777 1473 3842 adunatis
1503 3775 1682 3841 venerabili
1714 3779 1783 3842 viro
1813 3777 1994 3846 Fortunato

307 3875 499 3969 patriarcha,
523 3896 619 3968 atque
643 3883 823 3958 Theodoro,
856 3882 979 3960 Leone,
1015 3881 1186 3960 Stauratio,
1213 3881 1387 3968 Stephano,
1411 3883 1589 3946 Laurentio
1614 3883 1783 3968 episcopis,
1808 3895 1839 3948 et
1861 3885 1996 3971 reliquis

307 3988 508 4074 primatibus,
533 3987 585 4050 vel
610 3985 727 4070 populo
748 3987 928 4070 ‘provincie
955 3987 1162 4050 istriensium.
1188 3986 1281 4050 Tune
1304 3985 1461 4069 elegimus
1485 3986 1525 4050 de
1549 3977 1691 4070 singulis
1714 3989 1913 4068 ciuitatibus,
1939 4013 1997 4056 seu

308 4092 449 4157 castellis
473 4091 618 4154 homines
643 4071 828 4174 capitaneos
853 4111 987 4154 numero
1014 4103 1142 4153 centum
1176 4092 1380 4174 septuaginta
1404 4103 1435 4155 et
1460 4091 1558 4172 duos;
1586 4091 1720 4156 fecimus
1745 4117 1800 4156 eos
1826 4096 1932 4158 iurare
1954 4096 1995 4160 ad

308 4209 420 4262 sancta
443 4207 580 4281 quatuor
618 4194 737 4259 Christi
774 4195 951 4276 euangelia,
976 4206 1008 4258 et
1031 4197 1166 4279 pignora
1205 4205 1398 4276 sanctorum,
1431 4207 1465 4259 ut
1484 4199 1600 4288 pluuia
1635 4199 1786 4282 quicquid
1830 4201 1994 4283 sciuerint,

309 4303 349 4366 de
373 4323 436 4386 quo
461 4323 518 4363 nos
543 4321 597 4363 cos
621 4301 936 4381 interrogauerimus,
962 4299 1072 4362 dicant
1096 4301 1261 4364 veritatem
1287 4297 1450 4386 Imprimis
1474 4300 1634 4366 derebus
1659 4315 1841 4367 sanctarum
1866 4303 1919 4369 dei
1944 4330 1994 4372 ec-

309 4406 499 4484 clesiarum,
525 4403 641 4468 deinde
666 4403 705 4468 de
738 4405 858 4468 iustitia
884 4405 1087 4468 dominorum
1127 4416 1321 4486 nostrorum,
1356 4428 1421 4468 ssu
1445 4428 1522 4469 vero
1547 4407 1586 4468 de
1610 4395 1772 4488 violentia,
1800 4409 1851 4472 vel
1875 4433 1996 4476 consue

308 4511 419 4576 tudine
452 4509 559 4596 populi
593 4521 676 4572 terre
699 4511 800 4594 ipsius
829 4509 1023 4590 orfanorum,
1055 4519 1087 4572 et
1113 4508 1289 4591 viduarum,
1315 4509 1400 4595 quod
1432 4511 1554 4596 absque
1587 4510 1682 4576 ullius
1714 4511 1852 4578 hominis
1876 4517 1993 4584 timore

309 4615 403 4680 nobis
427 4615 571 4679 dicerent
595 4616 772 4678 veritatem.
796 4613 839 4677 Et
862 4615 922 4698 ipsi
957 4612 1141 4678 detulerunt
1165 4615 1257 4679 nobis
1285 4615 1401 4688 breues
1426 4639 1482 4700 per
1513 4616 1656 4699 singulas
1680 4619 1837 4700 ciuitates,
1863 4620 1915 4684 vel
1940 4645 1992 4686 ca-

310 4720 402 4785 stella
426 4719 510 4805 quod
537 4730 680 4804 tempore
705 4717 920 4799 Constantini,
949 4742 1003 4782 seu
1031 4718 1141 4782 Basilii
1162 4720 1304 4802 magistri
1330 4719 1464 4784 militum
1489 4723 1642 4804 lecerunt,
1668 4724 1878 4806 continentes,
1903 4727 1990 4810 quod

309 4849 329 4890 a
351 4835 442 4912 parte
467 4824 685 4888 ecelesiarum.
700 4846 761 4887 non
786 4824 943 4887 haberent
970 4823 1175 4902 adiutorium,
1200 4847 1260 4887 nec
1284 4847 1358 4888 suas
1383 4809 1642 4890 consuetudines.
1667 4825 1866 4894 Fortunatus
1892 4834 1991 4915 patri-

310 4930 407 4996 archa
430 4929 519 4994 dedit
542 4952 729 5014 responsum
755 4927 983 5014 diaeum-Ego
1001 4932 1111 4994 neseio
1133 4931 1159 4992 si
1184 4951 1281 5013 super
1305 4953 1355 4993 rne
1380 4928 1501 5016 aliquid
1525 4931 1633 4996 dicere
1650 4931 1991 5020 vultis,vcruntamen

309 5058 368 5100 vos
393 5035 481 5100 scitis
504 5056 614 5098 omnes
648 5034 896 5099 consuetudines
929 5056 1009 5120 quas
1032 5057 1051 5097 a
1075 5034 1192 5098 vestris
1217 5034 1361 5117 partibus
1394 5045 1505 5100 sancta
1536 5035 1673 5102 eeclesia
1697 5059 1768 5102 mea
1791 5036 1833 5102 ab
1856 5041 1991 5126 antiquo

295 5152 453 5224 ¹tempore
478 5161 578 5224 usque
603 5162 688 5204 nunc
711 5139 808 5203 dedit.
835 5138 901 5202 Vos
924 5137 1001 5202 mihi
1016 5161 1070 5202 eas
1093 5137 1306 5223 perdonastis,
1328 5149 1459 5224 propter
1481 5139 1567 5225 quod
1588 5163 1648 5226 ego
1678 5141 1872 5228 ubicumque
1904 5147 1993 5229 pptui

311 5246 345 5308 in
369 5252 511 5309 vestrum
534 5245 580 5309 fui
604 5243 774 5324 adiutorio,
799 5253 830 5306 et
853 5264 938 5306 nunc
955 5264 1027 5306 esse
1044 5241 1127 5323 volo,
1148 5253 1180 5305 et
1196 5263 1253 5306 vos
1270 5245 1368 5326 scitis,
1387 5243 1473 5328 quod
1501 5237 1617 5310 militas
1633 5244 1789 5326 dationes,
1806 5245 1857 5312 vel
1874 5248 1993 5314 missos

310 5351 343 5413 in
367 5351 532 5416 seruitium
558 5351 677 5414 domini
714 5348 920 5435 Imperatoris
938 5357 1068 5434 propter
1092 5370 1149 5412 vos
1177 5345 1290 5430 direxi,
1309 5370 1394 5412 nuuc
1409 5359 1516 5414 autem
1536 5348 1674 5434 qualiter
1697 5348 1789 5414 vobis
1815 5347 1929 5434 placet,
1946 5354 1995 5419 ita
