4276 5934
1724 439 1747 527 ξ
1764 441 1826 507 189

1727 539 1828 614 fle

145 652 206 696 rex
230 633 300 697 sine
322 630 412 719 prole
434 629 616 716 decederet,
640 633 673 697 iu
698 647 797 716 regno
822 631 964 720 Ungarie
991 631 1197 719 competebat
1219 631 1332 696 ordine
1361 633 1518 718 geniture,
1554 630 1758 718 prinandum,
1793 641 1825 698 et

145 757 282 821 regnum
306 738 409 822 ipsum
433 736 475 801 ad
508 739 664 803 minorem
696 736 828 803 fratrem
860 747 951 803 tunm
982 736 1176 824 apellatione
1208 739 1387 824 postposita
1420 735 1667 804 deuolueudnm.
1705 736 1826 802 Datum

146 840 301 908 Laterani
323 841 379 908 IV.
406 841 564 908 kalendae
587 841 752 908 februarii.
778 853 791 874 ·

305 1059 397 1130 rates.
423 1059 455 1115 (l.
479 1059 516 1114 D.
539 1077 562 1114 r.
584 1059 623 1118 Η.
646 1057 683 1114 11.
709 1059 780 1115 313.

554 1399 688 1486 CCLI.
716 1403 828 1486 1198.
856 1404 896 1485 6.
924 1400 1105 1506 vellate
1132 1401 1169 1486 ll
1198 1403 1429 1486 Lateranu.

149 1595 307 1656 lmeeneto
330 1593 397 1658 111.
416 1613 502 1671 popo
524 1597 630 1658 adole
652 1599 776 1673 raptore
797 1599 1004 1680 aodoretomrs,
1029 1599 1069 1658 da
1096 1615 1128 1658 se
1162 1599 1301 1659 teabrant
1330 1557 1378 1672 po¹
1403 1599 1617 1674 avjetoonjooilt
1650 1599 1820 1674 aodbtetup

645 1721 720 1780 tosti
742 1723 822 1796 evoje
844 1721 934 1802 liert·
953 1725 981 1782 te
1003 1721 1092 1796 drapt
1114 1722 1243 1782 trattati
1263 1723 1334 1780 tenu.

747 1923 896 2013 Capitulo
921 1935 1031 1994 sancte
1054 1924 1239 1992 Anastasis.

301 2083 356 2148 Ex
379 2083 435 2149 illo
458 2085 614 2169 singulari
637 2083 829 2150 excellentie
853 2085 1033 2170 priuilegio,
1056 2083 1143 2171 quod
1167 2083 1353 2168 unigenitae
1377 2081 1429 2146 dei
1453 2081 1538 2148 filius
1556 2083 1654 2152 Jesue
1670 2083 1820 2153 Ohrietue

154 2189 295 2275 principi
319 2189 415 2255 Petro
439 2191 608 2273 concessit,
631 2200 663 2254 et
685 2198 867 2254 sanctorum
891 2199 1016 2274 patrum
1042 2187 1246 2275 postmodum
1269 2188 1415 2252 instituta
1430 2199 1610 2272 manarunt,
1634 2200 1670 2256 ut
1685 2193 1824 2256 maiores

156 2315 255 2358 cause
277 2294 318 2358 ad
341 2295 451 2360 sedem
475 2293 684 2381 apostolicam
710 2294 938 2381 perferrentur,
961 2303 1130 2382 quatenus,
1155 2291 1243 2382 quod
1266 2313 1364 2380 snper
1383 2294 1430 2358 eie
1462 2292 1596 2361 deberet
1627 2297 1734 2379 statui,
1767 2297 1828 2361 cir-

154 2409 343 2485 cumspecta
365 2401 467 2486 ipsine
488 2401 655 2485 responsio
679 2398 870 2465 declararet.
894 2397 976 2464 Cum
1000 2401 1099 2484 igitur
1121 2401 1155 2462 in
1179 2395 1318 2463 eeclesia
1341 2405 1458 2480 vestra,
1483 2419 1546 2484 que
1562 2397 1623 2464 sub
1647 2399 1832 2466 obedientia

150 2502 239 2568 sedis
262 2504 437 2589 apostolice
461 2527 685 2592 perseuerans,
709 2503 890 2570 Grecorum
913 2503 1069 2569 hactenus
1103 2509 1135 2568 et
1168 2505 1266 2568 ritum
1301 2504 1482 2568 seruauerit
1511 2512 1544 2568 et
1576 2502 1732 2590 linguam,
1773 2527 1832 2592 per

150 2609 300 2675 laicalem
325 2613 511 2698 potentiam,
536 2619 644 2698 preter
662 2620 804 2675 vestram
827 2611 1050 2675 auctoritatem
1074 2619 1106 2674 et
1128 2608 1317 2674 electionem
1342 2615 1495 2691 vestram,
1519 2631 1584 2674 non
1607 2619 1673 2674 tem
1703 2608 1830 2694 latinus,

152 2736 250 2800 quam
276 2715 435 2780 barbarus
459 2717 500 2780 eit
522 2716 675 2797 intrusus,
700 2737 759 2779 nos
783 2715 823 2779 de
846 2714 981 2778 fratrum
1004 2723 1187 2780 nostrorum
1204 2712 1339 2778 consilio
1357 2715 1569 2780 intrusionem
1587 2713 1690 2800 ipsam
1707 2717 1831 2780 irritam

154 2820 376 2896 decernentes,
400 2844 440 2885 ne
463 2820 584 2888 diutius
608 2821 747 2906 pastoris
770 2819 883 2886 solatio
907 2829 1015 2886 vestra
1035 2829 1146 2886 careat
1169 2817 1317 2902 ecclesia,
1343 2819 1436 2886 vobis
1470 2818 1635 2886 humiliter
1666 2820 1831 2907 postulau-

152 2924 250 3007 tibus,
275 2923 453 2990 secundum
477 2935 598 2992 statuta
621 2946 780 2992 canonum
805 2923 843 2992 et'
860 2927 1025 3012 antiquam
1051 2924 1196 2992 eiusdem
1220 2923 1357 2989 ecclesie
1384 2925 1662 3009 consuetudinem,
1693 2925 1828 2992 liberam

153 3031 362 3096 concedimus
384 3029 548 3098 licentiam
573 3029 724 3116 eligendi,
749 3053 806 3116 per
828 3029 1006 3116 apostoliea
1029 3033 1149 3117 scripta
1173 3029 1374 3114 mandantes,
1398 3029 1537 3116 qualiter
1560 3029 1656 3096 talem
1680 3031 1774 3098 vobis
1797 3033 1829 3098 in

153 3149 316 3221 pastorem
342 3134 500 3202 electione
523 3137 678 3202 canonica
701 3135 885 3222 proficiatis,
917 3137 972 3220 qui
1007 3158 1071 3200 non
1105 3137 1211 3200 minus
1247 3134 1400 3222 prodesse
1435 3135 1598 3202 desideret
1633 3146 1665 3200 et
1695 3139 1831 3222 nouerit,

153 3263 251 3328 qnam
274 3263 416 3328 preesse.
441 3241 562 3306 Datum
586 3240 739 3306 Laterani
763 3240 852 3306 VlII.
877 3240 949 3307 idus
973 3239 1127 3306 februarii
1153 3238 1372 3310 MCXCVlll.

303 3438 412 3494 Parlati
436 3439 517 3510 illyr.
539 3436 618 3498 Scor.
642 3438 678 3496 Τ.
701 3437 736 3496 V.
761 3456 789 3510 p.
815 3438 868 3497 56.

699 3727 862 3814 edelr.
889 3731 999 3814 1198.
1026 3729 1090 3814 22.
1118 3729 1287 3832 orutka

160 3907 244 3984 thsoj
268 3903 422 3978 Elimeia,
446 3907 539 3967 aetola
551 3905 713 3988 Krakaao,
727 3909 852 3983 prodais
866 3915 1040 3972 eomoetoms
1056 3927 1099 3972 eo.
1118 3908 1265 3983 Stjepono
1282 3909 1340 3968 leod
1354 3909 1470 3983 Spbetu
1485 3910 1571 3984 ttjeko
1587 3911 1727 3986 nannete
1742 3915 1834 3976 Bada

903 4035 926 4076 a
947 4011 1075 4076 Kura'la.

808 4167 1007 4256 (Talijauelsi
1031 4167 1178 4257 proved).

303 4306 341 4376 L'
363 4331 448 4377 anno
471 4310 504 4374 di
529 4309 659 4376 Christo
682 4311 848 4376 incarnato
875 4311 958 4377 1198
981 4311 1033 4377 nel
1056 4311 1230 4376 indictione
1254 4311 1368 4398 prima.
1402 4310 1443 4374 Al
1466 4321 1574 4399 tempo
1601 4313 1634 4378 di
1658 4312 1828 4381 Grubeeca

151 4427 257 4499 conte,
281 4427 314 4482 et
337 4415 389 4482 nel
412 4418 567 4482 vicarieto
590 4415 623 4482 di
646 4414 760 4482 Reddo
784 4415 1009 4502 Messagalina,
1030 4420 1099 4483 cioe
1123 4441 1142 4481 a
1164 4417 1198 4482 di
1221 4419 1263 4482 22
1287 4415 1340 4482 del
1360 4438 1449 4482 mese
1480 4417 1513 4482 di
1545 4417 1668 4483 Marso.
1704 4417 1833 4484 Gaudio

153 4523 284 4588 Abbete
304 4521 358 4588 del
381 4523 575 4588 monasterio
599 4520 633 4586 di
656 4543 714 4586 sau
738 4520 870 4586 Stefana
892 4533 926 4587 et
948 4521 1088 4588 Mertino
1110 4522 1275 4608 Preposto,
1299 4521 1333 4588 di
1356 4544 1473 4588 comun
1504 4545 1662 4588 consenso
1689 4533 1721 4589 et
1755 4547 1831 4589 con·

155 4627 258 4696 forme
281 4628 412 4696 volonta
436 4626 469 4694 di
491 4629 563 4692 tutti
587 4626 610 4692 li
632 4626 717 4710 frati,
740 4627 829 4694 detto
851 4627 1008 4714 Preposto
1031 4627 1175 4694 hefalto
1199 4626 1220 4690 l’
1244 4626 1442 4693 infrascritto
1465 4629 1593 4692 cambio
1616 4651 1677 4694 con
1701 4628 1828 4695 Vilcoio

155 4733 189 4800 di
213 4731 321 4801 Clieea
343 4741 461 4819 nepote
480 4731 513 4797 di
538 4731 697 4798 Oruoeua.
722 4732 846 4798 Perobe
870 4732 1010 4798 secondo
1032 4731 1053 4797 l'
1077 4743 1221 4799 oostume
1245 4732 1332 4798 della
1364 4736 1467 4819 petria
1501 4733 1547 4819 gli
1581 4733 1624 4800 ba
1657 4745 1829 4821 aeeegnato

155 4851 268 4904 meane
288 4887 297 4906 .
321 4886 329 4904 .
354 4886 362 4904 .
387 4837 420 4904 di
443 4849 529 4904 terra
552 4837 616 4904 alla
636 4837 737 4920 Bada,
761 4837 859 4924 luogo
883 4838 970 4906 detto
991 4861 1012 4904 a
1035 4837 1173 4922 Kurillo,
1197 4841 1282 4905 etin
1307 4837 1389 4904 oltre
1413 4838 1435 4903 li
1458 4839 1502 4904 ha
1524 4841 1678 4925 aggionto
1704 4842 1743 4907 18
1767 4841 1829 4906 Ro·

155 4945 276 5013 manati
299 4941 329 5007 d'
353 4965 410 5010 oro
433 4965 490 5029 per
512 4943 591 5010 total
611 4942 859 5030 edempimeuto,
884 4953 917 5008 et
939 4941 981 5008 ba
1003 4945 1156 5026 ricevuto
1172 4941 1214 5008 de
1236 4943 1281 5009 lui
1308 4943 1340 5010 la
1362 4945 1450 5009 meta
1472 4943 1557 5010 delle
1574 4944 1759 5031 Oalavagie,
1773 4945 1833 5012 obe

155 5049 230 5113 din
250 5046 370 5114 Salona
393 5059 477 5113 sotto
499 5047 520 5113 'l
543 5048 663 5114 molino
683 5049 716 5114 di
740 5047 940 5132 coutentium
965 5058 997 5114 et
1032 5049 1140 5114 vicino
1172 5047 1203 5114 al
1238 5047 1358 5113 molino
1390 5048 1450 5113 obe
1484 5051 1512 5114 ei
1545 5049 1672 5116 chiama
1706 5050 1832 5134 Fracel,

155 5154 225 5219 oieb
251 5151 338 5218 dalla
360 5163 452 5240 parte
473 5153 503 5218 d’
527 5153 678 5240 aquilone
701 5153 785 5220 dove
808 5156 836 5220 si
857 5154 929 5220 dice
953 5152 1026 5220 Out.
1051 5153 1121 5220 Oen
1144 5163 1258 5240 questa
1282 5154 1466 5220 conditione
1500 5155 1587 5242 perd,
1619 5153 1679 5220 obe
1711 5179 1828 5222 renun-

153 5258 264 5325 tiando
286 5257 373 5325 detto
397 5257 504 5326 Vilcoi
526 5259 569 5325 ad
591 5261 667 5347 ogni
690 5261 834 5346 ragione,
856 5269 888 5326 et
910 5261 1039 5344 attieno,
1062 5259 1123 5325 che
1146 5257 1273 5325 havera
1304 5281 1401 5347 sopra
1422 5258 1455 5324 di
1479 5259 1595 5347 quella,
1629 5259 1671 5326 da
1698 5260 1721 5325 il
1751 5263 1823 5352 gius
