4300 5930
330 404 413 520 140·

330 599 418 682 scopi
443 598 547 673 electi,
572 604 603 661 et
626 595 780 660 Damiani
805 597 949 662 eiusdem
972 594 1062 660 urbis
1084 595 1185 660 incliti
1198 597 1335 661 comitis.
1359 595 1433 681 Ego
1455 617 1572 681 nempe
1595 595 1772 676 Raddicbs,
1796 596 1882 664 lilius
1899 596 2008 662 Sram·
2138 667 2140 686 ,

329 701 406 766 liani
429 699 537 781 Ysaci,
562 700 746 782 duernione,
770 699 923 765 dimissus
945 700 1118 786 pristaldos
1141 725 1160 765 a
1184 700 1348 786 Stephano
1373 699 1500 766 Yerace
1524 713 1556 766 et
1579 701 1736 766 Sracinuo
1752 702 1894 768 Besanni
1918 705 2021 787 iupa-¹

329 808 388 888 nis,
410 807 498 870 mitto
520 817 552 870 te
575 805 781 870 Dominicum
809 817 990 870 sanctorum
1024 803 1142 870 cosme
1177 817 1209 870 et
1242 805 1393 882 Damiani
1429 807 1579 872 abbatem
1615 819 1647 894 et
1681 831 1792 872 omnes
1831 807 2009 872 monachos

327 910 473 976 eiusdem
498 911 626 976 cenobii
651 923 714 974 tam
740 922 906 996 presentes
931 934 1027 997 quam
1052 911 1185 992 futuros,
1219 935 1276 998 per
1313 912 1530 997 predictorum
1565 914 1779 998 iuppanorum
1800 915 2006 992 sententiam,

328 1027 393 1083 tam
417 1019 450 1082 in
476 1019 604 1081 vineam
628 1039 724 1103 qnam
749 1019 782 1080 in
805 1020 931 1082 cunctis
956 1019 1124 1082 territoriis
1149 1026 1181 1081 et
1203 1015 1476 1103 possessionibus,
1500 1039 1564 1104 que
1587 1017 1750 1083 Bruconia
1774 1040 1846 1082 cum
1864 1019 1932 1082 suis
1952 1015 2009 1080 he·

328 1119 460 1188 redibua
483 1131 561 1208 aput
583 1121 708 1186 Tenum
734 1124 765 1186 in
791 1123 987 1187 territorium
1011 1125 1059 1208 (o)
1084 1121 1235 1202 Moimiri,
1261 1121 1373 1191 fratris
1394 1122 1542 1204 Drascei,
1567 1121 1688 1190 habere
1711 1122 1889 1204 dicebatur,
1919 1121 2008 1207 quod

328 1227 424 1294 idem*
438 1227 568 1295 lllcimir
591 1229 768 1313 antiquitus
793 1228 987 1292 monasterio
1012 1228 1115 1292 sancti
1137 1225 1297 1292 Jcbannis
1322 1227 1521 1313 euangeliste
1541 1249 1600 1313 pro
1621 1251 1679 1293 sue
1710 1230 1818 1294 anime
1849 1225 2007 1307 remedio,

328 1335 412 1398 sicut
434 1334 592 1418 superiori
618 1332 741 1397 cartula
764 1334 955 1414 continetur,
980 1325 1167 1414 donauerat,
1194 1330 1249 1395 tali
1275 1331 1428 1398 videlicet
1451 1332 1574 1414 ordine,
1610 1343 1645 1397 ut
1677 1335 1786 1414 omnia
1817 1331 2009 1420 supradicta

326 1437 611 1504 iurebereditaric
636 1439 804 1524 perpetuis
824 1426 1023 1524 temporibus
1047 1435 1193 1502 babeatis
1213 1449 1245 1500 et
1268 1437 1471 1524 possideatis,
1493 1461 1532 1502 ac
1555 1447 1590 1502 ut
1613 1437 1698 1504 idem
1724 1437 1888 1502 Bruconia
1904 1439 1938 1502 in
1955 1435 2009 1501 bis

325 1567 362 1610 se
387 1541 427 1607 de
451 1552 556 1607 cetero
579 1565 642 1606 non
667 1543 857 1606 intromittat
880 1565 937 1628 per
961 1565 1004 1625 se,
1030 1565 1134 1629 neque
1157 1566 1215 1627 per
1239 1546 1454 1608 intermissam
1481 1566 1662 1630 personam,
1696 1567 1754 1630 per
1785 1543 2006 1630 predictorum

328 1649 448 1714 iudicio
472 1650 684 1734 iuppancrum
709 1671 778 1712 sum
803 1647 955 1729 directus,
982 1659 1016 1712 ut
1037 1647 1081 1712 X.
1106 1647 1206 1713 boues
1236 1672 1254 1711 a
1288 1649 1460 1715 iamdicto
1492 1649 1654 1714 Bruconic
1689 1651 1882 1736 acciperem,
1918 1647 2007 1736 quod

327 1766 359 1819 et
381 1753 442 1818 feci
467 1765 499 1819 et
521 1754 763 1839 pristaustinam
787 1755 903 1838 recepi,
925 1752 1010 1838 qnod
1033 1776 1139 1818 meum
1166 1755 1216 1818 ius
1238 1753 1351 1830 fuerat,
1376 1753 1437 1818 sibi
1463 1756 1594 1842 suisque
1618 1753 1793 1820 heredibus
1810 1764 2004 1840 perpetuum

329 1860 498 1924 silencium
524 1859 692 1945 imponens
719 1880 765 1938 eo,
791 1856 875 1944 qnod
895 1859 1032 1944 ydoneis
1056 1858 1191 1922 testibus
1215 1857 1320 1922 fuerat
1344 1859 1566 1946 approbatum,
1597 1859 1682 1946 quod
1715 1861 1740 1924 si
1778 1881 1843 1946 qua
1867 1859 1912 1923 ibi
1947 1857 2003 1922 ali·

327 1963 457 2050 quando
482 1963 647 2044 babuerat,
672 1962 795 2048 prefato
820 1963 1014 2030 monasterio
1038 1985 1095 2048 pro
1120 1961 1213 2028 XXI.
1231 1966 1406 2027 romanatis
1422 1967 1491 2028 auri
1508 1965 1709 2047 vendiderat,
1726 1964 1845 2029 iudicio
1862 1986 2002 2051 quorum

328 2075 541 2157 iuppanorurn
565 2068 610 2132 lrii
635 2066 759 2133 nobiles
783 2069 944 2132 affuerunt
967 2079 1084 2134 testes:
1109 2067 1257 2132 Boricius
1282 2067 1431 2149 Gnesicb,
1456 2070 1615 2134 Martinus
1639 2068 1778 2147 Slurnffl,
1808 2069 2005 2134 'l'rnnzanus

330 2174 509 2258 Michaelis,
533 2173 680 2240 Gaudius
704 2173 817 2256 Nosse,
842 2170 1009 2240 Grubessa
1033 2173 1073 2238 de
1097 2172 1220 2259 Jcscph
1245 2183 1277 2237 et
1301 2173 1390 2239 multi
1415 2175 1480 2257 alii,
1510 2185 1573 2240 tam
1610 2175 1718 2240 Sclani
1754 2197 1851 2261 quam
1884 2175 2006 2240 Latini.

330 2280 396 2346 Ubi
419 2293 526 2346 autem
550 2302 610 2344 vos
633 2281 665 2343 in
690 2280 807 2344 vestris
832 2277 1091 2364 possessionibus
1115 2280 1282 2360 intromisi,
1306 2279 1436 2345 fuerunt
1458 2281 1503 2345 bii
1520 2292 1635 2347 testes:
1660 2269 1826 2368 predictus
1844 2280 2008 2353 Boricius,

323 2384 490 2467 Vilninnn,
515 2383 607 2450 Tolei
630 2383 727 2467 filius,
752 2381 919 2448 Beloscius
947 2384 987 2450 de
1018 2384 1119 2466 Tenc,
1153 2383 1308 2466 lacobus,
1343 2383 1548 2472 Chropinuce
1581 2388 1677 2471 filius,
1714 2398 1746 2451 et
1780 2408 1840 2472 ego
1872 2387 2004 2452 Blasius

329 2491 485 2558 diaconus
509 2501 541 2556 et
563 2489 723 2556 iadrensis
747 2491 901 2572 notarius,
924 2491 978 2576 qui
1002 2489 1087 2556 facto
1111 2490 1240 2555 interfui
1265 2500 1297 2555 et
1320 2494 1427 2556 omnia
1450 2515 1513 2578 que
1549 2492 1691 2576 predicta
1714 2503 1789 2557 sunt
1822 2515 1842 2558 a
1876 2489 2005 2578 prefato

329 2597 483 2685 pristaldo
506 2596 625 2678 audiui,
650 2595 708 2661 bas
732 2595 926 2662 difinicionis
949 2598 1095 2684 paginas,
1119 2598 1245 2683 scripsi,
1271 2597 1420 2662 roboraui
1445 2609 1477 2663 et
1500 2595 1594 2663 solito
1618 2600 1711 2683 signo
1735 2599 1874 2685 signani.

444 2811 447 2819 ’
478 2795 666 2855 Policborion.
690 2796 779 2852 Arkiv
802 2796 867 2869 gub.
894 2796 954 2855 ned.

688 3027 1008 3175 conxxvnr.
1035 3091 1140 3174 nst.
1167 3091 1234 3178 eo.
1261 3092 1402 3194 rnna.
1430 3089 1467 3174 u
1494 3089 1646 3175 raom.

327 3255 482 3330 Petrotijn
504 3256 650 3332 Nepomin
675 3255 814 3330 kolodler
836 3255 986 3329 nodarati,
1010 3255 1138 3314 sotedoti
1171 3253 1248 3314 taire
1276 3255 1307 3327 je
1340 3253 1487 3314 Scinimtr
1518 3254 1598 3327 trab
1629 3253 1766 3313 tractati
1798 3253 1886 3326 ructo
1920 3253 2008 3326 sche

708 3362 848 3436 remljidte
871 3361 1000 3422 dorooao
1021 3361 1159 3435 uictuma
1180 3359 1292 3420 mostra
1307 3360 1460 3434 prudpedu
1483 3345 1617 3421 Seram.
1681 3345 1685 3352 ¹

481 3553 572 3620 Anno
597 3551 832 3616 incarnacionis
855 3549 977 3615 domini
1004 3551 1104 3614 nostri
1127 3547 1230 3614 Jbesu
1255 3547 1376 3614 Christi
1400 3547 1569 3613 millesimo
1586 3549 1762 3614 centesimo
1779 3550 2003 3635 octuagesimo

328 3661 476 3748 septimo,
500 3679 610 3724 mense
634 3647 819 3745 septembri,
844 3655 896 3720 die
918 3655 1040 3737 ultimo,
1073 3653 1255 3719 indiccione
1283 3664 1386 3736 sexta,
1416 3653 1474 3741 (V)
1497 3653 1607 3720 Jadre.
1638 3653 1854 3740 Temporibus
1878 3654 2004 3720 domini

327 3767 427 3831 nostri
453 3763 541 3841 Bele,
565 3763 616 3828 dei
641 3763 751 3848 gracia
774 3761 978 3826 inuictissimi
999 3762 1086 3844 regis
1110 3759 1287 3845 Huugarie‚
1312 3758 1490 3843 Dalmaoie,
1515 3757 1671 3825 Chroacie
1702 3769 1799 3846 atquc
1833 3759 1946 3842 Rame,
1971 3773 2005 3825 et

326 3871 414 3937 Petri
439 3871 597 3936 iadertine
622 3867 708 3932 sedis
732 3865 927 3932 venerabilis
950 3864 1195 3952 archiepiscopi,
1228 3888 1267 3930 ac
1290 3865 1441 3930 Damiaui
1466 3865 1610 3931 eiusdem
1634 3867 1775 3930 ciuitatis
1791 3865 2004 3931 illustrissimi

328 3978 464 4043 comitis.
489 3975 661 4039 Testilicor
684 3985 743 4058 ego
768 3970 927 4057 siquidem
955 3971 1102 4036 Petraoia
1125 3969 1299 4054 Negomire
1323 3993 1487 4054 monacus,
1510 3981 1542 4036 et
1571 3973 1602 4035 in
1638 3973 1706 4058 ipsa
1737 3973 1883 4056 veritate,
1915 3973 2004 4058 quod

328 4080 477 4147 Christus
502 4091 560 4161 est,
584 4079 665 4158 dieo,
690 4075 776 4163 quod
800 4087 874 4141 tunc
898 4078 1061 4162 temporis,
1086 4075 1215 4162 quando
1239 4074 1340 4141 abbas
1366 4076 1529 4142 Niciforus
1554 4079 1783 4142 monasterium
1814 4085 2003 4142 sanctorum

329 4185 447 4252 Oosme
471 4195 503 4250 et
525 4183 676 4248 Damiani
702 4181 843 4265 regebat,
866 4191 898 4246 et
920 4203 981 4268 ego
1017 4203 1124 4246 secum
1157 4179 1244 4267 apud
1275 4192 1381 4268 partes
1415 4182 1549 4267 Rogouc
1571 4180 1760 4248 multociens
1794 4186 2003 4271 equitassem,

326 4291 436 4358 audiui
459 4288 501 4356 ab
525 4311 580 4354 ore
605 4289 684 4369 eius,
709 4287 795 4374 quod
818 4309 877 4352 rex
901 4286 1064 4368 Suinimir,
1100 4285 1262 4372 quoddam
1295 4289 1490 4352 territorium
1522 4311 1541 4352 a
1575 4287 1713 4374 quadam
1750 4292 1901 4375 maceria,
1938 4313 2003 4378 que

328 4395 439 4462 Cauca
461 4393 589 4476 dicitur,
607 4415 709 4479 usqne
733 4393 775 4457 ad
800 4393 885 4456 viam
908 4391 1063 4477 grandem
1089 4414 1203 4457 versus
1228 4390 1438 4475 occidentem,
1458 4415 1521 4480 que
1538 4391 1678 4459 sclauice
1696 4393 1850 4461 Colnious
1868 4395 1999 4480 dicitur,

328 4509 360 4570 et
382 4502 425 4568 ab
449 4499 524 4566 inde
546 4510 634 4566 recto
658 4500 785 4564 tramite
809 4497 958 4563 deorsum
983 4522 1107 4582 versus,
1132 4521 1234 4585 usque
1257 4497 1299 4564 ad
1322 4496 1460 4578 Blatam,
1485 4500 1593 4564 omnia
1622 4521 1686 4586 quc
1720 4501 1803 4566 inter
1837 4499 1897 4568 bos
1935 4511 2000 4568 ter·

329 4609 434 4682 minos
458 4605 519 4673 coli
544 4614 687 4694 possunt,
712 4603 839 4670 cuidam
871 4605 1025 4689 magistro
1049 4627 1117 4686 suo,
1154 4625 1275 4691 proauo
1310 4601 1463 4670 videlicet
1492 4603 1649 4687 Sccstalsi,
1686 4605 1775 4690 regia
1808 4609 2003 4674 auctoritate

223 4783 229 4792 ,
326 4725 507 4808 propterea,
532 4711 618 4801 quod
642 4713 744 4777 sancti
763 4709 923 4776 Jobannis
947 4710 1145 4797 euangeliste
1170 4709 1340 4776 ecclesiam
1364 4711 1572 4797 conperisset,
1598 4713 1776 4797 antiquitus
1801 4710 2002 4796 donauisset,

328 4833 360 4889 et
383 4823 433 4888 sni
457 4819 592 4886 heredes
616 4828 690 4905 post
713 4819 817 4904 ipsum
843 4816 921 4882 illud
943 4819 1138 4882 territorium
1162 4827 1198 4881 ut
1221 4817 1385 4903 proprium
1422 4815 1542 4881 donum
1574 4818 1699 4902 regium
1734 4815 1843 4883 multis
1880 4828 2006 4907 tempo·

325 4929 417 4996 ribus
441 4925 672 5014 possedissent.
697 4921 783 5004 Quia
806 4945 884 4988 voro
907 4931 938 4989 te
961 4921 1157 4990 Damianum
1182 4931 1330 5009 nepotem
1355 4923 1513 5011 prenotati
1526 4920 1675 4988 Scestaki
1696 4945 1767 4988 esse
1784 4945 1954 5010 cognosco,
1971 4934 2007 4992 et

325 5033 387 5100 heo
407 5031 599 5099 multociens
622 5052 642 5095 a
665 5031 729 5094 iam
753 5028 840 5094 dicto
864 5027 1006 5094 Niciforo
1031 5039 1062 5094 et
1084 5053 1104 5094 a
1127 5026 1237 5094 multis
1269 5027 1341 5094 aliis
1373 5031 1406 5094 in
1438 5029 1573 5094 veritate
1606 5027 1726 5111 audiui,
1759 5051 1868 5096 coram
1899 5039 1933 5096 te
1964 5054 2007 5098 ac

325 5161 432 5205 coram
456 5133 566 5202 Micba
588 5134 758 5220 Pecenegi,
782 5133 868 5198 Bitte
890 5132 1078 5216 Prestancii‚
1103 5131 1214 5200 Blasio
1238 5133 1374 5200 diacono
1398 5144 1430 5200 et
1453 5133 1593 5200 iadrensi
1618 5135 1810 5216 notario,ac
1826 5134 2006 5204 Anastasio

325 5243 406 5321 Birfi
430 5241 543 5340 (Biufi)
566 5240 704 5332 ydoneis
729 5239 864 5306 testibus
889 5262 947 5329 per
970 5261 1081 5306 verum
1106 5239 1175 5304 dixi
1206 5241 1434 5324 testimonium,
1464 5262 1581 5328 rogans
1621 5239 1805 5330 plurimum,
1830 5251 1865 5310 ut
1895 5245 2010 5322 omnia
