4292 5926
311 416 333 483 2

463 609 527 675 Sed
550 619 658 675 tamen
681 611 757 697 quia
779 609 811 674 in
836 611 1037 697 principibus
1064 613 1144 676 meis
1171 621 1203 675 et
1227 611 1406 676 senioribus
1431 609 1564 674 dubium
1588 608 1725 690 videtur,
1755 617 1862 672 utrum
1880 617 1910 671 te
1935 605 1992 671 du·

306 737 376 779 cem
401 713 530 780 Oroatia
554 725 585 779 et
609 715 772 780 Dalmatis
796 717 1040 799 nominauerim,
1063 715 1147 800 volo,
1172 718 1237 780 imo
1261 716 1410 780 desidero
1434 738 1492 802 pro
1524 713 1693 795 seruanda,
1723 715 1808 777 sicut
1839 721 1992 776 statutum

309 831 367 902 est,
392 823 538 902 amititia,
563 831 640 885 uta
664 831 694 885 te
718 831 750 885 et
773 825 846 903 tuis,
871 833 942 887 eta
967 847 1017 887 me
1040 845 1078 888 ac
1103 825 1193 904 meis,
1215 825 1261 886 ita
1284 845 1378 887 omne
1397 823 1484 908 prius
1509 821 1548 884 de
1574 819 1679 884 medio
1703 818 1869 884 auferatur
1891 817 1995 882 ambi-

310 948 419 1010 guum,
442 937 476 990 ut
499 929 530 990 in
556 949 759 1014 quocumque
784 950 861 994 casu
885 927 943 993 tibi
968 951 1025 1015 per
1046 939 1266 994 antecessores
1290 937 1371 1010 tuos,
1396 926 1530 992 etmihi
1557 949 1615 1012 per
1639 947 1727 990 meos
1744 934 1833 989 certa
1849 945 1994 1010 compro·

310 1031 441 1097 batione
465 1035 585 1098 iustitia
608 1032 716 1118 fuerit,
741 1033 821 1099 alter
844 1033 937 1100 alteri
960 1033 1145 1100 nullatenus
1163 1033 1363 1098 adversetur.

433 1225 437 1230 ’
468 1230 563 1287 Codex
579 1233 759 1302 Trevisanna,
776 1251 793 1288 u
810 1250 910 1288 muzeu
926 1233 1112 1290 Comerovom
1129 1253 1146 1288 u
1163 1233 1292 1288 Mletcih.

465 1319 549 1375 Tafel
568 1321 577 1374 i
602 1321 735 1376 Thomas.
758 1321 914 1378 Urkunden
938 1339 988 1376 aur
1002 1321 1225 1380 ttlt.,Handels-
1247 1321 1303 1375 und
1328 1317 1587 1392 Staatsgescbicbte
1610 1318 1660 1373 der
1689 1317 1832 1390 Republilr
1855 1317 1997 1389 Venedig.

308 1407 536 1468 T.1.nr.65.
570 1427 573 1434 ·
1141 1411 1142 1416 ’

788 1573 1507 1714 mmmmmmm

430 1791 544 1852 Pnakol
564 1788 614 1853 II.
634 1809 734 1866 popa,
745 1721 864 1866 pradilia
885 1733 1049 1852 Dominiltu
1071 1793 1263 1866 oadbislsapu
1285 1795 1522 1854 dobrocncloomu
1544 1789 1765 1866 conlucerent
1782 1792 1879 1865 plata

471 1964 616 2028 Pascalis
652 1965 822 2051 episcopus
840 1949 958 2029 seruus
981 1985 1148 2028 seruorum
1179 1963 1231 2029 dei
1260 1965 1437 2030 venerabili
1468 1964 1558 2030 fratri
1590 1963 1817 2028 Dominico
1852 1963 1993 2028 Rucuma
2062 2027 2064 2031 .

311 2071 451 2134 ciuitatis
476 2071 611 2133 antistiti
636 2071 771 2155 eiusque
794 2069 1036 2134 successoribus
1060 2070 1214 2134 canonice
1243 2069 1471 2156 promouendis
1503 2071 1535 2132 in
1561 2081 1762 2156 perpetuum.
1795 2069 1993 2134 Potestatem

314 2173 443 2259 legendi
467 2183 564 2260 atque
588 2172 733 2238 soluendi
759 2172 893 2250 incelis
917 2185 949 2238 et
971 2176 1002 2238 in
1027 2185 1114 2238 terra
1137 2173 1231 2240 beato
1254 2175 1350 2240 Petro
1373 2177 1507 2262 eiusque
1525 2174 1768 2239 successoribus
1784 2185 1915 2239 anctore
1933 2174 1995 2238 deo

312 2278 534 2365 principaliter
556 2277 674 2344 tradita
698 2277 761 2342 illis
785 2278 923 2344 ecclesia
945 2279 1055 2343 verbis
1078 2283 1234 2364 agnoscit,
1259 2279 1378 2368 quibus
1401 2279 1530 2345 Petrum
1555 2291 1604 2344 est
1634 2280 1783 2346 dominus
1814 2279 1995 2346 allocutus:

312 2385 557 2472 Quemcumque
582 2384 733 2470 ligaueris
757 2397 995 2471 superterram
1019 2384 1343 2469 eruntligataetin
1368 2385 1455 2466 celis,
1489 2408 1692 2472 quecumque
1726 2384 1862 2450 nolueris
1895 2408 1995 2472 super

311 2501 429 2556 terram
453 2503 547 2558 erunt
570 2490 675 2556 soluta
698 2501 731 2556 et
754 2494 786 2556 in
818 2493 904 2560 celis.
934 2491 1001 2577 Ipsi
1024 2513 1152 2577 quoque
1176 2493 1304 2578 proprie
1326 2491 1462 2556 firmitas
1489 2502 1521 2556 et
1554 2491 1658 2556 aliene
1683 2490 1758 2556 fidei
1791 2490 1995 2556 confirmatio

316 2597 429 2662 eodem
453 2597 513 2662 deo
535 2607 666 2682 auctore
691 2610 852 2684 prestatur
876 2619 947 2661 curn
973 2597 1107 2662 dicitur:
1144 2597 1267 2684 Rogaui
1294 2621 1350 2684 pro
1374 2609 1405 2662 te
1429 2609 1465 2662 ut
1487 2621 1551 2662 non
1574 2597 1704 2663 deficiat
1720 2598 1799 2664 fides
1815 2609 1870 2662 tua
1887 2597 1994 2678 Petre,

311 2714 344 2766 et
367 2713 399 2766 tu
421 2701 595 2790 aliquando
619 2725 795 2768 conuersus
815 2702 970 2768 confirma
995 2704 1111 2768 fratres
1135 2713 1216 2769 tuos.
1241 2703 1378 2790 Oportet
1402 2727 1479 2789 ergo
1505 2729 1572 2787 nos,
1597 2707 1652 2792 qui
1669 2708 1746 2770 licet
1761 2704 1885 2786 indigni
1904 2703 1993 2766 Petri

312 2809 462 2873 videmur
485 2808 629 2874 residere
649 2812 681 2873 in
706 2807 786 2890 loco,
810 2811 920 2894 gracia
943 2812 1115 2894 corrigere,
1140 2821 1228 2874 recta
1251 2811 1452 2891 confirmare,
1477 2813 1560 2876 etin
1585 2813 1671 2876 omni
1705 2808 1843 2874 ecclesia
1873 2809 1916 2873 ad
1948 2811 1995 2872 in-

311 2916 395 2980 terni
417 2915 586 2980 arbitrium
611 2915 726 2980 iudicis
750 2917 797 2980 sic
821 2915 1023 3001 disponenda
1046 2916 1224 3000 disponere,
1251 2929 1285 2980 ut
1308 2917 1348 2981 de
1372 2916 1463 2981 vultu
1487 2917 1557 2980 eius
1581 2915 1735 2980 iudicium
1759 2927 1902 2978 nostrum
1920 2936 1993 3002 pro-

312 3021 387 3086 deat
410 3031 442 3086 et
459 3019 544 3085 oculi
567 3023 667 3086 nostri
691 3020 824 3086 videant
843 3023 1031 3107 equitatem.
1053 3023 1277 3088 Fraternitatis
1299 3025 1398 3108 igitur
1430 3032 1483 3088 tue
1514 3025 1607 3086 iustis
1642 3021 1858 3107 peticionibus
1893 3043 1995 3084 annu-

316 3137 415 3210 entes,
439 3125 497 3192 tibi
522 3129 649 3213 tuisque
673 3125 840 3212 legittimis
864 3127 1106 3192 successoribus
1126 3139 1319 3192 sanctam
1351 3128 1644 3212 Raguseorum
1678 3126 1911 3190 ecclesiam
1941 3125 1995 3190 dc·

266 3237 269 3246 '
314 3235 393 3298 creti
419 3233 577 3318 presentis
602 3233 719 3318 pagiua
743 3231 982 3299 confirmamus.
999 3231 1092 3297 ·Sane
1117 3255 1335 3320 quascumque
1360 3233 1528 3318 parochias
1545 3231 1657 3296 cadem
1675 3230 1813 3296 ecclesia
1829 3233 1993 3317 preteritis

313 3337 510 3425 temporibus
534 3338 719 3424 possedisse
743 3341 959 3423 cognoscitur,
977 3339 1034 3403 tibi
1051 3341 1179 3426 tuisque
1195 3337 1436 3404 successoribus
1452 3341 1595 3422 integras
1613 3359 1802 3424 permanere
1818 3339 1992 3402 sancimus

312 3444 443 3514 Scilicet
466 3443 715 3510 Zachnlmie
739 3466 929 3530 reguum,
960 3453 992 3508 et
1026 3467 1197 3530 reguum
1228 3443 1432 3526 Seruilio,
1468 3442 1766 3530 Tribunieque
1801 3465 1995 3528 reguum,

311 3553 474 3616 ciuitatem
499 3573 628 3641 quoque
658 3533 1023 3630 catharinensem,
1057 3549 1254 3632 seuRose,
1279 3561 1374 3636 atque
1400 3547 1719 3614 buduanenaem
1743 3547 1992 3629 Auarorum,

310 3657 554 3738 liciniatensem,
573 3667 670 3742 atquc
693 3655 1034 3736 scodrinensem,
1063 3677 1214 3746 necnon
1239 3656 1577 3738 driuastensem,
1601 3667 1697 3742 atque
1722 3655 1990 3740 polatensem

318 3785 390 3826 cum
411 3762 557 3826 ecclesiis
581 3771 612 3826 et
635 3760 797 3846 parochiis
821 3785 941 3826 eorum.
967 3759 1105 3826 Pallium
1130 3763 1208 3848 quin
1236 3763 1336 3829 eciam
1361 3784 1404 3824 ex
1428 3783 1516 3826 more
1539 3761 1579 3825 ad
1604 3763 1774 3825 missarum
1802 3759 1996 3848 sollempnia

312 3865 507 3933 celebranda
526 3865 641 3930 diebus
666 3868 732 3930 vite
755 3876 808 3931 tue
833 3867 1054 3932 tantummodo
1086 3865 1142 3930 tibi
1177 3867 1393 3950 concedimus,
1428 3889 1517 3950 more
1553 3867 1817 3953 predecessorum
1853 3877 1993 3934 tuorum.

313 3975 597 4040 Consecrationem
621 3995 699 4035 vero
723 3983 849 4036 tuorum
876 3995 1098 4037 successorum
1124 3973 1216 4037 nobis
1247 3975 1428 4060 nostrisque
1461 3973 1702 4066 successoribus
1734 3975 1766 4036 in
1799 3984 1991 4060 perpetuum

311 4089 525 4145 reseruantes.
550 4077 703 4142 Preterea
726 4077 860 4160 decime,
886 4081 1116 4164 possessiones,
1140 4077 1260 4164 predia,
1284 4101 1341 4143 seu
1364 4077 1577 4160 ceterabona,
1595 4080 1707 4164 quein
1726 4081 1865 4164 presenti
1883 4079 1989 4143 eidem

310 4186 446 4267 ecclesie
470 4185 631 4268 pertinent
654 4185 686 4247 in
711 4182 865 4265 ecclesiis,
889 4185 922 4248 in
946 4183 1041 4265 villis,
1067 4186 1098 4248 in
1123 4183 1244 4248 colonis
1269 4207 1325 4248 seu
1350 4185 1536 4268 colonabus,
1560 4185 1594 4248 in
1610 4186 1703 4270 ¹agris
1728 4183 1781 4248 vel
1803 4187 1907 4270 aquis,
1940 4186 1993 4248 vel

311 4291 382 4354 aliis
405 4289 502 4354 rebus
527 4289 698 4352 diocesane
723 4310 779 4352 seu
804 4291 1014 4375 proprietarie
1039 4289 1273 4374 disposicionis,
1299 4312 1425 4384 queque
1449 4291 1481 4354 in
1506 4290 1648 4355 futurum
1682 4289 1875 4356 liberalitate
1907 4293 1995 4376 prin·

315 4399 432 4483 cipum,
456 4393 508 4460 vel
534 4393 702 4459 oblacione
726 4395 867 4460 fidelium
893 4399 975 4461 iuste
995 4398 1139 4482 poteritis
1163 4396 1310 4482 adipisci,
1344 4396 1440 4460 'firma
1470 4395 1563 4460 vobis
1599 4405 1631 4460 et
1658 4394 1782 4460 illibata
1804 4407 1994 4484 seruentur.

312 4503 526 4570 Decernimus
551 4523 628 4584 ergo
653 4511 687 4564 ut
707 4500 787 4576 nulli
814 4504 944 4566 omnino
968 4501 1133 4566 hominum
1158 4501 1253 4568 liceat
1275 4502 1410 4567 eandem
1436 4501 1604 4568 ecclesiam
1638 4512 1759 4568 temere
1792 4503 1993 4588 perturbare,

310 4618 366 4674 aut
388 4609 456 4694 eius
481 4607 700 4692 possessiones
724 4605 863 4688 auferre,
887 4606 939 4672 vel
963 4608 1088 4672 ablatas
1119 4610 1266 4690 retinere,
1299 4609 1452 4690 minuere,
1477 4607 1529 4672 vel
1553 4610 1733 4696 temepariis
1757 4609 2008 4674 venatonibus

312 4715 458 4799 fatigare,
495 4722 543 4776 set
576 4713 684 4776 onmia
708 4713 833 4795 integre
854 4724 1094 4795 conseruentur,
1118 4725 1183 4777 tam
1207 4716 1270 4777 tuis
1294 4736 1389 4801 qnam
1415 4713 1602 4802 clericorum
1626 4723 1659 4779 et
1682 4737 1859 4805 pauperum
1875 4715 2008 4781 usibus.

312 4819 490 4907 profutura.
514 4815 563 4880 Tu
588 4820 695 4901 itaque
718 4817 819 4882 frater
843 4819 1024 4902 karissime,
1049 4842 1142 4906 quero
1169 4818 1338 4905 pastoralis
1375 4843 1450 4885 cure
1481 4821 1673 4905 constringit
1705 4819 1858 4904 officium,
1889 4819 1991 4906 dilige

311 4926 438 5008 iratres,
461 4924 523 5010 ipsi
547 4945 674 5010 quoque
699 4923 876 4988 aduersarii
901 4935 1033 5011 propter
1056 4924 1242 4990 mandatum
1262 4925 1458 4990 dominicum
1482 4935 1537 4992 tuo
1563 4929 1704 4992 circata
1728 4927 1920 5013 copulentur
1944 4925 1992 4991 af·

310 5030 407 5097 fectu.
434 5029 549 5092 Pacem
574 5013 806 5114 sequerecum
831 5031 980 5095 omnibus
1004 5042 1036 5095 et
1059 5031 1304 5096 sanctimoniam
1329 5031 1399 5096 sine
1422 5053 1487 5118 qua
1507 5055 1603 5096 nemo
1631 5029 1756 5097 videbit
1786 5031 1893 5098 deum.
1925 5031 1993 5098 Piis

310 5147 399 5202 utere
424 5133 584 5222 operibus,
609 5133 782 5198 virtutibus
806 5134 938 5221 polleas,
957 5136 1083 5222 fulgent
1105 5138 1137 5199 in
1163 5147 1290 5221 pectore
1313 5148 1368 5200 tuo
1392 5137 1553 5202 racionale
1586 5137 1701 5202 iudicis
1732 5160 1805 5202 cum
1836 5135 1992 5224 superhu-

309 5242 438 5308 meralis
461 5243 587 5306 actione
610 5243 825 5306 coniunctum.
848 5240 899 5306 Ita
923 5242 1078 5328 procedas
1101 5243 1133 5306 in
1166 5252 1341 5330 conspectu
1365 5242 1416 5307 dei
1449 5253 1482 5308 et
1515 5245 1619 5310 tocius
1650 5243 1761 5316 lsrael.
1795 5241 1991 5310 Huiusmodi
