4310 5918
1019 579 1185 662 CLXX.
1213 580 1325 664 ruta.

329 753 477 812 Kreeimt'r
501 753 557 816 IV.
583 755 663 828 trnlj
685 757 828 825 ansanus,
851 755 1178 828 coronamentum
1203 763 1378 818 consuetunis
1401 759 1608 830 toludjericule
1630 775 1672 818 so.
1695 760 1809 832 Martje
1831 727 2016 834 njeto'nem-

635 861 713 934 ljidte
736 879 757 919 u
780 861 888 920 Brdolt
910 861 955 922 ito
977 880 1013 922 su
1035 865 1114 936 prete
1137 863 1234 923 drinli
1256 865 1381 922 tmetooi
1404 863 1512 922 Benult
1527 866 1546 922 ‘a'
1568 864 1702 926 Beseda.

485 1031 580 1096 Anno
600 1032 642 1097 ab
662 1034 881 1099 incarnatione
909 1034 1029 1098 domini
1055 1035 1154 1098 nostri
1178 1033 1280 1098 Jlresu
1305 1033 1426 1098 Christi
1451 1034 1620 1099 millesimo
1644 1035 1803 1104 LXXll.¹
1828 1037 2012 1103 indiccione

329 1133 401 1201 Vll.
431 1135 486 1224 (X)
514 1136 586 1224 Ego
605 1136 787 1222 Ommimir,
812 1139 863 1203 dei
884 1141 1085 1224 prouidentia
1109 1161 1168 1203 rex
1200 1136 1413 1204 Obrostorum
1439 1151 1470 1205 et
1495 1139 1765 1225 Dalmatinorum,
1790 1166 1848 1230 pro
1870 1144 2018 1210 remedio

326 1243 433 1332 snirne
456 1265 526 1308 mee
549 1251 581 1308 et
604 1255 772 1329 parentum
805 1267 947 1309 meorum
972 1245 1092 1308 trsd0⁹
1115 1245 1147 1307 in
1172 1246 1402 1308 monesterium
1428 1247 1599 1330 virginum,
1624 1249 1719 1312 situm
1743 1248 1873 1330 Jadere,
1897 1250 1930 1314 in
1955 1249 2013 1313 ho-

327 1369 405 1411 nore
430 1347 522 1412 beate
539 1351 676 1432 virginis
700 1349 813 1433 Maris,
831 1351 892 1437 (in)
910 1351 1072 1436 presentia
1093 1347 1216 1435 Agapis
1234 1348 1408 1424 abbatisse,
1425 1353 1620 1416 territorium
1639 1355 1671 1418 iu
1688 1351 1768 1434 loco,
1792 1352 1878 1440 quod
1901 1353 2014 1420 Barda

326 1463 469 1534 vocatur,
495 1454 657 1540 quondam
683 1477 867 1540 possessum
892 1479 911 1518 a
935 1455 1061 1520 duobus
1089 1453 1221 1536 colonis,
1247 1459 1375 1518 nom'ne
1398 1457 1453 1519 uni
1478 1455 1619 1539 Benscb‚
1644 1457 1736 1523 alteri
1759 1458 1917 1523 Beneda³
1941 1462 2013 1524 iure

325 1567 480 1644 perpetuo
505 1559 746 1645 possidendum.
764 1560 798 1625 Si
815 1561 887 1646 quis
903 1569 1009 1624 autem
1027 1581 1171 1624 meorum
1197 1581 1419 1624 successorum
1436 1561 1467 1624 id
1485 1561 1611 1626 irritare
1636 1565 1850 1649 temptauerit,
1867 1563 2011 1650 pauendi

325 1665 467 1729 incurrat
482 1667 619 1751 sumpmi
641 1663 756 1729 iudicis
780 1668 869 1747 irem,
888 1664 1122 1751 damneturque
1140 1687 1211 1730 oum
1236 1664 1296 1746 his,
1322 1667 1376 1752 qui
1403 1666 1506 1730 leuam
1529 1669 1690 1732 tenuerint
1714 1678 1847 1754 partem.

481 1769 658 1850 Johannes,
675 1771 861 1835 causidicus
890 1774 984 1856 regis,
1009 1773 1109 1836 testis.
1135 1769 1312 1856 Druugana
1323 1771 1346 1854 ⁴,
1371 1773 1529 1838 scutarius
1552 1774 1648 1858 regis,
1672 1775 1772 1838 testis.
1794 1774 1911 1858 Adam,
1938 1775 2009 1860 iup-

327 1899 429 1960 panus
454 1878 616 1959 nonensis,
638 1878 739 1941 testis.
762 1876 908 1942 Desinna
932 1879 1088 1963 iuppauus
1105 1880 1205 1961 testis,
1230 1877 1377 1942 Prodano
1408 1881 1556 1964 iuppano,
1581 1880 1680 1944 testis.
1706 1879 1842 1946 Zouuna
1866 1882 2008 1946 selinico

324 1983 426 2060 testis,
451 1981 630 2066 Velsenego
655 1984 799 2063 setinico,
824 1984 924 2047 testis.
951 1981 1134 2048 Micbacio⁵
1158 1983 1335 2071 presbyter,
1361 1985 1462 2050 testis.
1539 1968 1546 1973 ’

480 2127 506 2184 U
526 2128 626 2184 arkivu
649 2129 797 2214 aadarslrih
822 2128 1016 2202 kaltrdjericab
1040 2149 1080 2185 sv.
1104 2129 1204 2202 Mariis
1227 2130 1285 2185 riis
1309 2129 1449 2202 prepissb.

1004 2377 1195 2460 CLXXI.
1222 2377 1334 2461 1072.

319 2559 468 2618 Kresimir
489 2557 546 2621 IV.
571 2557 651 2632 broii
674 2555 809 2616 hmotalei
833 2557 1005 2630 potordjsjc
1037 2561 1212 2617 ecmostanu
1235 2557 1441 2631 tamdicrioot
1471 2559 1633 2619 audurstib
1661 2577 1703 2619 aa
1733 2560 1794 2619 dna
1820 2559 2003 2633 poesieoenjn

538 2663 625 2724 erlcre
643 2681 687 2723 su.
710 2663 825 2737 Mass'y'e
845 2665 924 2736 suoje
942 2661 1087 2736 proudrtja
1109 2663 1272 2736 dorovernie
1296 2649 1482 2738 tralleoslcop
1504 2665 1619 2737 tmanja
1646 2665 1776 2740 Tokim'e.

475 2835 572 2902 Anno
594 2835 755 2901 dominice
779 2835 1013 2902 incarnacionis
1032 2833 1200 2900 millesimo
1217 2831 1357 2911 LXXll.
1384 2835 1558 2902 indictione
1583 2833 1721 2924 VII(X).
1745 2835 1818 2920 Ego
1842 2835 2004 2902 Cresimir

316 2967 376 3012 rex
400 2943 560 3010 Obroaoie
583 2951 615 3008 et
638 2940 817 3022 Delmacic‚
837 2942 878 3004 ob
896 2939 1074 3004 remedium
1089 2941 1196 3004 anime
1213 2961 1282 3004 mee
1298 2951 1331 3004 et
1346 2940 1612 3026 predecessorum
1631 2964 1785 3024 meorum,
1802 2945 2003 3008 monasterio

316 3061 427 3118 sanuts
450 3049 552 3114 Maris
576 3047 772 3130 monialium,
798 3049 828 3110 in
857 3045 1062 3128 dedicatione
1096 3045 1239 3124 basilice,
1264 3045 1348 3110 dono
1384 3056 1501 3110 terram
1535 3047 1566 3110 in
1598 3045 1771 3130 Tocbenio,
1796 3067 1859 3132 que
1879 3047 2002 3134 regalis

315 3179 388 3222 esse
410 3155 596 3237 dinoscitur,
621 3152 673 3218 vsl
688 3151 844 3238 regalium
859 3173 1035 3234 seruorum,
1053 3160 1239 3235 vergentem
1260 3173 1317 3236 per
1333 3149 1513 3216 conuallem
1527 3150 1568 3216 ab
1584 3153 1707 3218 oriente
1729 3153 1762 3216 in
1785 3151 2001 3235 occidentem,

258 3323 263 3333 ,
315 3283 379 3349 que
403 3262 483 3326 mari
507 3258 747 3339 determinetur,
778 3259 810 3322 in
834 3256 1016 3344 aquilonem
1051 3279 1128 3322 vero
1152 3278 1253 3341 usque
1277 3255 1317 3320 ad
1344 3260 1635 3342 supereminentem
1659 3265 1809 3338 montem,
1839 3257 1881 3322 ad
1904 3261 2002 3324 meri·

313 3367 444 3432 dianam
468 3374 575 3430 sutem
615 3362 742 3450 plagam
767 3373 933 3445 triremem,
958 3383 1056 3448 quem
1089 3383 1170 3426 auus
1193 3383 1284 3424 meus
1308 3359 1345 3427 (i.
1377 3361 1467 3426 dedit
1495 3373 1631 3448 cognato
1652 3384 1714 3427 suo
1744 3361 1854 3428 Madio
1878 3373 1910 3427 et
1932 3363 2001 3428 filio

313 3477 383 3540 cius
415 3471 579 3551 Dabrona,
609 3489 716 3534 coram
749 3467 798 3532 bis
829 3467 980 3532 testibus:
1014 3465 1126 3532 Dabro
1163 3468 1278 3552 priore,
1302 3465 1369 3532 filio
1399 3465 1531 3550 Bolicie,
1563 3465 1712 3532 Nikiforo
1737 3477 1768 3532 et
1788 3465 1888 3534 fratre
1911 3469 1997 3546 eius,

246 3640 249 3646 ,
314 3578 433 3656 Medio,
459 3576 525 3642 lilio
547 3573 647 3657 Zelle,
672 3571 783 3638 Dobro
807 3573 910 3657 drug'u
935 3573 1105 3651 scitonoso,
1129 3573 1271 3638 Desimir
1293 3571 1439 3654 ubrusar,
1457 3571 1582 3638 Vitare.
1601 3573 1617 3636 l.
1645 3583 1676 3636 et
1699 3572 1854 3660 coritirmo
1877 3571 2000 3638 Micba.

311 3685 332 3752 l.
357 3694 390 3750 st
413 3683 571 3748 Desinua.
602 3679 622 3746 l.
651 3689 683 3744 st
710 3677 795 3744 conf.
825 3677 934 3742 Medio
960 3676 1063 3743 Zelle.
1094 3676 1113 3742 l.
1142 3677 1317 3742 etMadius
1341 3699 1442 3764 gener
1464 3676 1564 3756 Zelle,
1591 3678 1777 3744 Prostancii.
1805 3679 1825 3742 l.
1862 3678 2000 3744 Pruana

311 3789 333 3856 l.
362 3787 517 3868 (trebiae,
553 3786 573 3850 l.
610 3783 758 3850 Gauaulo
791 3783 1006 3848 Prestabarba
1030 3783 1050 3848 l.
1072 3781 1269 3865 Budiuellus,
1293 3781 1314 3848 l.
1349 3781 1504 3869 Neupret‚
1530 3783 1550 3848 l.
1574 3782 1692 3866 Barba,
1717 3783 1736 3848 l.
1758 3783 1952 3866 Domaldus,
1977 3782 1998 3848 Ι.

314 3895 420 3976 Brute,
446 3893 467 3959 l.
491 3890 600 3957 etalii
623 3912 719 3978 quam
743 3888 850 3975 plures
873 3888 1082 3954 colaudantes
1105 3898 1137 3954 et
1159 3889 1401 3954 confirmantes.

470 3995 514 4062 Et
533 4017 595 4081 ogo
619 3995 749 4062 Medius
771 3993 1019 4060 archidiaconus
1043 3993 1182 4070 interfui,
1204 3995 1318 4080 scripsi
1342 4003 1375 4060 et
1398 3994 1601 4060 confirmaui.

470 4127 497 4186 U
520 4121 624 4186 arkivu
650 4119 847 4196 keludjericah
867 4123 1036 4184 mdsrskih.

975 4361 1188 4451 onxxu.
1219 4351 1333 4484 roto.

310 4534 445 4624 uladriio
467 4533 575 4606 biskw
597 4529 750 4600 audurslos',
770 4531 862 4604 pstor
888 4529 992 4606 Drupo
1016 4533 1028 4590 i
1049 4547 1104 4590 soa
1119 4530 1223 4590 obtine
1245 4525 1397 4590 auderetis
1419 4527 1533 4602 durato
1556 4531 1731 4590 sorrtoslonu
1754 4527 1916 4590 zadarsltils
1940 4531 1996 4590 lcu-

849 4636 1017 4710 ludiericulr
1040 4654 1083 4697 ev.
1107 4636 1222 4710 Martie
1244 4637 1311 4696 otok
1336 4634 1448 4696 Sliono.

467 4807 563 4876 Anno
586 4807 746 4876 dominice
771 4807 1001 4873 iucarnationis
1029 4806 1198 4872 millesimo
1216 4805 1352 4886 LXXII,
1371 4805 1550 4871 indiccione
1569 4805 1708 4892 vlux).
1733 4805 1804 4892 Ego
1828 4805 1993 4890 Endreas,

309 4914 417 5007 presul
441 4913 562 4982 ledere
586 4913 676 4980 urbis
700 4895 764 4980 und
787 4935 859 4979 oum
883 4912 997 4997 Drago
1014 4915 1130 4999 priore,
1155 4922 1187 4977 et
1210 4911 1296 4976 clero
1320 4922 1352 4976 et
1375 4911 1492 5000 populo
1516 4911 1661 4976 eiusdem
1686 4912 1836 4977 ciuitatis.
1860 4912 1992 4978 Placuit

308 5025 402 5091 uobis
426 5022 502 5088 dare
525 5019 660 5087 insulam
685 5019 773 5086 Silue
797 5031 829 5085 et
854 5041 963 5084 veram
987 5017 1168 5084 libertatem
1196 5040 1372 5104 veramque
1396 5019 1628 5102 ingenuitatem
1662 5019 1857 5083 monasterio
1878 5029 1994 5085 sancte

316 5211 319 5218 ·
419 5255 470 5318 ¹11
499 5255 601 5330 drugib
633 5253 751 5329 prepisis
775 5253 923 5310 millesimo
952 5251 1009 5308 Lll.
1034 5245 1136 5307 'dono
1160 5251 1329 5324 beatissime.
1363 5244 1512 5306 ⁹Benada
1534 5249 1688 5322 izpultsno.
1714 5242 1889 5323 ‘Dragsna
1919 5247 1990 5310 ⁵Et

306 5368 359 5444 ego
382 5347 530 5430 presbyter
549 5343 689 5402 blichscio
712 5342 876 5416 capellanus
899 5340 973 5413 regis
996 5340 1094 5412 scripsi
1118 5348 1147 5397 et
1169 5339 1359 5397 corroboraui.
