4292 5926
1785 400 1828 469 73

145 596 258 662 hiliter
281 597 448 684 persistas.
472 597 505 662 Si
528 619 606 662 vero
630 649 637 664 .
664 649 670 663 .
696 599 780 684 quod
807 599 848 663 ad
873 597 1076 663 commodum
1102 607 1134 661 et
1156 597 1309 660 honorem
1332 605 1441 660 sancte
1460 618 1591 660 romane
1623 596 1759 662 ecclesie
1791 619 1829 661 ac

112 741 118 750 ·
145 711 241 766 tuum
260 703 378 768 debeat
400 704 571 788 pertinere,
597 704 689 767 nobis
713 713 839 788 gratum
864 705 1039 768 admodum
1062 713 1094 768 st
1110 712 1277 788 acceptum
1295 703 1416 767 existit.
1441 701 1508 767 Nos
1526 702 1611 767 enim
1629 701 1668 766 de
1686 701 1827 767 iodrensi

145 807 290 872 ecclesia
306 807 385 872 nihil
402 809 482 871 citra
499 807 651 872 iustitiam
670 819 701 872 ct
718 807 869 875 honorem
888 809 1079 894 spalatensis
1103 807 1239 872 ecclesie
1263 808 1303 873 de
1326 815 1420 890 nouo,
1445 815 1576 873 auctore
1599 807 1739 890 domino,
1768 817 1827 873 sta·

145 915 278 994 tuimus,
303 912 357 978 vel
378 921 567 978 statuemus.
593 913 645 977 Ad
669 913 728 977 hec
753 913 905 980 dilectum
930 914 1030 978 filium
1055 913 1295 1001 L(aurentium)
1320 913 1523 1001 capellanum
1548 923 1691 979 nostrum
1715 913 1829 979 frater·

146 1019 244 1082 nitati
278 1027 331 1082 tue
355 1025 476 1084 attente
511 1019 821 1099 recommendamus
859 1029 1019 1103 rogantes,
1057 1029 1215 1105 quatenus
1251 1041 1309 1105 pro
1344 1020 1527 1083 reuerentia
1557 1017 1646 1083 beati
1675 1018 1762 1084 Petri
1800 1029 1832 1084 et

144 1124 332 1188 interuentu
356 1133 475 1205 nostro,
500 1123 540 1186 de
564 1145 639 1187 caro
663 1147 735 1188 eum
762 1123 891 1206 habeas,
916 1125 956 1190 de
980 1136 1088 1190 cetero
1113 1126 1279 1191 cariorem.
1303 1125 1443 1191 Noueris
1467 1125 1508 1190 ad
1533 1123 1592 1189 hec
1624 1147 1681 1189 nos
1706 1135 1737 1190 et
1768 1125 1829 1190 ira-

146 1239 224 1310 tres,
249 1231 304 1314 qui
329 1230 414 1293 circa
438 1250 496 1292 nos
528 1238 611 1310 sunt,
642 1253 701 1316 per
724 1231 774 1294 dei
807 1233 943 1318 gratiam
980 1255 1076 1296 sanos
1108 1241 1139 1295 et
1173 1231 1351 1296 incolumes
1388 1253 1468 1314 esse,
1503 1241 1536 1295 et
1568 1233 1615 1296 sic
1648 1253 1828 1317 speramus,

146 1333 287 1398 ecclesia
310 1333 363 1398 dei
385 1336 416 1398 in
443 1337 590 1420 proximo
616 1357 693 1421 pace
718 1339 856 1422 potietur
878 1337 1060 1424 tranquilla.
1087 1338 1208 1404 Datum
1234 1337 1382 1423 Anagnia
1405 1337 1464 1402 III.
1489 1359 1590 1402 nonas
1613 1337 1698 1432 maii.

299 1493 778 1580 16111111ΙΙΙῂτίουπιὸιιοτιιωἺ.
803 1503 854 1562 111.
880 1509 929 1560 stt.
957 1503 1027 1562 186.

674 1727 676 1732 ’
705 1745 830 1828 xcv.
859 1748 972 1830 1166.
999 1745 1063 1828 so.
1091 1747 1272 1848 avisnis.

356 1907 442 1980 Maio
466 1907 736 2021 bistanlrotoreti,
760 1909 859 1983 tttjett
882 1927 955 1968 novo
972 1910 1132 1982 posvec'one
1155 1911 1248 1968 611616
1270 1927 1291 1968 a
1313 1909 1458 1968 61166166.
1487 1905 1630 1978 Trifuno.

309 2065 331 2140 †
353 2061 425 2146 Ego
446 2061 532 2125 Maio
556 2064 728 2147 episcopus
751 2061 890 2144 declaro,
915 2061 1000 2148 quod
1025 2060 1217 2125 duodecimo
1240 2083 1325 2125 anno
1350 2062 1411 2126 mei
1436 2061 1735 2147 episcopationem
1753 2081 1830 2123 oon·

151 2165 306 2230 fratribus
333 2169 450 2231 nostris
474 2169 650 2253 episcopis:
674 2167 798 2232 Lazaro
821 2168 1016 2249 albanensis,
1040 2177 1072 2230 at
1096 2189 1169 2230 cum
1193 2165 1333 2230 Martino
1358 2165 1579 2247 driuastensis,
1612 2175 1644 2229 et
1673 2187 1745 2229 cum
1775 2162 1829 2228 Jo-

49 2279 58 2288 '
151 2271 257 2336 hanna
282 2275 435 2358 episcopo
469 2273 674 2348 dulcinensis‚
708 2277 918 2355 sacrauimus,
956 2272 1124 2338 ecclesiam
1158 2273 1260 2335 sanmi
1290 2269 1464 2356 Triphonis
1488 2271 1586 2362 nostri
1611 2271 1834 2356 episcopatus,

153 2379 318 2444 adiunctis
342 2379 524 2457 abbatibus,
549 2379 730 2444 hlichahele
754 2377 871 2443 abbate
904 2360 1183 2467 (archimandrita)
1218 2379 1318 2442 sancti
1340 2375 1523 2460 johannis,
1559 2364 1592 2440 et
1624 2397 1696 2440 sum
1735 2375 1831 2438 Petro
1892 2427 1898 2436 .

151 2483 269 2548 abbate
303 2483 609 2569 (archimandrita)¹
633 2493 815 2550 sanctorum
849 2483 953 2567 Sergii
978 2495 1010 2547 et
1030 2481 1139 2560 Bachi,
1172 2491 1204 2546 et
1236 2479 1385 2547 Johaune
1421 2481 1549 2546 Abbate
1581 2482 1685 2546 sancti
1716 2478 1827 2544 Salua-

152 2591 232 2654 toris
256 2579 482 2671 antibarensis,
508 2601 538 2654 et
562 2591 656 2654 Petro
680 2589 797 2656 abbate
822 2593 924 2654 sancti
950 2587 1140 2654 Michahelis
1157 2589 1342 2666 catanensis,
1360 2597 1393 2652 et
1412 2585 1577 2672 Triphone
1587 2585 1707 2650 abbate
1723 2595 1833 2650 sancta

152 2696 257 2760 Maris
284 2696 469 2778 buduensis,
496 2707 529 2760 et
553 2696 646 2760 Petro
675 2695 792 2761 abbate
827 2698 928 2762 sancti
954 2696 1050 2776 Petri,
1084 2704 1115 2758 et
1147 2694 1296 2758 Johanne
1334 2692 1452 2758 abbate
1488 2694 1589 2757 sancti
1626 2690 1768 2774 Georgii,
1804 2701 1836 2756 et

154 2802 299 2886 Georgio
323 2801 440 2866 abbate
465 2803 565 2864 sancti
592 2801 768 2866 Saloatoris
792 2801 992 2884 arbanensis,
1015 2823 1088 2864 cum
1113 2799 1216 2862 tribus
1240 2799 1404 2880 altaribus,
1439 2819 1574 2884 quorum
1607 2797 1747 2861 medium
1783 2819 1832 2860 sa-

156 2911 245 2972 crani
271 2931 331 2991 ego
356 2907 443 2972 Maio
467 2909 506 2970 ad
532 2908 684 2971 honorem
710 2909 814 2971 sancti
834 2906 1008 2992 Triphonis
1033 2915 1065 2969 et
1089 2915 1271 2969 sanctorum
1297 2913 1473 2990 martyrum
1493 2903 1591 2968 Primi
1610 2913 1642 2968 et
1657 2902 1832 2983 Feliciani3

153 3013 241 3077 aliud
266 3012 368 3077 altare
392 3038 411 3076 a
434 3015 563 3077 sinistro
587 3013 686 3080 latere
711 3016 851 3079 sacrauit
879 3013 1023 3076 Lazarus
1054 3015 1225 3098 episcopus
1258 3009 1448 3074 arbanensis
1479 3009 1520 3072 ad
1553 3007 1708 3073 honorem
1741 3008 1834 3072 beata

153 3120 257 3184 Maria
282 3130 531 3204 sanctorumque
556 3123 771 3201 innocentum,
809 3129 917 3182 nostra
951 3121 1159 3184 concessione
1194 3126 1225 3181 et
1260 3115 1441 3195 voluntate;
1476 3139 1495 3178 a
1529 3113 1645 3179 dextro
1681 3113 1832 3178 videlicet

153 3225 255 3289 latere
278 3225 419 3288 sacrauit
442 3224 541 3288 altare
569 3225 735 3290 Johannes
769 3227 940 3310 episcopus
976 3221 1181 3304 dulcinensis,
1215 3231 1324 3287 nostra
1353 3220 1561 3285 concessione
1597 3228 1629 3282 et
1667 3218 1832 3284 voluntate

154 3331 194 3394 ad
217 3330 372 3396 honorem
397 3339 579 3395 sanctorum
602 3331 830 3415 apostolorum,
864 3341 896 3393 et
921 3339 1103 3393 sanctorum
1145 3337 1319 3413 martyrum
1351 3325 1509 3390 Johannis
1544 3333 1576 3388 et
1613 3323 1711 3391 Pauli.
1743 3327 1834 3388 Anno

154 3437 391 3501 incarnacionis
416 3436 536 3500 domini
560 3437 658 3500 nostri
683 3435 784 3502 Jhesu
809 3435 934 3517 Christi,
972 3434 1140 3500 millesimo
1166 3431 1203 3498 C.
1238 3431 1350 3496 LXVI
1378 3430 1553 3494 indictione
1582 3429 1673 3494 Xlll.
1710 3427 1832 3516 (XIV.)

155 3543 384 3606 terciadecima
420 3541 577 3606 kalendae
621 3541 708 3621 iulii,
751 3544 783 3605 in
821 3541 898 3605 sede
941 3539 1118 3624 apostolica
1163 3537 1323 3602 residente
1364 3559 1448 3622 papa
1487 3534 1699 3615 Alexandro,
1735 3537 1833 3619 impe·

154 3656 245 3712 rante
280 3649 425 3733 piissimo
458 3657 490 3712 et
524 3669 652 3731 semper
688 3646 919 3732 triumphatore
951 3643 1184 3726 Hemanuhele,
1222 3645 1302 3710 duce
1336 3645 1497 3708 existente
1536 3639 1705 3706 Dalmacie
1740 3651 1837 3726 atque

155 3754 284 3830 Dioclis
308 3753 368 3839 kyr
393 3747 633 3839 laeuaeio,'qui
658 3755 689 3816 in
726 3753 840 3818 eadam
868 3754 1071 3817 dedicatione
1107 3775 1166 3816 sua
1199 3751 1342 3834 gratuita
1369 3750 1540 3812 'voluntate
1569 3755 1602 3810 et
1637 3746 1835 3830 benignitate

155 3859 255 3925 affuit.
282 3859 394 3924 Priore
419 3857 503 3932 Vita,
528 3861 687 3922 existente
711 3860 742 3924 iu
770 3859 900 3924 Oataro.
935 3859 1050 3922 Petrus
1086 3857 1284 3922 soacinensis
1318 3853 1440 3919 electus
1464 3851 1608 3918 interfuit
1632 3861 1665 3916 et
1686 3850 1835 3922 Andreas

156 3967 244 4050 prior
268 3964 459 4030 arbanensis
483 3987 554 4028 cum
579 3974 645 4028 toto
670 3965 787 4050 populo
811 3966 963 4030 ciuitatis.

189 4165 192 4174 ⁴
307 4147 412 4202 Matisa
435 4165 472 4202 na
495 4147 578 4218 maloj
605 4147 775 4219 pergameni,
800 4145 956 4232 naiujekih
981 4145 1091 4202 miestih
1115 4145 1296 4215 iaprsvljena,
1320 4143 1413 4200 nalazi
1437 4161 1467 4199 se
1490 4161 1508 4198 u
1532 4143 1665 4214 knjitnicl
1683 4141 1842 4212 ahademije

152 4234 386 4306 jugoslavenslse.
411 4235 511 4291 Sravui
536 4233 653 4290 Farlati.
676 4235 711 4292 T.
735 4233 784 4290 Vl.
808 4240 856 4288 str.
883 4233 955 4294 433.

627 4464 632 4474 ’
739 4524 1268 4612 161111611166116.

158 4691 341 4764 Lampredto
364 4691 534 4764 nodbiskup
557 4652 709 4766 aadarsti,
733 4707 748 4748 s
771 4687 1104 4750 166666611166116116661
1126 4688 1339 4746 Maurooenom
1362 4686 1374 4744 i
1397 4671 1565 4744 6661611611
1595 4681 1712 4742 riosteti
1733 4683 1842 4744 rodor-

260 4845 269 4854 .
311 4796 408 4870 stimi,
433 4797 571 4868 dopitar'u
592 4796 693 4868 66111(ρε
716 4795 753 4854 od
777 4795 913 4856 11166166
937 4791 1099 4875 (01116666)
1123 4796 1298 4852 6661661666
1317 4809 1361 4852 av.
1387 4789 1503 4863 Marije
1526 4806 1547 4848 6
1572 4787 1687 4850 Zadris.

319 4979 415 5048 Anno
436 4982 478 5047 ab
502 4983 723 5046 incarnatione
748 4982 868 5046 domini
893 4979 1064 5046 millesimo
1081 4982 1256 5046 centesimo
1274 4979 1478 5064 sexagesimo
1498 4977 1644 5064 septimo.
1663 4973 1843 5039 Indictione

158 5089 234 5185 XII.
261 5087 355 5175 (XV)
379 5087 578 5175 temporibus
602 5089 711 5176 itaque
737 5085 852 5152 Vitalis
886 5085 1064 5170 Michaelis,
1097 5087 1188 5152 ducis
1221 5085 1365 5168 Venetis,
1402 5095 1434 5148 et
1467 5080 1656 5168 Irampredii
1691 5079 1843 5146 iadertini

315 5269 662 5327 111111ἆ1116111111611111116
681 5271 712 5341 je
737 5269 915 5325 obadvakrat
937 5269 1083 5341 pripisana
1108 5268 1240 5343 odozgor.
