4310 5918
467 561 603 647 Signum
628 583 740 626 manus
763 559 897 644 Georgii
921 561 977 646 qui
1001 561 1062 626 hoc
1085 559 1154 624 fieri
1185 561 1326 646 rogauit.

461 673 469 680 “
539 715 554 750 „
633 665 764 731 alterius
790 665 877 729 Petri
944 714 959 748 „
1024 713 1039 749 „
1111 713 1126 738 ,
1239 714 1255 749 „

539 819 551 850 s
687 821 701 848 n
785 769 958 850 Leonis,
1023 815 1039 852 n
1112 817 1127 853 rr
1240 817 1256 852 rr

537 922 552 958 „
686 923 703 957 „
786 873 959 958 Audrce,
1024 923 1128 958 „„
1241 922 1256 950 ,‚

471 979 542 1064 Ego
561 977 749 1042 Candussus
768 977 959 1064 presbyterK

491 1133 504 1163 ‚,
554 1082 669 1146 Petrus
691 1081 871 1170 presbyter.

493 1237 508 1272 „
557 1187 687 1250 Marcus
758 1238 772 1268 „
893 1201 896 1208 '

491 1341 507 1376 ‚,
555 1292 669 1357 Petrus
693 1291 864 1387 Odeliarus
888 1291 1043 1356 diaconus
1068 1316 1165 1358 manu
1186 1316 1257 1358 mea
1281 1293 1467 1378 subscripsi.

472 1399 607 1482 Signum
632 1421 745 1462 manus
770 1399 911 1462 omnium
937 1396 1148 1462 habitantium
1174 1401 1207 1462 in
1231 1401 1450 1484 suprascripta
1475 1399 1615 1464 ciuitate.

469 1504 540 1588 Ego
564 1504 721 1568 Martinus
744 1505 914 1590 episcopus
938 1502 1021 1567 hanc
1044 1502 1201 1568 cartulam
1225 1506 1349 1589 scripsi,
1369 1503 1504 1586 firmaui,
1525 1513 1621 1591 atque
1639 1502 1810 1590 compleui.

417 1653 445 1710 U
468 1653 618 1708 dvorskom
641 1650 759 1708 beckom
783 1651 891 1707 arkivu.
916 1651 923 1704 i
946 1651 1055 1706 Farlati
1078 1650 1113 1705 Τ.
1133 1651 1168 1709 V.
1190 1657 1240 1706 etr.
1267 1651 1339 1706 617.

913 1974 916 1980 ¹
966 1861 1247 1946 oxm1oao.

260 2023 367 2087 Paveo
392 2027 563 2100 nudbisirup
585 2027 721 2100 spljetsti
753 2009 860 2098 daruje
884 2027 1042 2098 oporatom
1065 2043 1166 2085 evoma
1190 2033 1259 2086 ote-a
1283 2027 1483 2100 Prostaootju,
1516 2031 1620 2102 priora
1653 2027 1831 2106 splietslrom,
1855 2030 1949 2089 ortua

745 2148 785 2190 so.
812 2131 928 2204 Marije
951 2150 972 2190 u
995 2131 1089 2190 Blatu
1112 2149 1127 2190 s
1149 2133 1289 2207 maopimi
1311 2133 1459 2205 remusati.
1898 2143 1900 2146 ·

416 2269 453 2333 ln
468 2269 595 2332 nomine
605 2265 734 2330 Christi.
749 2267 843 2330 Anno
857 2265 1001 2332 eiusdem
1014 2270 1242 2333 incarnationis
1257 2267 1335 2334 ΜΠ.
1347 2269 1489 2354 (ΜΧΧ).
1503 2269 1676 2334 indictione
1690 2271 1799 2351 tercia,
1813 2270 1945 2334 domino

259 2372 372 2438 Paullo
395 2373 636 2459 archiepiscopo
661 2372 771 2436 sedem
796 2372 880 2436 beati
903 2372 1034 2438 Domnii
1059 2373 1233 2457 obtinente,
1258 2386 1289 2438 et
1313 2377 1418 2461 priore
1441 2374 1558 2440 domno
1575 2375 1767 2440 Presteneio
1801 2376 1948 2440 eiusdem

260 2491 360 2566 patre.
377 2481 449 2564 Ego
466 2480 669 2567 supradictus
691 2478 963 2564 archiepiscopus,
981 2499 1058 2560 eger
1074 2477 1203 2562 q'uidem
1221 2501 1364 2564 corpore,
1382 2478 1493 2544 valeus
1510 2491 1617 2544 autem
1635 2481 1741 2544 niente
1758 2481 1942 2566 animoque,

262 2586 344 2651 lecto
368 2585 496 2668 affixus,
520 2586 676 2672 annisque
694 2607 854 2670 opressus,
880 2605 952 2648 cum
978 2581 1056 2645 mihi
1074 2582 1161 2646 nulle
1185 2582 1365 2666 facultates,
1392 2584 1542 2671 nulleque
1568 2587 1702 2671 pecunie
1727 2597 1953 2671 suppeterent,

263 2713 357 2756 nemo
382 2692 534 2755 inuentus
558 2691 683 2775 estqui
716 2691 779 2753 mei
804 2712 914 2754 curam
944 2689 1135 2773 susciperet,
1159 2697 1266 2774 preter
1291 2689 1514 2754 Preetaneium
1541 2692 1681 2776 priorem
1707 2727 1746 2738 -—-
1773 2729 1812 2738 -
1844 2729 1875 2738 -
1905 2728 1950 2738 -

201 2776 203 2782 Ι
262 2817 334 2860 mea
358 2805 471 2882 sponte
495 2805 526 2865 et
546 2794 711 2860 voluntate
746 2797 779 2858 io
811 2817 882 2858 eam
915 2792 1181 2858 deliberationem
1212 2793 1370 2860 adductus
1403 2817 1483 2876 sum,
1511 2808 1544 2859 ut
1568 2797 1597 2860 ei
1621 2797 1705 2879 grati
1729 2798 1826 2860 animi
1851 2819 1950 2862 causa

183 2977 189 2984 ι
265 2901 419 2966 donarem
444 2901 620 2967 ecclesiam·
639 2900 735 2982 illam,
761 2923 856 2988 quam
883 2899 924 2964 ad
952 2898 1072 2964 cultum
1097 2899 1315 2986 honoremque
1339 2909 1449 2964 sancte
1474 2899 1576 2965 Mario
1600 2900 1640 2965 de
1664 2901 1780 2987 palude
1805 2903 1947 2984 extrrrxi,

267 3005 462 3092 hortumque
487 3005 590 3070 eidem
615 3005 811 3084 adiunctum,
838 3027 909 3070 cum
936 3007 1086 3071 omnibus
1118 3007 1289 3072 arboribus
1308 3007 1484 3093 pomiferis,
1509 3009 1650 3093 itemque
1674 3017 1795 3092 partem
1820 3010 1891 3094 agri
1915 3011 1949 3073 in

267 3112 380 3177 eadem
405 3111 520 3197 palude
544 3112 716 3194 constituti,
741 3134 779 3175 ac
796 3091 947 3197 preterea
958 3111 1090 3176 fundum
1108 3110 1383 3194 Montioalensem,
1400 3111 1628 3194 Lauretanum,
1647 3122 1764 3178 terram
1785 3111 1948 3192 Panisaui,

269 3227 387 3283 terram
412 3215 509 3300 Galli,
527 3225 644 3281 terram
662 3225 771 3280 sancte
795 3214 897 3280 Maris
922 3216 961 3282 de
985 3216 1145 3298 Mesabra,
1163 3239 1224 3282 nec
1246 3239 1309 3282 non
1323 3228 1355 3280 et
1376 3217 1488 3302 predia
1512 3215 1691 3297 Oslbarole,
1715 3217 1896 3302 Torreaaie,
1920 3229 1954 3284 ct

264 3321 402 3387 Adrioe.
428 3321 558 3408 Siquis
583 3343 600 3385 e
624 3323 873 3405 consanguineis
891 3323 969 3386 meis
986 3331 1058 3408 post
1074 3322 1197 3386 obitum
1214 3345 1321 3387 meum
1345 3323 1428 3387 hanc
1452 3332 1592 3388 nostram
1618 3321 1822 3387 donationem
1847 3325 1948 3390 inter·

263 3437 390 3494 vertere
421 3427 473 3492 vel
508 3427 665 3513 abrogare
697 3450 796 3492 elisus
829 3427 933 3511 fuerit,
968 3429 1002 3492 in
1035 3428 1143 3494 odium
1176 3428 1450 3514 offensionemque
1482 3429 1679 3514 prepotentis
1711 3428 1762 3492 dei
1795 3431 1949 3512 incurret,

264 3543 480 3600 trecentorum
503 3543 535 3597 et
557 3533 620 3597 duo
644 3532 801 3616 deriginti
829 3543 1013 3598 sanctorum
1042 3543 1169 3619 patrum
1186 3532 1389 3598 anathemate
1406 3532 1547 3614 ferietur,
1564 3543 1597 3596 ct
1612 3529 1711 3596 veluti
1728 3532 1810 3597 alter
1828 3533 1946 3615 ludas,
2062 3556 2066 3562 ’

266 3639 411 3726 proditor
435 3639 567 3716 domini,
592 3639 820 3724 eternisapud
847 3637 967 3702 inferos
991 3637 1188 3703 eruciatibus
1206 3638 1591 3724 mancipabitur.''l'estes
1611 3639 1740 3703 fuerunt
1756 3639 1950 3704 Dominicus

265 3745 373 3826 iudex,
399 3743 510 3808 Debre
535 3743 714 3829 presbyter,
737 3742 880 3806 Joannes
905 3743 1035 3826 Saccus,
1061 3743 1172 3808 Dabro
1196 3741 1390 3824 Graualana,
1415 3743 1550 3826 Fuscus,
1575 3736 1714 3828 Grigina
1736 3755 1769 3809 et
1789 3744 1947 3810 diaconus

266 3849 455 3914 Farisaous.

423 3953 495 4038 Ego
520 3951 703 4039 Stephanus
728 3955 884 4020 diaconus
908 3957 1032 4040 scripsi,
1058 3954 1196 4020 Doimus
1220 3954 1349 4041 (deputa
1375 3955 1466 4018 testis
1489 3954 1588 4019 adfui.

425 4101 534 4156 Farlati
557 4102 703 4172 Illyricum
722 4119 840 4156 eaerum.
864 4102 899 4156 T.
923 4102 975 4158 111.
999 4107 1046 4156 etr.
1074 4103 1144 4156 117.

869 4316 1026 4399 uxlll.
1054 4317 1143 4400 ulio
1171 4337 1208 4415 g.
1237 4315 1354 4399 1020.

318 4545 324 4550 ,
408 4479 580 4539 Prostanoio
604 4480 689 4552 prior
710 4479 846 4554 appareti
870 4480 977 4553 derude
1000 4480 1091 4538 ortua
1114 4495 1157 4539 su.
1181 4479 1296 4552 Marna
1318 4498 1339 4538 u
1362 4479 1457 4539 Bura
1479 4497 1580 4539 evoma
1602 4481 1673 4539 sinu
1694 4479 1792 4542 Srmu.

392 4644 394 4648 ’
425 4649 496 4734 Ego
521 4650 725 4716 Prostancius
748 4652 836 4738 prior
859 4648 956 4716 lidem
980 4649 1075 4732 facio,
1092 4649 1183 4714 edem
1202 4658 1311 4714 sancte
1328 4650 1430 4714 Mario
1451 4673 1471 4714 a
1494 4673 1545 4715 me
1561 4649 1709 4715 traditam
1728 4651 1827 4717 fuisse
1844 4651 1952 4718 Sirmo

268 4752 335 4817 filio
366 4777 446 4835 meo,
477 4763 511 4820 ut
534 4756 652 4838 eidem,
686 4779 750 4842 qua
772 4755 905 4840 dignum
929 4763 978 4819 est
1002 4754 1170 4840 diligentia
1194 4778 1345 4844 curaque,
1371 4757 1528 4820 inseruiat
1551 4765 1582 4820 et
1605 4758 1638 4820 in
1659 4779 1698 4822 ea
1720 4755 1823 4821 diuini
1846 4757 1954 4824 cultus

269 4858 376 4923 officia
406 4862 467 4925 rito
502 4860 688 4948 peragende
712 4871 811 4925 curet.
837 4859 918 4924 Cum
944 4882 1020 4924 vero
1044 4883 1221 4946 supremun
1243 4861 1305 4925 sihi
1330 4859 1414 4925 diem
1436 4861 1550 4926 adesse
1573 4863 1719 4944 senserit,
1744 4861 1835 4927 alteri
1861 4861 1952 4928 illam

200 5038 202 5046 Ι
269 4965 480 5048 commendet,
509 4969 564 5052 qui
598 4976 669 5052 post
701 4966 823 5031 obitum
847 4965 990 5030 eiusdem
1015 4967 1275 5052 procurationem
1299 4966 1462 5052 suscipiat.
1486 4966 1591 5032 Huius
1613 4990 1684 5033 mee
1708 4966 1884 5032 voluntatis
1909 4978 1955 5032 te-

269 5078 334 5133 stes
358 5092 429 5134 esse
453 5070 549 5153 volui,
572 5070 722 5136 abbatem
748 5071 849 5135 sancti
873 5069 1038 5156 Stephani,
1069 5070 1218 5136 domnam
1250 5071 1379 5136 Annam
1403 5095 1545 5136 sororem
1578 5095 1681 5137 meam
1708 5081 1739 5138 et
1772 5071 1952 5138 Dabrinam

271 5197 375 5244 meam
399 5176 639 5241 consobrinam.

428 5305 544 5366 Parieti.
569 5306 713 5376 Illyricum
737 5322 847 5362 sacrum
870 5307 905 5360 T.
930 5305 980 5361 111.
1002 5267 1051 5361 dtr.
1078 5307 1149 5362 117.
