4292 5926
361 345 405 412 30

361 561 440 625 gare
461 559 543 617 eum,
568 539 595 600 si
619 558 671 600 res
692 557 727 599 se
750 537 794 598 ita
816 535 901 616 abet,
925 535 1019 598 sicuti
1031 534 1172 598 Zanizus
1189 546 1220 598 et
1237 535 1391 600 moniales
1407 536 1626 604 autumabant.
1643 535 1906 602 Archidiaconus
1921 547 2020 621 auum,

361 655 471 730 utpote
493 641 695 706 venerandus
720 663 830 718 senex,
857 663 917 703 nec
939 663 959 703 a
990 643 1125 704 veritate
1149 639 1324 722 declinans,
1350 643 1435 726 cepit
1458 640 1618 706 detestare
1637 653 1669 706 et
1691 642 1923 722 contradicere,
1949 645 2020 728 quod
2111 719 2112 722 Ἴ

360 771 523 836 nunquam
543 747 589 811 ibi
612 746 733 828 fuisset,
756 768 816 810 nec
839 745 901 808 hoc
923 745 977 829 agi
1001 744 1052 808 vel
1069 745 1213 824 vidisset,
1230 744 1287 809 ‘vel
1304 745 1456 810 audisset.
1481 745 1574 810 Tunc
1596 745 1730 810 confusa
1746 769 1821 832 pars
1841 747 2021 830 monialium,

360 879 417 942 pre
442 852 633 918 verecundia
658 851 756 916 nichil
780 853 844 914 iam
865 851 972 914 dicere
996 852 1145 936 potuerit.
1166 849 1258 914 Tunc
1288 850 1354 915 dati
1385 851 1518 929 iudices,
1556 851 1631 914 data
1662 855 1839 928 sentencia,
1870 861 2022 938 utramque

359 971 482 1047 partem
506 957 618 1022 habire
644 966 865 1043 preceperunt.
891 955 976 1019 Dein
1003 959 1112 1040 paucis
1137 957 1313 1020 interiectis
1335 955 1461 1037 diebus,
1484 955 1607 1021 salubri
1629 955 1771 1021 roborati
1787 956 1921 1035 auxilio,
1936 957 2022 1024 abbas

359 1077 391 1130 et
414 1065 511 1129 ceteri
535 1063 660 1136 fratres,
684 1060 840 1125 adeuntes
865 1059 1152 1145 archiepiscopum,
1178 1060 1273 1124 simul
1296 1069 1328 1125 et
1343 1063 1503 1144 comitem,
1529 1072 1726 1144 rogauerunt
1741 1083 1806 1141 eos,
1822 1075 1859 1126 ut
1875 1085 1910 1125 se
1928 1085 2021 1147 parum

358 1181 517 1234 vexarent
539 1180 570 1231 et
594 1169 721 1230 exirent
741 1167 854 1230 videre
879 1175 979 1229 terras
1004 1167 1085 1248 illas,
1110 1179 1142 1230 et
1166 1167 1342 1231 secundum
1365 1171 1530 1254 antiquam
1553 1167 1717 1232 dationem
1741 1177 1773 1232 et
1788 1166 2019 1254 dispositionem

358 1277 404 1361 ajo
427 1274 617 1339 roborarent
639 1284 670 1336 et
693 1271 869 1352 firmarent,
894 1283 1051 1356 quatenus
1077 1273 1231 1356 deinceps
1268 1271 1389 1338 nullum
1426 1271 1575 1356 litigium,
1608 1271 1695 1337 nulla
1726 1275 1900 1338 contencio
1930 1286 2023 1360 posset

359 1383 435 1445 oriri
459 1379 629 1443 interduo
655 1377 799 1462 predicta
822 1380 1026 1458 monasteria,
1050 1377 1136 1463 quod
1161 1378 1332 1442 attactum
1358 1390 1415 1442 est.
1449 1377 1598 1444 Perrexit
1620 1381 1719 1462 igitur
1742 1377 1907 1443 Michahel
1935 1380 2022 1443 archi-

358 1488 528 1572 episcopus
545 1505 625 1547 ·cum
649 1484 774 1547 clericis
798 1481 971 1568 aliquibus,
996 1505 1130 1567 quorum
1152 1485 1282 1548 nomina
1297 1482 1357 1546 hec
1374 1492 1461 1547 sunt:
1486 1482 1633 1548 Gaudius
1649 1482 1911 1569 archipresbiter,
1929 1483 2022 1548 Ilicba

358 1591 523 1669 diaconus,
548 1589 632 1655 fitius
654 1589 846 1670 Streziouze,
871 1587 1078 1672 Lampridius
1099 1589 1246 1665 clericus,
1268 1587 1352 1654 filius
1376 1589 1553 1670 Maricbne,
1588 1589 1735 1654 Petrinus
1768 1589 1917 1671 clericus,
1947 1589 2021 1654 lilius

358 1693 524 1776 Camassi3
548 1691 666 1757 deinde
690 1693 805 1756 Petrus
828 1715 936 1756 comes
960 1715 1033 1757 cum
1059 1693 1246 1778 proceribus
1279 1695 1356 1769 suis,
1388 1715 1525 1778 quorum
1556 1695 1685 1757 nomina
1714 1693 1775 1758 hec
1803 1704 1896 1759 sunt:
1930 1691 2023 1758 Maius

357 1801 524 1880 Zambata,
546 1799 655 1880 iudex,
679 1797 800 1862 Grube
815 1797 924 1878 iudex,
949 1797 1090 1863 Zanizus
1114 1799 1299 1880 aduocatus,
1323 1798 1496 1882 Bergullus
1509 1798 1695 1879 aduocatos,
1716 1798 1922 1864 Prostancius
1941 1798 2023 1880 Fere,

356 1906 481 1986 Vitaza,
506 1905 590 1969 filius
610 1903 727 1968 Stance
752 1903 904 1984 Dassare,
928 1903 1069 1967 Bratona
1091 1902 1191 1967 frater
1214 1907 1349 1985 comitis,
1384 1903 1579 1985 Mandreius,
1613 1904 1721 1968 etalii
1758 1904 1877 1990 plures.
1913 1904 2017 1968 Abbas

356 2034 429 2076 cum
451 2013 527 2090 suis,
552 2022 583 2073 et
602 2010 766 2074 abbatissa
789 2031 861 2073 cum
887 2011 963 2090 suis,
988 2011 1080 2073 etsie
1104 2019 1321 2094 peruenerunt
1336 2009 1377 2073 ad
1394 2009 1564 2074 ecclesiam
1581 2009 1666 2074 beati
1688 2009 1784 2094 Petri,
1803 2022 1836 2074 ct
1851 2033 1910 2096 per
1924 2020 2021 2076 osten·

356 2119 478 2181 aionem
503 2114 643 2178 analium
665 2124 697 2178 et
720 2113 974 2178 recordationem
1000 2125 1224 2178 veteranorum
1248 2117 1450 2195 inuenerunt,
1474 2114 1560 2202 quod
1585 2116 1741 2180 medietas
1764 2117 1912 2202 coquine,
1936 2137 2024 2201 quam

359 2221 591 2287 edificauerant
613 2219 760 2284 homines
782 2230 892 2283 sancte
917 2218 1028 2301 lllarie,
1051 2229 1150 2284 staret
1173 2222 1204 2283 in
1229 2230 1315 2284 terra
1339 2222 1440 2284 sancti
1465 2218 1669 2305 Chrisogoni,
1693 2220 1750 2284 sed
1774 2234 1908 2307 precatu
1930 2219 2024 2284 arohi-

355 2327 507 2412 episcopI,
532 2327 650 2410 pariter
674 2336 705 2390 et
728 2326 854 2389 comitis
876 2332 907 2386 et
930 2323 1103 2404 abbatisse,
1128 2333 1160 2387 et
1182 2321 1324 2390 omnium
1342 2325 1530 2390 clericorum
1548 2336 1579 2388 et
1596 2325 1749 2391 laicorum
1764 2327 1809 2390 ibi
1828 2327 2024 2412 presentium,

354 2433 520 2497 consensit
551 2431 652 2495 abbas
675 2439 706 2495 et
729 2429 847 2515 reliqui
868 2429 996 2508 fratres,
1020 2441 1055 2494 ut
1078 2433 1245 2495 miteretur
1271 2430 1355 2495 linea
1377 2431 1419 2495 ab
1443 2431 1562 2515 angulo
1594 2431 1730 2496 ecclesie
1764 2434 1935 2515 interioris,
1968 2431 2024 2496 hoc

353 2548 403 2601 est
426 2549 518 2600 extra
541 2538 665 2618 turrim,
690 2537 766 2621 quia
788 2537 886 2599 turris
911 2534 1048 2599 eeclesia
1072 2535 1148 2621 (sic)
1172 2546 1221 2600 est
1244 2536 1330 2601 beati
1355 2535 1559 2620 Chrisogoni.
1590 2536 1635 2601 Et
1666 2560 1765 2602 missa
1794 2549 1845 2603 est
1874 2539 1957 2603 linea
1986 2537 2023 2602 ab

352 2643 472 2728 angulo
496 2641 644 2722 ecclesie,
665 2664 778 2727 parurn
802 2642 834 2702 in
858 2639 1037 2726 obliquum,
1064 2644 1095 2703 iu
1121 2641 1314 2727 apuilouem,
1340 2643 1384 2705 ita
1405 2655 1440 2706 ut
1460 2653 1527 2706 tota
1551 2643 1688 2727 coquina
1715 2644 1757 2706 sit
1788 2645 1836 2707 eis
1867 2666 2023 2724 concessa,

351 2757 383 2812 et
406 2751 453 2812 sic
478 2746 626 2838 monachi
650 2747 691 2811 ad
715 2750 869 2810 terminos
894 2754 979 2808 terre
1003 2768 1060 2810 sue
1086 2769 1219 2830 magnos
1244 2746 1368 2832 lapides
1393 2746 1588 2812 fundotenus
1621 2745 1818 2825 locauerunt,
1849 2750 1881 2812 iu
1911 2748 2021 2835 quibus

352 2856 449 2918 etiam
474 2852 637 2939 lapidibus
660 2853 798 2917 litteram
824 2851 864 2916 G.
889 2853 1123 2936 imprimerent,
1148 2865 1181 2915 ut
1205 2864 1298 2918 extra
1331 2852 1393 2917 hoc
1427 2854 1580 2916 terminos
1611 2875 1675 2916 non
1714 2853 1810 2917 liceat
1845 2854 2021 2919 hominibus

353 2970 463 3024 sancte
484 2959 587 3024 Marie
601 2962 644 3023 'in
667 2958 865 3024 occidentem
890 2959 943 3023 vel
964 2958 1078 3044 pedem
1103 2981 1232 3044 ponere,
1257 2947 1310 3024 vel
1334 2959 1562 3045 quodcumque
1584 2960 1703 3024 animal
1728 2963 1863 3026 minare.

500 3159 606 3214 Matisa
628 3177 665 3213 na
689 3159 861 3230 pergameni.
886 3157 912 3214 U
936 3158 1065 3215 aada‘rsk.
1089 3158 1157 3228 gub.
1182 3159 1289 3214 arkivu.
1312 3158 1393 3216 Cass.
1414 3159 1521 3217 XVIII.
1548 3161 1622 3216 446.

1042 3449 1206 3534 XLIII.
1233 3453 1340 3535 1137.

349 3633 427 3694 Belo
455 3633 503 3694 ll.
527 3633 608 3706 kralj
630 3633 764 3706 anasei,
783 3631 981 3705 podieljejuti
1003 3632 1125 3691 domolo
1147 3632 1283 3704 rq'clromu
1306 3631 1400 3689 lenanu
1421 3629 1570 3706 Martiae,
1595 3631 1635 3688 do
1666 3629 1743 3690 mole
1774 3631 1913 3689 durouotr'
1943 3631 2020 3702 soojrs

344 3739 565 3812 posJ'edovarq'a
582 3741 756 3796 samostunu
783 3755 823 3795 so.
851 3735 946 3796 Petro
969 3755 990 3795 u
1016 3719 1141 3810 (lutare,
1166 3754 1186 3794 u
1208 3737 1354 3808 sulujskoj
1377 3736 1523 3809 dupunty'r,
1546 3737 1691 3808 spominje
1714 3735 1850 3808 talcodjer
1872 3737 1953 3807 ajelte
1967 3751 2019 3807 pe

347 3844 426 3917 sjede
448 3861 486 3904 ua
508 3844 606 3903 Mure
628 3844 752 3916 tereto
777 3839 890 3913 Druoe,
914 3843 970 3901 keo
993 3843 1005 3900 i
1028 3827 1160 3900 Semovec
1192 3839 1340 3921 (Semnan)
1365 3859 1385 3899 u
1405 3841 1597 3915 auprcbudkoj
1621 3841 1775 3915 biskuptjt.
1800 3840 1853 3920 (U
1871 3837 2016 3920 moestu.)

506 4031 543 4096 In
568 4030 697 4095 nomine
722 4039 832 4094 sancte
856 4039 888 4094 et
913 4029 1079 4093 indiuiduo
1101 4029 1262 4092 trinitatis.
1286 4029 1404 4091 Notum
1428 4029 1470 4090 sit
1493 4026 1642 4110 omnibus
1666 4036 1777 4091 sancte
1800 4026 1853 4092 dei
1890 4028 2017 4093 ecclesie

347 4135 536 4219 cultoribus,
560 4145 624 4199 tam
646 4136 771 4199 clericis
794 4157 890 4220 quam
912 4134 1013 4218 laicis,
1037 4133 1122 4221 quod
1143 4155 1204 4197 rex
1223 4132 1303 4197 Bela
1325 4130 1464 4212 inclitus,
1487 4134 1521 4196 in
1544 4141 1702 4198 conuentu
1729 4135 1943 4218 strigoniensi,
1964 4133 2015 4197 ubi

346 4239 413 4306 filio
441 4263 498 4304 suo
523 4239 684 4323 Ladislao,
709 4241 873 4306 communi
895 4242 986 4324 regni
1011 4237 1155 4316 consilio,
1183 4239 1373 4302 bosne‘nsem
1398 4236 1548 4301 ducatum
1573 4237 1670 4317 dedit,
1694 4239 1727 4301 in
1758 4237 1865 4302 insula
1895 4238 2016 4304 abbatie

347 4349 544 4427 monialium,
568 4346 622 4410 ubi
646 4344 784 4410 ecclesia
808 4369 831 4408 s.
855 4345 966 4426 Maria,
991 4344 1232 4428 archiepiscopo
1248 4341 1412 4406 Feliciano
1436 4341 1630 4428 presidente,
1660 4353 1692 4404 et
1722 4345 1838 4406 ceteris
1862 4347 2013 4429 episcopis

347 4451 559 4540 presentibus,
585 4450 706 4515 scilicet
729 4450 903 4531 Machario,
928 4448 1035 4528 Saule,
1060 4448 1218 4534 Martyno,
1234 4449 1338 4528 Petro,
1356 4447 1511 4527 Waltero,
1530 4447 1668 4528 Zacheo‚
1686 4447 1845 4511 Macelino
1864 4449 2014 4534 (zagrabi

345 4559 429 4640 ensi)
453 4567 485 4621 et
508 4556 619 4622 curiali
643 4558 760 4620 comite
783 4555 953 4620 Francello
971 4603 1000 4620 ..
1019 4555 1079 4618 His
1097 4554 1174 4618 nihil
1191 4553 1495 4634 contradicentibus,
1520 4551 1599 4616 Bela
1622 4575 1681 4616 rex
1704 4555 1867 4618 concessit
1882 4553 2013 4620 Martiuo

345 4663 453 4727 comiti
480 4663 521 4727 ad
546 4661 696 4748 placitum
722 4683 780 4725 sua
803 4661 963 4726 ordinare.
990 4658 1134 4723 Gratiam
1166 4681 1261 4745 quam
1295 4671 1386 4744 pater
1409 4669 1624 4739 concesserat,
1655 4659 1815 4722 concessit
1846 4661 2014 4724 succedens

345 4770 430 4832 lilius
453 4770 483 4832 ir.
507 4789 641 4850 regnum
666 4765 828 4848 Gerrczha,
853 4776 1003 4853 presente
1026 4762 1122 4830 Belos
1146 4766 1236 4846 duce,
1257 4775 1289 4829 et
1311 4763 1463 4830 Hitelano
1478 4765 1649 4850 preposito,
1663 4762 2012 4853 Quuchinopreposito,

344 4885 376 4939 et
396 4871 525 4938 Calixto
550 4885 581 4935 et
603 4872 727 4938 Iuliano
752 4874 867 4938 comite
891 4883 923 4939 et
947 4872 1093 4937 Rolando
1127 4871 1277 4934 Predium
1303 4869 1469 4952 cuiatem,
1492 4871 1525 4932 in
1552 4891 1616 4955 quo
1638 4869 1867 4934 monasterium
1886 4883 1935 4936 est
1955 4871 2015 4937 edi·

344 4983 483 5058 ficatum,
509 4977 594 5064 quod
618 4989 686 5042 erat
709 5003 780 5043 cum
804 4979 959 5044 fratribus
983 4979 1048 5042 suis
1072 4999 1251 5057 commune,
1276 4975 1432 5039 cambiuit
1456 4973 1608 5039 mutando
1638 4974 1756 5040 afiliis
1781 4974 1922 5054 Andros,
1946 4999 2012 5042 enm

345 5095 435 5170 parte
458 5082 499 5147 de
522 5095 616 5165 terra,
640 5106 736 5170 quarn
762 5082 901 5148 habebat
925 5085 957 5148 in
981 5082 1138 5165 Beschen,
1161 5103 1223 5144 non
1249 5080 1331 5144 ultra
1348 5103 1464 5166 aquam
1482 5080 1618 5163 Moram,
1636 5079 1691 5144 sed
1709 5083 1799 5160 citra,
1819 5103 1896 5166 pars
1912 5082 2010 5146 Alexii

344 5190 420 5254 data
441 5201 499 5254 est.
525 5237 533 5254 .
557 5239 564 5254 .
