4276 5934
299 399 366 465 210

298 601 398 680 parte,
424 603 456 658 et
478 593 664 658 Kalendum
689 597 837 660 nuntium
862 598 1050 681 ragusinum
1073 607 1105 662 et
1128 621 1265 662 comune
1288 599 1435 663 eiusdem
1473 601 1613 664 ciuitatis
1640 623 1693 665 -ex
1727 601 1829 665 altera
1865 612 1973 686 parte:

289 693 464 786 'Imprimis
489 700 641 765 iurabunt
666 725 776 786 pacem
802 702 927 766 firmam
953 713 1062 766 tenere
1086 715 1118 766 et
1141 728 1203 766 non
1229 728 1413 788 remouere3
1439 719 1470 768 et
1493 707 1647 770 iurabunt
1681 709 1878 772 Anconitani
1917 709 1978 771 Ra·

299 807 432 890 gusinos
457 817 489 869 et
512 829 564 870 res
588 829 699 870 eorum
723 810 755 871 in
781 807 917 872 Ancona
941 819 973 872 et
996 810 1029 872 iu
1060 815 1129 872 tota
1153 832 1265 873 eorum
1288 810 1383 875 fortia
1407 811 1535 876 saluere
1558 823 1591 876 et
1615 809 1791 878 defendere
1813 813 1980 878 bonafide

300 913 369 974 sine
393 911 524 992 fraude3
548 922 579 975 et
603 923 733 977 contra:
758 915 785 978 si
812 936 889 976 vero
913 913 1032 999 aliquis
1057 914 1281 979 Anconitanus
1306 917 1484 981 offenderet
1507 917 1693 1001 Raguseum
1728 917 1778 980 rel
1810 918 1981 1001 Raguseus

300 1017 548 1098 Anconitanum,
574 1015 634 1080 hec
656 1041 721 1103 pax
746 1018 841 1082 firma
866 1029 1009 1102 maneat3
1034 1019 1175 1084 offensus
1201 1032 1287 1106 petat
1311 1025 1463 1086 iustitiam
1488 1045 1507 1085 a
1532 1023 1637 1086 iudice
1661 1024 1802 1086 ciuitatis
1826 1024 1878 1088 cai
1910 1045 1979 1108 per-

190 1205 192 1210 ,
298 1125 379 1187 tinet
403 1123 552 1204 offensor,
578 1133 609 1186 et
633 1146 702 1187 eam
727 1126 811 1187 iutra
834 1123 945 1192 XXX.
971 1125 1040 1189 dies
1065 1128 1218 1202 obtineat.
1243 1127 1285 1192 Et
1309 1127 1369 1192 hec
1393 1129 1502 1192 omnis
1527 1129 1678 1194 iurabant
1702 1130 1878 1193 obseruare
1895 1130 1981 1194 bona

300 1229 363 1293 fide
389 1231 458 1292 sine
482 1229 605 1311 fraude,
631 1241 662 1293 et
685 1229 746 1294 hoc
767 1242 1003 1294 sacramentum
1028 1231 1149 1295 debent
1171 1233 1279 1298 facere
1306 1232 1361 1297 CO
1393 1234 1469 1298 boni
1501 1233 1648 1298 homines
1685 1237 1754 1298 siue
1789 1234 1903 1298 fraude
1938 1257 1980 1298 ex

299 1357 362 1396 una
386 1345 486 1419 parte,
511 1331 543 1398 e't
567 1333 622 1399 CO
647 1358 690 1399 ex
711 1334 819 1400 altera.
856 1334 899 1398 Et
922 1338 948 1399 si
973 1336 1059 1421 quod
1083 1336 1220 1402 debetur
1242 1362 1284 1403 ex
1307 1362 1369 1402 una
1395 1350 1495 1425 parte,
1520 1353 1556 1404 ut
1579 1364 1621 1404 ex
1645 1340 1700 1404 illa
1716 1340 1873 1420 homines,
1892 1340 1977 1426 quod

298 1438 444 1521 debetur,
469 1439 601 1504 valeant
622 1439 765 1504 debitum
791 1452 937 1527 repetere
961 1441 1138 1506 secundum
1171 1445 1391 1528 supradictum
1424 1445 1567 1509 modum.
1601 1445 1702 1510 Facta
1739 1455 1814 1510 sunt
1848 1445 1910 1509 bec
1946 1447 1977 1508 in

298 1546 428 1610 ciuitate
452 1544 597 1628 Accone,
621 1569 706 1611 anno
730 1545 966 1610 MOXCVIIII.
991 1545 1167 1611 indictione
1190 1549 1232 1613 II.
1259 1547 1348 1615 VIII.
1372 1549 1529 1616 kalendas
1553 1553 1759 1637 septembris.

447 1744 553 1800 Matisa
586 1763 605 1798 u
643 1763 667 1800 c.
702 1747 745 1801 Irr.
779 1743 928 1799 drorskom
964 1745 1063 1800 arkivu
1102 1763 1119 1800 u
1158 1749 1244 1818 Belu,
1284 1751 1376 1820 medju
1409 1751 1490 1820 pismi
1530 1751 1752 1825 duhrornlIimi,
1790 1751 1830 1823 gl.
1866 1751 1974 1820 Ljubid,

296 1831 406 1886 Listine
427 1832 450 1888 1.
478 1832 526 1887 19.

667 2141 1051 2229 CCLXXX.1199.
1078 2148 1113 2230 t.
1140 2132 1282 2248 rnjna
1309 2146 1347 2230 U
1376 2147 1607 2232 Interanu.

240 2349 242 2354 ·
296 2323 453 2383 Inooeneio
476 2324 541 2383 III.
563 2341 656 2397 papo,
679 2325 910 2385 nazarenam
941 2326 1133 2398 nadbistapu
1164 2324 1395 2395 duttjooslromu
1424 2329 1436 2383 a'
1467 2329 1635 2402 burstomu,
1666 2329 1744 2387 nelca
1775 2327 1813 2391 B.
1847 2329 1973 2402 biskupa

297 2429 485 2506 soadskomu,
511 2430 725 2500 christianum
747 2431 818 2488 radi
840 2433 980 2508 abanec,
1005 2431 1055 2503 Iroj
1075 2448 1106 2490 se
1128 2431 1198 2490 radi
1221 2436 1288 2505 loqu
1308 2449 1392 2509 prem
1414 2434 1454 2490 da
1477 2433 1581 2491 nobrio
1601 2434 1701 2492 odreee
1717 2435 1876 2507 bistupslre
1892 2435 1973 2498 casti,

654 2535 783 2594 noanon
805 2537 896 2608 ajace
911 2537 1052 2609 podpora
1074 2538 1112 2596 od
1135 2533 1313 2596 dohodotolr
1334 2539 1435 2597 reterre
1458 2539 1616 2610 tietantia.

446 2687 655 2752 Innocentius
670 2689 842 2774 episcopus
858 2700 918 2755 eto.
935 2688 1123 2755 Venerabili
1139 2690 1231 2754 fratri
1255 2689 1402 2775 (Ioanni)
1425 2692 1622 2756 antibarensi
1647 2692 1902 2777 archiepiscopo,
1926 2714 1968 2755 sa·

300 2794 397 2860 lutem
423 2805 482 2859 ete.
505 2792 587 2857 Cum
613 2796 805 2860 accessisset
830 2817 931 2882 nuper
964 2793 1006 2858 ad
1040 2794 1250 2880 apostolicam
1286 2795 1395 2860 sedem
1433 2797 1622 2861 venerabilis
1658 2797 1757 2862 frater
1794 2809 1903 2861 nester
1935 2797 1970 2859 Β.

298 2901 461 2965 soacensis
491 2901 672 2984 episcopus,
706 2923 804 2986 super
826 2922 864 2964 ee
889 2900 975 2987 quod
999 2899 1167 2965 dicebatur
1202 2901 1242 2964 de
1277 2901 1441 2965 homicidii
1475 2904 1608 2965 crimine
1644 2893 1827 2984 infamatus,
1864 2925 1970 2966 coram

253 3007 257 3012 ’
297 3005 390 3070 nobis
413 3014 445 3068 et
467 3003 620 3068 fratribus
645 3008 763 3069 nostris
781 3007 1035 3070 misericordiam
1055 3007 1142 3070 sedis
1158 3006 1334 3092 apostolice
1352 3007 1518 3092 supliciter
1536 3006 1739 3092 implorabat.
1766 3008 1848 3072 Cum
1867 3019 1969 3071 auteur

296 3111 390 3176 nobis
414 3109 455 3175 de
477 3109 552 3174 facti
578 3113 661 3174 serie
685 3133 748 3176 non
772 3123 943 3193 constaret,
970 3114 1010 3176 de
1036 3134 1189 3198 processu
1214 3115 1314 3197 ipsius
1338 3136 1356 3174 a
1380 3113 1507 3176 dilectis
1532 3113 1606 3178 filiis
1631 3113 1657 3176 1.
1682 3113 1849 3200 capellano
1877 3125 1908 3178 et
1939 3115 1970 3180 S.
2036 3187 2040 3199 ,

296 3215 500 3304 subdiacono¹
520 3219 649 3300 nostris,
673 3219 729 3303 qui
751 3221 799 3282 rei
823 3221 991 3283 veritatem
1016 3219 1142 3304 plenIus
1168 3229 1399 3302 cognouerunt,
1422 3217 1498 3281 dum
1523 3219 1555 3282 in
1581 3219 1725 3304 partibus
1744 3218 1871 3284 Dioclie
1889 3219 1970 3303 lega-

296 3323 392 3386 tionis
416 3321 523 3386 officio
544 3321 764 3404 fungerentur,
787 3325 1014 3408 inquisiuimus
1038 3324 1231 3408 diligenter:
1257 3347 1300 3387 ex
1322 3347 1459 3410 quorum
1482 3328 1661 3388 assertione
1684 3327 1854 3402 tenuimus,
1885 3325 1967 3410 qnod

296 3433 368 3492 eum
393 3428 528 3512 ingressi
554 3429 753 3512 prouinciam
779 3427 942 3494 Dalmatis
966 3432 1140 3514 superioris
1164 3430 1309 3509 fuissent,
1330 3455 1348 3492 a
1372 3433 1484 3494 maiori
1513 3442 1601 3516 parte
1626 3431 1704 3494 cleri
1721 3445 1752 3494 et
1768 3431 1876 3517 populi
1903 3455 1968 3496 soa-

296 3534 401 3597 censis
425 3531 465 3596 de
489 3543 590 3595 reatu·
605 3531 768 3596 homicidii
793 3533 913 3598 dictum
938 3538 1131 3615 inuenerunt
1153 3537 1340 3621 episcopum
1358 3536 1555 3600 infamatum.
1582 3536 1663 3600 Cum
1681 3547 1787 3600 autern
1807 3537 1848 3600 ad
1870 3538 1967 3622 ipsius

295 3637 465 3703 ecclesiane
491 3639 713 3719 accessissent,
739 3641 770 3704 in
797 3643 957 3726 presentia
980 3645 1049 3705 eius
1074 3642 1152 3705 cleri
1187 3653 1219 3706 et
1253 3643 1362 3728 populi
1398 3645 1562 3706 soacensis
1589 3641 1673 3705 infra
1707 3644 1876 3706 missarum
1909 3641 1966 3706 sol·

296 3744 435 3829 lempnia
460 3745 591 3830 quidam
617 3745 657 3808 de
681 3745 808 3810 ciuibus
833 3745 864 3811 S.
891 3749 1021 3811 nornine
1044 3747 1189 3812 libellum
1214 3752 1292 3830 ipsis
1324 3749 1540 3812 accusationis
1572 3750 1725 3833 porrexit,
1756 3771 1906 3812 asserens
1937 3771 1969 3811 se

295 3849 432 3914 testibus
457 3849 678 3935 probaturum,
703 3853 789 3936 quod
815 3855 986 3938 episcopus
1011 3877 1084 3917 reus
1109 3865 1195 3917 esset
1216 3853 1380 3918 lurnricidii
1405 3857 1589 3939 perpetrati.
1617 3853 1798 3939 Episcopus
1822 3876 1898 3916 vero
1918 3877 1969 3938 per

294 3955 543 4018 instrumentum
571 3959 771 4040 purgationis
796 3957 948 4040 oblatum,
973 3981 1037 4044 quo
1061 3961 1185 4022 iurasse
1207 3983 1279 4022 curn
1304 3959 1430 4023 duobus
1455 3962 1617 4045 episcopis
1639 3959 1816 4039 dicebatur,
1848 3984 1883 4024 se
1915 3983 1969 4023 neo

297 4059 413 4123 fecisse
439 4059 527 4138 illud,
554 4083 613 4124 nec
637 4065 705 4126 fieri
732 4065 922 4147 precepisse,
948 4066 1165 4128 innocentiam
1192 4089 1281 4128 suam
1307 4066 1476 4129 ostendere
1501 4066 1685 4149 satagebat;
1710 4067 1795 4151 quod
1821 4076 1885 4130 tam
1916 4077 1967 4129 tua

295 4188 391 4250 quam
417 4164 543 4230 illorum
573 4168 795 4252 episcoporum
821 4172 1007 4248 assertione,
1033 4172 1087 4255 qui
1111 4181 1374 4255 compurgatores
1398 4170 1599 4252 dicebantur,
1621 4171 1721 4235 faisse
1753 4170 1868 4234 falsum
1901 4193 1965 4256 rep·

294 4283 455 4356 pereruut,
481 4269 552 4334 c'um
578 4273 700 4335 nullum
724 4297 744 4336 a
774 4275 1074 4358 compurgatoribus
1109 4273 1206 4338 fuerit
1240 4275 1420 4339 exhibitum
1455 4277 1681 4340 iuramentum.
1716 4276 1809 4340 Unde
1841 4299 1966 4340 causam

293 4379 404 4461 ipsam,
431 4389 466 4440 ut
491 4376 598 4461 populi
626 4378 813 4442 scandalum
840 4379 1017 4459 sedaretur,
1040 4381 1203 4444 duxerunt
1224 4383 1303 4444 iuris
1327 4381 1439 4445 ordine
1464 4383 1738 4468 pertractandam,
1776 4393 1807 4445 et
1839 4405 1896 4468 per
1924 4405 1967 4445 re·

292 4485 473 4565 ceptionem
498 4465 626 4545 testium
653 4484 882 4569 productorum
909 4487 939 4547 in
965 4485 1101 4548 concilio
1127 4486 1212 4571 apud
1244 4486 1437 4550 Antibarum
1474 4497 1672 4571 congregato
1709 4485 1879 4550 voluerunt
1914 4509 1967 4572 per

292 4585 527 4675 confessionem
554 4589 653 4671 ipsius
678 4587 858 4672 intelligere
882 4589 1008 4673 plenius
1030 4591 1215 4673 veritatem;
1238 4593 1328 4654 cuius
1362 4593 1420 4655 fuit
1454 4592 1517 4655 tale
1553 4615 1752 4678 responsum,
1788 4594 1873 4678 quod
1910 4615 1965 4656 nec

292 4691 422 4773 fecerat,
449 4716 552 4778 neque
579 4705 766 4778 preceperat
790 4695 859 4757 fieri
885 4694 1092 4759 homicidium
1119 4708 1347 4782 perpetratum,
1373 4707 1491 4761 ettam
1516 4711 1721 4762 accusatores
1745 4721 1841 4783 quarn
1874 4708 1966 4762 testes

291 4799 438 4860 inimicos
463 4821 537 4860 suos
564 4801 704 4862 existere
728 4800 892 4884 capitales.
918 4800 1054 4864 Etcum
1081 4801 1290 4865 homicidium
1316 4802 1390 4867 aT.
1416 4815 1447 4867 et
1468 4804 1492 4867 I.
1519 4805 1706 4888 presbiteris
1723 4815 1882 4868 assereret
1898 4826 1965 4889 per·

292 4914 460 4988 patratum,
485 4903 647 4968 obiectum
672 4903 732 4969 fuit
756 4907 784 4968 ei
809 4905 851 4969 ab
875 4917 1065 4970 accusatore
1088 4907 1244 4991 predicto,
1266 4909 1352 4993 qnod
1383 4911 1596 4996 prescriptum
1628 4909 1666 4973 Τ.
1692 4911 1723 4973 in
1756 4910 1965 4996 presbiterum

290 5009 464 5090 ordinarat,
489 5010 520 5071 in
545 5031 609 5095 quo
634 5033 669 5072 se
694 5010 861 5074 coufessus
886 5021 935 5074 est
959 5034 1121 5096 peccasse.
1144 5011 1264 5076 Verum
1290 5037 1362 5078 cum
1388 5014 1464 5078 dicti
1489 5015 1586 5098 legati
1604 5018 1724 5101 pariter
1738 5025 1965 5101 pertractarent

290 5136 386 5199 super
411 5114 483 5194 hiis,
508 5138 571 5200 que
595 5138 704 5178 coram
731 5121 777 5178 eis
802 5115 929 5180 fuerant
952 5121 1092 5198 actitata,
1118 5118 1179 5204 die¹
1195 5123 1341 5204 sequenti
1368 5123 1494 5183 mitram
1517 5123 1563 5183 eis
1587 5129 1620 5182 et
1641 5119 1772 5184 anulum
1798 5123 1831 5184 in
1855 5133 1909 5184 tua
1937 5131 1965 5183 et

288 5221 512 5305 episcoporum
537 5223 711 5308 presentia,
735 5223 789 5310 qui
814 5232 1033 5290 conuenerant
1054 5223 1095 5286 ad
1120 5223 1302 5307 concilium,
1328 5226 1515 5311 resignauit‚
1542 5247 1604 5310 que
1628 5225 1670 5289 ab
1694 5225 1818 5291 eisdem
1842 5227 1958 5314 aliquot
