4276 5934
666 603 914 685 CCLXXII.
942 606 1055 690 1199.
1085 607 1159 704 mj.
1187 606 1371 706 travnja
1400 606 1436 686 U
1464 605 1659 687 Mletclb.

334 783 399 858 Vici,
424 783 497 842 taes
520 783 613 857 oreti,
636 783 772 856 otreraje
794 801 826 842 se
848 779 1015 842 Mledauom
1040 800 1076 842 ra
1100 799 1130 841 se
1161 783 1172 839 ἱ
1202 801 1238 842 ao
1268 785 1353 856 svojtt
1385 785 1476 843 bruta
1510 785 1611 843 Iouna
1640 787 1652 842 i
1682 784 1812 858 Eser-tto,
1844 785 1885 842 da
1917 785 1948 842 o'e
1979 801 2009 842 se

490 889 571 948 tolno
595 887 694 946 drtati
712 889 851 965 pappare,
877 891 972 961 kojom
994 891 1034 946 im
1058 889 1138 946 bias'e
1161 887 1329 960 odetupljen
1353 890 1418 946 otolr
1444 889 1509 946 Krlr
1531 889 1569 946 od
1590 887 1730 947 mletotlrc
1753 890 1847 950 alode.

482 1041 518 1104 ln
544 1043 673 1104 nomine
698 1041 819 1103 domini
844 1041 896 1104 dei
921 1039 1090 1104 saluatoris
1115 1043 1214 1104 nostri
1238 1041 1318 1104 Jesu
1344 1039 1473 1122 Christi,
1499 1065 1582 1106 anno
1603 1044 1839 1106 incarnacionis
1857 1040 2004 1106 eiusdem

330 1147 499 1212 millesimo
524 1148 700 1210 centesimo
725 1148 936 1228 nonagesimo
961 1167 1055 1225 nono,
1081 1149 1199 1208 mensis
1224 1145 1342 1222 aprilis,
1368 1147 1543 1210 indictione
1568 1147 1719 1227 secunda,
1745 1146 1895 1212 Riuoalti.
1926 1145 2010 1208 Post

329 1253 545 1318 concessionis
567 1250 721 1314 cartulam
746 1249 864 1314 factam
889 1272 972 1314 anno
998 1251 1234 1314 incarnacionis
1260 1250 1430 1314 millesimo
1455 1253 1630 1315 centesimo
1653 1253 1860 1334 nonagesimo
1877 1261 2007 1326 octauo,

328 1359 447 1436 mensis
472 1359 560 1433 iunii,
585 1357 766 1420 indiccione
791 1357 902 1440 primu,
926 1375 1021 1439 quam
1045 1354 1189 1418 Johanni
1213 1358 1453 1439 consanguineo
1477 1367 1599 1420 meoet
1629 1355 1708 1419 mibi
1744 1355 1898 1442 fratrique
1935 1375 2009 1418 meo

329 1461 623 1540 Henrioofecistis‚
648 1483 824 1545 perquam
848 1459 973 1545 prefato
997 1459 1138 1524 Johanni
1163 1458 1295 1523 etmihi
1320 1459 1470 1544 dictoque
1504 1459 1595 1524 fratri
1631 1484 1701 1524 meo
1734 1463 1942 1525 concessistis
1977 1471 2011 1522 et

330 1569 465 1632 dedistis
489 1569 675 1630 comitatum
698 1565 801 1647 Vegle
826 1576 857 1629 et
889 1567 993 1629 tocius
1029 1565 1143 1644 insule,
1179 1587 1250 1628 oum
1288 1565 1437 1628 omnibus
1473 1566 1658 1630 introitibus
1679 1575 1711 1628 et
1746 1565 2008 1630 bonorificcnciis

332 1677 400 1737 eius
424 1683 456 1735 et
479 1670 646 1735 collectam
672 1673 791 1754 pariter
815 1692 886 1733 cum
913 1667 1018 1733 insula
1042 1670 1081 1732 de
1105 1669 1267 1751 Perdiohi,
1291 1680 1364 1734 ante
1389 1692 1484 1755 quam
1507 1682 1699 1751 continetur,
1714 1670 1801 1756 quod
1826 1670 1885 1734 bec
1902 1669 2009 1751 uobis,

332 1801 394 1864 que
419 1777 611 1857 dictasunt,
637 1777 842 1840 concessistis
876 1785 1032 1860 potestate
1064 1773 1258 1859 plenissima.
1279 1774 1430 1856 habendi,
1462 1777 1602 1859 tenendi,
1635 1775 1771 1856 fruendi,
1804 1775 2009 1860 disponendi,

330 1883 471 1948 donandi
494 1895 526 1946 et
549 1903 660 1945 omnes
692 1883 915 1965 proueniantes
938 1879 1081 1943 redditus
1116 1879 1291 1964 recipiendi
1326 1903 1398 1944 cnm
1434 1884 1521 1944 omni
1559 1883 1698 1946 racionis
1732 1882 1925 1964 integritate,
1964 1879 2007 1942 ad

331 1990 585 2074 suprascriptum
610 1989 794 2051 comitatum
818 1997 1007 2069 spectantes,
1035 1983 1187 2049 videlicet
1209 1994 1241 2050 et
1264 2007 1338 2050 cum
1363 1989 1526 2049 nominata
1549 1984 1692 2066 collecta,
1717 1997 1756 2051 et.
1772 2007 1844 2048 cum
1860 1983 2010 2070 predicta

330 2093 436 2158 insula
463 2092 502 2154 de
526 2090 685 2162 Perdiehi,
713 2101 838 2154 etcum
863 2092 1023 2154 uniuersis
1047 2090 1230 2156 racionibns
1261 2093 1430 2154 comitatus
1455 2089 1607 2170 iamdicti,
1641 2099 1673 2155 et
1705 2089 1746 2153 de
1777 2091 2010 2176 suprascriptis

332 2198 521 2273 redditibus,
545 2196 699 2282 quicquid
725 2205 832 2258 nostre
857 2194 1033 2258 voluntatis
1057 2193 1162 2275 fuerit,
1187 2193 1370 2259 faciendum
1385 2217 1487 2280 usque
1511 2195 1588 2258 dum
1606 2197 1793 2276 vixerimus,
1810 2195 2004 2258 alterutrum

336 2301 594 2382 succedentibus,
619 2299 740 2383 regalia
765 2311 871 2364 vestra
894 2303 926 2363 in
954 2311 1054 2364 totum
1079 2311 1110 2364 et
1134 2322 1191 2385 per
1213 2301 1320 2363 omnia
1343 2300 1444 2382 salua,
1477 2310 1608 2386 propter
1636 2322 1698 2384 qua
1728 2322 1786 2364 nos
1818 2301 2009 2364 comitatum

334 2413 441 2494 ipsum
466 2429 588 2490 regere,
613 2427 815 2487 conseruare,
840 2416 1049 2470 manutenere
1073 2417 1105 2470 et
1126 2405 1296 2469 defensare
1320 2406 1475 2470 debemus
1497 2406 1538 2470 ad
1573 2416 1717 2470 vestrum
1756 2415 1789 2469 et
1824 2406 2008 2468 communis

283 2592 290 2600 ι
335 2512 549 2578 Veneriorum
576 2510 729 2574 honorem
754 2520 786 2573 et
808 2512 909 2595 ipsius
932 2521 1016 2574 terre
1036 2510 1216 2592 utilitatem,
1243 2511 1418 2575 secrmdum
1442 2509 1708 2575 consuetudinem
1726 2510 1852 2592 bonam,
1870 2509 1912 2574 ab
1938 2532 2007 2573 orn·

333 2619 436 2698 uibus,
461 2615 613 2682 videlicet
637 2614 784 2679 hostibus
807 2625 839 2678 et
862 2617 1022 2678 communi
1059 2626 1155 2700 gente
1190 2617 1259 2680 sine
1293 2625 1401 2680 vestro
1436 2626 1681 2701 vestrorumque
1716 2637 1941 2680 successorum
1976 2625 2011 2678 et

331 2723 511 2788 communis
536 2721 751 2785 Veneriorum
775 2719 943 2800 adiutorio,
969 2723 1112 2806 exceptis
1134 2723 1294 2785 coronatis
1319 2723 1464 2806 personis
1489 2731 1643 2786 eteorum
1661 2723 1808 2785 exercitu
1825 2720 2009 2801 manifesto,

330 2831 402 2892 sine
426 2829 513 2891 omni
536 2826 648 2889 fraude
673 2835 704 2889 et
727 2827 857 2908 ingenio
882 2824 977 2889 malo.
1000 2825 1043 2890 Et
1066 2825 1221 2890 debemus
1253 2828 1418 2890 annuatim
1454 2828 1541 2890 omni
1576 2826 1659 2890 festo
1694 2828 1797 2890 sancti
1833 2823 2009 2890 Michaelis

331 2933 493 2998 communi
516 2940 625 2995 vestro
650 2928 834 3015 persoluere
860 2929 1013 2993 bizantini
1037 2933 1106 2994 auri
1119 2940 1303 2995 romanatos
1321 2931 1421 2995 bonos
1440 2942 1565 2995 veteres
1582 2939 1743 2996 trecentos
1761 2931 2009 3016 quinquaginta,

332 3060 413 3125 quos
438 3036 556 3101 babere
580 3035 705 3099 debetis
731 3057 789 3098 vos
813 3035 942 3098 domine
966 3035 1108 3098 Hearice
1133 3034 1294 3116 Dandulo,
1320 3035 1371 3100 dei
1395 3038 1506 3122 gracia
1529 3036 1640 3101 inclite
1672 3035 1897 3116 Veneciarum,
1929 3034 2009 3098 Dal-

333 3144 436 3208 macie
461 3151 559 3227 atque
584 3138 748 3204 Chroacie
779 3141 856 3223 dux,
889 3163 946 3226 per
970 3149 1089 3204 cartam
1125 3141 1352 3223 concessionis,
1387 3163 1484 3226 quam
1514 3140 1588 3204 inde
1625 3139 1718 3205 nobis
1752 3141 2008 3226 suprascriptum

332 3270 503 3315 commune
526 3245 613 3310 fecit.
639 3244 806 3309 Debemus
830 3267 958 3331 quoque
981 3247 1114 3310 nuncios
1139 3254 1263 3310 vestros
1284 3265 1395 3310 omnes
1419 3245 1597 3311 honorifice
1623 3247 1777 3331 recipere,
1802 3255 1943 3310 tractare
1975 3259 2008 3311 et

332 3333 560 3435 deduceract
583 3349 693 3436 galeas
718 3347 864 3414 similiter
887 3360 1022 3414 vestras.
1048 3350 1116 3415 Nec
1140 3351 1294 3415 debemus
1318 3354 1543 3438 compagniam
1568 3351 1620 3416 vel
1641 3353 1826 3416 societatem
1847 3374 1922 3417 cum
1943 3351 2008 3416 ullo

331 3459 453 3524 babere
478 3457 661 3539 eumalium,
686 3455 738 3520 vel
761 3455 906 3536 aliorum,
919 3457 975 3542 qui
992 3464 1099 3521 essent
1116 3454 1275 3520 manifesti
1293 3456 1450 3541 predones
1468 3479 1525 3521 seu
1541 3455 1763 3537 draubatores,
1782 3458 1837 3544 qui
1861 3456 2008 3523 homines

333 3563 492 3630 Venecias
516 3561 725 3643 offenderent,
750 3561 803 3626 val
825 3561 906 3626 alios
929 3560 972 3624 ad
996 3559 1154 3626 Venecias
1179 3561 1346 3625 venientes
1368 3571 1424 3625 aut
1447 3561 1618 3627 redeuntes
1635 3565 1677 3626 ab
1694 3585 1752 3644 es;
1773 3585 1833 3627 neo
1851 3562 2007 3628 debemus

332 3693 387 3736 eos
410 3671 566 3755 recipcre,
590 3690 650 3732 nec
673 3666 827 3730 fiduciam
850 3665 904 3731 vcl
928 3669 1133 3732 securitatem
1158 3665 1299 3752 aliquam
1323 3667 1371 3731 eis
1411 3675 1563 3752 prestare,
1602 3690 1661 3732 nec
1697 3667 1868 3732 consilium
1904 3691 2007 3753 neque

332 3775 491 3841 auxilium
516 3775 563 3838 cis
586 3771 781 3858 impendere,
806 3793 866 3836 nec
889 3774 921 3835 in
955 3771 1063 3857 aliquo
1099 3773 1282 3836 necessaria
1317 3771 1508 3850 ministrare,
1545 3793 1604 3836 nec
1638 3770 1761 3858 aliquid
1795 3771 1911 3836 horum
1948 3795 2005 3858 per

333 3881 432 3946 ullum
457 3879 622 3964 ingenium
647 3877 717 3940 fieri
741 3875 859 3959 facere,
891 3898 953 3962 que
985 3878 1094 3941 omnis
1126 3877 1311 3962 supradicta
1342 3879 1581 3963 suprascriptus
1618 3879 1878 3964 consanguineus
1916 3900 2005 3942 meus

331 3986 506 4067 Jobannss,
531 3993 563 4046 et
584 4004 644 4066 ego
669 3980 777 4046 Guido
801 3981 887 4045 filius
910 3981 1046 4046 condam
1070 3981 1288 4046 Bartholomei
1314 3981 1416 4085 Vegle
1440 3983 1575 4064 comitis,
1600 3984 1632 4044 in
1649 3983 1809 4066 integrum
1826 3981 2002 4046 obseruare

332 4091 487 4156 debemus
513 4109 613 4173 nsque
638 4085 679 4151 ad
704 4108 831 4150 menses
853 4095 927 4168 tres,
952 4109 994 4150 ex
1018 4109 1081 4173 quo
1106 4087 1210 4151 dictus
1235 4087 1335 4152 frater
1365 4110 1456 4151 meus
1485 4087 1647 4152 Henricus
1682 4089 1770 4174 prius
1806 4089 1934 4153 venerit
1968 4087 2007 4152 ad

332 4207 459 4278 etatem,
484 4194 568 4258 inira
592 4192 679 4280 quod
702 4193 848 4277 spacium
872 4194 967 4255 trium
991 4193 1146 4256 mensium
1173 4198 1199 4255 si
1223 4193 1293 4278 ipse
1317 4195 1349 4255 in
1370 4215 1442 4257 eum
1467 4193 1607 4273 modum,
1632 4215 1694 4278 quo
1726 4215 1783 4277 per
1814 4193 1900 4258 banc
1934 4217 2006 4280 pro·

332 4303 494 4381 missionis
520 4299 675 4365 cartulam
701 4299 793 4363 vobis
818 4307 849 4362 et
872 4299 1090 4384 suprascripto
1115 4299 1276 4360 communi
1300 4319 1370 4360 sum
1395 4296 1565 4380 obligatus,
1591 4320 1648 4384 pro
1672 4319 1731 4362 sua
1747 4309 1836 4384 parte
1859 4297 1959 4362 simili
1975 4299 2007 4362 iu

334 4411 552 4496 suprascripto
576 4405 737 4470 communi
762 4427 796 4468 se
820 4403 1013 4488 obligauerit
1036 4425 1092 4487 pro
1117 4403 1270 4466 comitatu
1292 4403 1355 4465 iam
1380 4401 1475 4482 dicto,
1502 4403 1714 4467 communiter
1737 4411 1768 4466 et
1791 4402 1950 4490 equaliter
1972 4405 2004 4468 in

333 4513 482 4578 omnibns
507 4512 643 4576 comites
670 4531 740 4574 esse
764 4507 929 4586 debemus,
956 4518 987 4572 et
1010 4506 1146 4571 abinde
1171 4528 1233 4570 non
1257 4505 1360 4570 debeo
1384 4509 1486 4570 teneri
1509 4507 1550 4570 de
1587 4507 1750 4572 solucione
1784 4507 2004 4592 predictorum

335 4621 573 4685 bizantinorurn
600 4617 660 4680 nisi
686 4618 717 4679 in
742 4626 896 4702 quantum
924 4613 1000 4677 mibi
1026 4635 1082 4699 pro
1108 4636 1178 4676 mea
1202 4622 1293 4698 parte
1316 4613 1494 4676 aduenerit.
1518 4610 1551 4674 Si
1577 4633 1653 4674 vcro
1675 4610 1759 4676 infra
1781 4611 1904 4676 dictum
1937 4636 2008 4700 sps·

333 4727 532 4792 oiumtrium
559 4725 716 4789 mensium
741 4743 814 4802 non,
839 4719 1001 4807 quodest
1024 4719 1244 4804 supradictum
1278 4738 1336 4803 per
1371 4739 1453 4790 eum,
1489 4739 1547 4780 nos
1583 4716 1735 4781 videlicet
1769 4721 2007 4806 suprascriptus

333 4829 501 4906 Jobannes
525 4835 641 4913 elego
666 4828 726 4892 soli
750 4828 883 4892 comites
908 4843 979 4890 csse
1003 4825 1168 4904 debemus,
1194 4833 1225 4887 et
1249 4823 1308 4886 soli
1333 4821 1490 4908 equaliter
1504 4823 1611 4884 omnia
1635 4821 1799 4907 debemus,
1817 4847 1880 4910 que
1898 4849 2007 4912 supra·

334 4947 455 5030 scripta
478 4947 561 5018 sunt,
587 4934 769 5001 obseruare.
795 4931 829 4997 Si
853 4941 972 5012 autem,
996 4929 1081 5015 quod
1107 4931 1138 4991 in
1163 4928 1282 4992 domini
1309 4937 1466 5012 potestate
1490 4928 1646 5008 consistit,
1672 4952 1730 4994 nos
1763 4929 1854 4994 obire
1882 4940 2007 5012 (contin)

334 5051 425 5136 gerit,
452 5055 526 5112 ante
549 5063 645 5130 quam
670 5038 908 5124 suprascriptus
932 5033 1031 5098 frater
1054 5055 1144 5096 meus
1169 5033 1329 5098 Henrious
1352 5031 1395 5095 ad
1408 5040 1524 5096 etatem
1542 5031 1718 5098 secundum
1736 5034 1880 5100 ordinem
1898 5059 2008 5121 supra·

334 5157 489 5240 scriptum
514 5149 648 5224 veniret,
673 5154 705 5208 et
728 5164 784 5230 per
808 5164 880 5206 eum
906 5141 1022 5220 omnia,
1049 5161 1111 5224 que
1135 5139 1355 5224 suprascripta
1379 5147 1463 5220 sunt,
1480 5136 1600 5201 fuerint
1616 5137 1796 5221 obseruata,
1815 5140 1884 5226 ipse
1900 5163 2007 5206 comes

335 5283 406 5342 cese
430 5257 527 5322 debet
549 5255 582 5318 in
603 5249 752 5316 omnibus
776 5247 924 5338 superius
948 5245 1128 5328 nominatis,
1153 5245 1399 5330 promissionem
1430 5241 1523 5308 vobis
1555 5242 1677 5308 faciens
1703 5295 1710 5310 .
1735 5295 1776 5312 ..
1815 5245 2003 5338 (secandum)
