4292 5926
872 593 951 674 lx.
978 593 1090 674 1103.

137 789 291 867 Angustia
315 791 468 850 Kardirral
489 793 501 850 i
519 786 662 864 poslnm'k
683 809 761 864 pope
784 791 920 850 Postula
947 786 989 848 11.
1009 789 1101 850 arada
1122 795 1297 850 samostamt
1320 789 1543 864 belprodstomu
1566 806 1607 848 ευ,
1633 789 1734 846 Ionan
1757 789 1818 848 Eu.

720 899 811 957 ortae
835 914 874 960 ss.
899 897 1013 957 Kuame
1035 898 1047 955 i
1069 897 1233 970 Dnnrjana.

294 1068 443 1149 Qualiter
465 1070 531 1134 fuit
548 1069 674 1134 reddita
693 1071 888 1134 monasterio
911 1070 1013 1133 sancti
1037 1067 1196 1132 «Iohannis
1230 1065 1435 1152 euangelista
1467 1065 1604 1130 ecclesia
1636 1075 1817 1129 sanctorum

135 1179 302 1241 martirum
328 1175 445 1242 cosme
468 1187 500 1242 et
521 1177 672 1243 Damiani
694 1175 734 1240 de
759 1185 877 1240 monte.

290 1299 327 1363 In
352 1297 473 1364 Christi
498 1303 636 1366 nomine.
661 1299 758 1364 Anno
782 1299 824 1363 ab
848 1299 1069 1363 incarnatione
1097 1296 1270 1362 millesimo
1295 1297 1500 1384 (centesimo)
1518 1299 1628 1379 tercio,
1645 1296 1820 1361 indictione

134 1403 192 1470 IV.
214 1416 371 1488 regnante
395 1403 513 1470 Alexio
537 1409 740 1492 imperatore.
764 1403 835 1490 Ego
860 1403 1061 1488 Augustinus
1086 1413 1196 1467 sancte
1220 1425 1351 1466 romans
1376 1401 1461 1466 sedis
1492 1401 1665 1467 cardinalis
1699 1405 1819 1468 missus

135 1533 155 1573 a
178 1509 311 1574 domino
336 1534 419 1597 papa
441 1509 590 1575 Paschali
614 1512 802 1576 beatissimo
826 1513 858 1574 in
883 1510 1079 1574 Dalmatiam
1106 1525 1137 1574 et
1160 1509 1341 1594 Ungariam
1377 1507 1629 1594 apochrisarius,
1660 1509 1819 1574 adiutorio

133 1619 363 1702 omnipotentis
386 1616 514 1681 adiutus
539 1627 570 1681 et
594 1613 782 1680 defensione
805 1615 1022 1703 apostolorum
1052 1617 1136 1679 Petri
1161 1625 1192 1680 et
1216 1615 1309 1680 Pauli
1332 1618 1569 1698 circumtectus,
1604 1625 1636 1679 et
1671 1614 1741 1680 nelo
1773 1616 1819 1680 iu«

136 1723 230 1786 sticie
254 1723 428 1804 accinctus,
452 1717 492 1786 ad
518 1721 759 1808 propagandam
785 1745 842 1808 per
865 1722 1058 1786 dalmatinus
1082 1723 1227 1788 ciuitates
1259 1723 1428 1802 iusticiam,
1462 1744 1508 1803 ea,
1544 1745 1607 1808 que
1637 1722 1820 1786 inuenimus

134 1830 167 1892 in
193 1829 242 1892 eis
265 1827 459 1913 extirpanda
482 1831 726 1915 extirpauirnus,
746 1839 778 1892 et
801 1845 864 1914 que
888 1827 1064 1913 plantanda
1087 1839 1179 1892 erant
1203 1827 1428 1914 plantauimus,
1462 1837 1494 1892 et
1525 1849 1588 1914 que
1620 1827 1821 1912 corrigenda

132 1943 227 1998 crant
249 1935 404 1998 canonice
428 1936 639 1999 correximus.
664 1933 752 1998 Inter
774 1933 861 2020 quod
891 1933 983 1998 nobis
1008 1932 1203 2017 Belgradum
1240 1957 1312 1998 cum
1349 1931 1560 1998 tortibulensi
1594 1932 1709 1998 relioso
1745 1934 1820 2018 (sic)

75 2061 79 2071 ·
131 2041 297 2126 episcopo,
321 2061 412 2104 sacre
435 2063 567 2104 romane
596 2039 732 2104 ecclesie
759 2039 875 2105 dilecto
892 2039 1177 2120 commorantibus,
1203 2039 1365 2121 Dabro,
1389 2039 1522 2104 abbas
1566 2040 1691 2104 cenobii
1718 2041 1821 2104 saneti

130 2143 294 2210 «lobannis
319 2145 527 2230 euangelista
554 2145 647 2209 valde
671 2147 721 2209 vir
745 2145 916 2230 religiosus
938 2169 1010 2210 cum
1036 2147 1103 2209 suis
1127 2145 1281 2210 fratribus
1299 2145 1491 2230 regulariter
1515 2145 1709 2229 uiuentibus,
1744 2169 1817 2209 con-

128 2261 266 2337 questus
290 2261 341 2315 est
364 2253 456 2316 nobis
482 2251 521 2316 de
546 2252 684 2318 ecclesia
710 2261 894 2316 sanctorum
919 2248 1036 2315 Oosrne
1061 2263 1092 2314 et
1116 2251 1277 2336 Damiani,
1304 2273 1366 2337 que
1388 2273 1452 2314 non
1473 2249 1568 2334 longe
1595 2250 1637 2315 ab
1662 2251 1741 2315 urbe
1759 2253 1821 2316 sita

130 2367 181 2422 est
206 2359 240 2420 in
266 2357 378 2437 insula,
416 2379 512 2443 quam
536 2357 646 2420 Bonus
671 2356 893 2441 belgradensis
917 2359 1088 2442 episcopus
1113 2380 1171 2444 per
1194 2357 1308 2441 longos
1330 2379 1432 2421 annos
1456 2357 1496 2422 de
1521 2355 1581 2421 sub
1594 2355 1747 2442 prephato
1771 2380 1820 2422 cs·

137 2461 237 2526 nobio
262 2463 379 2526 iniuste
403 2473 434 2526 et
458 2475 577 2527 temere
602 2475 790 2528 retraxerat.
815 2464 871 2546 lta,
896 2463 981 2549 quod
1006 2463 1166 2548 pendente
1183 2464 1384 2551 querimonia
1400 2463 1503 2528 isdem
1521 2463 1632 2527 Bonos
1651 2465 1821 2550 episcopus

131 2569 173 2632 ad
199 2579 335 2634 mortem
361 2571 424 2632 iam
452 2568 684 2650 infirmabatur,
707 2593 803 2655 quem
827 2569 968 2633 fraterno
992 2592 1102 2633 amore
1136 2570 1320 2633 curauimus
1354 2571 1496 2652 visitare,
1525 2577 1558 2633 et
1588 2568 1628 2632 de
1654 2569 1821 2633 iniusticia

14 2675 15 2682 '
130 2697 230 2760 quam
257 2677 450 2739 monasterio
475 2675 654 2761 permulta
679 2687 824 2761 tempora
848 2673 968 2740 fecerat
991 2675 1172 2739 atuclnirnus
1195 2675 1369 2757 recordari,
1394 2675 1489 2740 etde
1514 2678 1754 2761 presumptione
1772 2699 1821 2742 re·

131 2781 304 2865 darguere.
330 2778 394 2858 Qui
415 2781 526 2845 diuino
550 2789 653 2844 taetus
678 2783 801 2861 timore,
827 2783 978 2867 quoniam
1003 2791 1200 2864 cognouerat
1224 2805 1257 2846 se
1283 2805 1435 2866 magnum
1454 2780 1629 2867 periculum
1644 2804 1700 2846 sue
1715 2783 1820 2846 anime

132 2889 313 2950 incurrisse
332 2899 384 2964 eo,
410 2885 496 2975 qnod
522 2889 739 2952 concessionis
770 2888 932 2952 decretum
965 2887 1050 2974 quod
1076 2887 1281 2951 Prestanrius
1313 2891 1482 2973 episcopus
1514 2884 1600 2950 illius
1631 2897 1818 2954 antecessor

133 2991 268 3073 fecerat,
292 3002 538 3078 presumptuose
562 2993 767 3079 corrupisset,
789 2991 908 3056 redidit
931 2992 1067 3056 ecclesie
1089 3005 1270 3057 sanctorum
1288 3003 1453 3058 martirum
1478 2991 1595 3057 Cosme
1617 3003 1649 3058 et
1666 2992 1818 3058 Damiani

133 3119 208 3161 cnm
233 3098 384 3163 omnibus
408 3099 539 3163 adeam
566 3100 800 3186 pertinentibus
826 3099 935 3163 abbati
961 3084 1086 3163 eteius
1110 3099 1273 3163 fratribus.
1307 3097 1520 3164 Concesserat
1552 3121 1690 3184 namque
1725 3099 1815 3164 Pre-

133 3203 469 3268 stancius'bone
494 3207 694 3272 memorie
715 3205 938 3291 belgradensis
962 3207 1134 3292 episcopus
1159 3207 1314 3294 prefatam
1348 3206 1518 3272 ecclesiam
1551 3208 1728 3286 martirum,
1760 3207 1816 3272 hu·

134 3333 231 3375 mana
254 3319 287 3392 et
310 3310 420 3376 diuina
443 3314 575 3376 caritate
600 3312 756 3394 deuictus,
782 3311 925 3398 predicto
939 3313 1074 3378 cenobio
1092 3314 1192 3377 sancti
1210 3311 1368 3378 Johannis
1382 3311 1610 3398 perpetualiter
1623 3312 1817 3394 habendam,

15 3473 17 3478 ,
133 3414 364 3502 possidendam
389 3427 486 3504 atque
510 3417 689 3495 fruendam,
714 3421 941 3484 consenciente
966 3419 1052 3484 clero
1077 3429 1191 3484 cuncto
1218 3429 1250 3484 et
1268 3417 1385 3504 populo
1411 3467 1549 3488 .....
1575 3417 1717 3484 Domino
1736 3419 1819 3482 Lau·

133 3525 239 3588 sentio
264 3521 456 3607 spalatensis
481 3521 567 3589 sedis
590 3523 832 3610 archiepiscopo
857 3536 888 3590 et
910 3525 1039 3589 domino
1066 3523 1233 3589 Gebizone
1259 3525 1501 3609 religiosissimo
1519 3525 1728 3616 abbatauna
1744 3547 1817 3589 oum

132 3627 305 3714 Fulcoyno
329 3627 505 3694 venerabili
531 3631 682 3716 episcopo
707 3639 739 3694 et
761 3629 936 3713 apostolice
960 3631 1048 3694 sedis
1072 3630 1299 3717 apochrisariis
1323 3631 1601 3696 consentientibus
1626 3639 1722 3717 atque
1755 3629 1818 3696 col-

16 3749 17 3752 ’
134 3733 354 3815 laudantibus,
380 3757 479 3800 marm¹
500 3757 559 3800 sua
583 3735 844 3823 subscripserunt
873 3746 905 3800 et
938 3735 1237 3801 corroborauerunt.
1270 3735 1376 3800 Huius
1408 3735 1529 3801 decreti
1561 3738 1670 3802 testis:
1705 3735 1818 3801 Dabro

133 3837 248 3921 abbas,
274 3839 423 3904 Andreas
447 3841 632 3922 monachus,
658 3841 767 3907 Bosna
791 3843 975 3924 monachus,
1000 3842 1166 3907 Johannes
1191 3842 1375 3924 monachus,
1401 3842 1566 3907 abbatissa
1602 3841 1717 3928 Agapi,
1750 3841 1815 3904 Do·

135 3947 277 4026 minicia,
300 3945 477 4028 Marichna,
503 3947 672 4029 Donanna,
693 3947 803 4014 Micha
826 3951 927 4032 testis,
949 3949 984 4014 P.
1012 3949 1110 4014 rudex
1134 3950 1233 4026 testis,
1270 3947 1377 4012 Micha
1411 3948 1538 4012 vetulus
1581 3950 1682 4030 testis,
1719 3946 1822 4010 Zurra

135 4051 237 4117 testis.
263 4049 335 4138 Ego
359 4051 524 4117 Johannes
550 4053 707 4120 iadertine
729 4054 865 4120 ecclesie
889 4055 1151 4141 archipresbiter,
1176 4063 1308 4139 rogatus
1332 4057 1433 4120 testis.

297 4249 492 4320 Poliehorion,
517 4269 532 4305 u
557 4251 656 4308 arkiru
680 4251 747 4324 gub.
771 4252 956 4325 zadarslroga.

760 4547 815 4630 x.
843 4547 933 4630 nro
959 4548 1054 4648 gon.
1083 4549 1193 4632 noa.
1297 4497 1304 4512 ’

125 4761 274 4820 Paestani
301 4757 786 4835 11.papatumaanaauaaupu
811 4763 1011 4836 apljetskomu,
1045 4763 1128 4825 sotto
1160 4767 1276 4839 ajepovi
1304 4767 1459 4839 portentet,
1489 4768 1629 4840 proderat
1659 4787 1708 4826 mu
1741 4769 1815 4827 aad·

134 4867 292 4940 maneat
311 4865 405 4940 praue,
429 4867 597 4940 cohaerete
617 4867 655 4926 od
678 4869 765 4942 ujepa
788 4870 834 4928 da·
844 4869 944 4943 polodi
966 4871 1112 4941 sattetvu,
1135 4871 1214 4945 tojoj
1226 4887 1257 4966 se
1273 4871 1395 4944 operae
1410 4873 1492 4946 aratj
1508 4873 1632 4946 reparati
1647 4889 1683 4930 sa
1701 4873 1818 4944 aeojtmt

889 4973 1067 5035 relmofarm'.
1734 4981 1737 4988 '

298 5142 506 5228 significasti,
530 5142 630 5208 frater
654 5144 835 5226 karissime,
860 5169 969 5231 regem
994 5157 1027 5212 et
1049 5149 1140 5232 regni
1155 5149 1293 5212 maiores
1310 5146 1521 5211 admiratione
1539 5157 1710 5233 permotos,
1728 5149 1813 5236 quod

135 5248 266 5337 pallium
291 5247 352 5316 tibi
375 5246 417 5314 ab
441 5251 648 5335 apocrisariis
667 5253 784 5317 nostris
809 5251 864 5316 tali
890 5252 1072 5320 conditione
1097 5253 1239 5324 oblatum
1265 5254 1367 5338 fuerit,
1392 5255 1419 5318 si
1449 5265 1697 5340 sacramentum,
1727 5255 1813 5344 quod
