<?xml version="1.0" encoding="UTF-8"?>
<!DOCTYPE html PUBLIC "-//W3C//DTD XHTML 1.0 Transitional//EN"
    "http://www.w3.org/TR/xhtml1/DTD/xhtml1-transitional.dtd">
<html xmlns="http://www.w3.org/1999/xhtml" xml:lang="en" lang="en">
 <head>
  <title>
</title>
<meta http-equiv="Content-Type" content="text/html;charset=utf-8" />
  <meta name='ocr-system' content='tesseract 3.04.00' />
  <meta name='ocr-capabilities' content='ocr_page ocr_carea ocr_par ocr_line ocrx_word'/>
</head>
<body>
  <div class='ocr_page' id='page_1' title='image "./codexdiplomatic00unkngoog_0143.png"; bbox 0 0 4310 5918; ppageno 0'>
   <div class='ocr_carea' id='block_1_1' title="bbox 437 611 1609 716">
    <p class='ocr_par' dir='ltr' id='par_1_1' title="bbox 437 573 1609 716">
     <span class='ocr_line' id='line_1_1' title="bbox 437 611 1609 716; baseline 0.003 -21"><span class='ocrx_word' id='word_1_1' title='bbox 437 612 584 695; x_wconf 76' lang='lat' dir='ltr'>CXIV.</span> <span class='ocrx_word' id='word_1_2' title='bbox 615 611 731 696; x_wconf 80' lang='lat'>1023.</span> <span class='ocrx_word' id='word_1_3' title='bbox 759 613 946 716; x_wconf 78' lang='lat' dir='ltr'>mjcseca</span> <span class='ocrx_word' id='word_1_4' title='bbox 972 611 1195 696; x_wconf 84' lang='lat' dir='ltr'>kolovom.</span> <span class='ocrx_word' id='word_1_5' title='bbox 1224 613 1261 698; x_wconf 88' lang='lat' dir='ltr'><strong>U</strong></span> <span class='ocrx_word' id='word_1_6' title='bbox 1289 614 1609 710; x_wconf 72' lang='lat' dir='ltr'>lttrbrcvnllru⁰⁴</span> 
     </span>
    </p>
   </div>
   <div class='ocr_carea' id='block_1_2' title="bbox 167 749 1971 966">
    <p class='ocr_par' dir='ltr' id='par_1_2' title="bbox 167 749 1971 966">
     <span class='ocr_line' id='line_1_2' title="bbox 167 749 1971 875; baseline 0.006 -15"><span class='ocrx_word' id='word_1_7' title='bbox 167 799 349 875; x_wconf 79' lang='lat' dir='ltr'>Nodbislrep</span> <span class='ocrx_word' id='word_1_8' title='bbox 373 801 385 860; x_wconf 84' lang='lat' dir='ltr'>s&#39;</span> <span class='ocrx_word' id='word_1_9' title='bbox 410 800 484 860; x_wconf 80' lang='lat' dir='ltr'>tots</span> <span class='ocrx_word' id='word_1_10' title='bbox 515 749 697 860; x_wconf 67' lang='lat' dir='ltr'>dubrevotlri</span> <span class='ocrx_word' id='word_1_11' title='bbox 720 815 756 859; x_wconf 89' lang='lat' dir='ltr'>se</span> <span class='ocrx_word' id='word_1_12' title='bbox 785 800 872 860; x_wconf 83' lang='lat' dir='ltr'>scimi</span> <span class='ocrx_word' id='word_1_13' title='bbox 904 801 1021 861; x_wconf 83' lang='lat' dir='ltr'>closteti</span> <span class='ocrx_word' id='word_1_14' title='bbox 1038 798 1151 874; x_wconf 68' lang='lat' dir='ltr'>positu</span> <span class='ocrx_word' id='word_1_15' title='bbox 1177 805 1330 862; x_wconf 78' lang='lat' dir='ltr'>comestae</span> <span class='ocrx_word' id='word_1_16' title='bbox 1348 803 1422 861; x_wconf 82' lang='lat' dir='ltr'>rede</span> <span class='ocrx_word' id='word_1_17' title='bbox 1443 819 1486 862; x_wconf 86' lang='lat' dir='ltr'>sn.</span> <span class='ocrx_word' id='word_1_18' title='bbox 1510 801 1679 862; x_wconf 79' lang='lat' dir='ltr'>Beneditta</span> <span class='ocrx_word' id='word_1_19' title='bbox 1701 821 1743 863; x_wconf 83' lang='lat' dir='ltr'>ne</span> <span class='ocrx_word' id='word_1_20' title='bbox 1765 805 1854 865; x_wconf 81' lang='lat' dir='ltr'>otoiru</span> <span class='ocrx_word' id='word_1_21' title='bbox 1881 813 1884 818; x_wconf 85' lang='lat'>&#39;</span> <span class='ocrx_word' id='word_1_22' title='bbox 1963 856 1971 870; x_wconf 94' lang='lat'><em>.</em></span> 
     </span>
     <span class='ocr_line' id='line_1_3' title="bbox 246 896 1099 966; baseline -0.001 -1"><span class='ocrx_word' id='word_1_23' title='bbox 246 896 249 901; x_wconf 70' lang='grc'><strong>’</strong></span> <span class='ocrx_word' id='word_1_24' title='bbox 933 905 1099 966; x_wconf 79' lang='lat' dir='ltr'>Lokrumu.</span> 
     </span>
    </p>
   </div>
   <div class='ocr_carea' id='block_1_3' title="bbox 90 1050 1936 4294">
    <p class='ocr_par' dir='ltr' id='par_1_3' title="bbox 90 1050 1936 4294">
     <span class='ocr_line' id='line_1_4' title="bbox 328 1050 1848 1140; baseline 0.002 -25"><span class='ocrx_word' id='word_1_25' title='bbox 328 1051 367 1115; x_wconf 91' lang='lat' dir='ltr'>ln</span> <span class='ocrx_word' id='word_1_26' title='bbox 384 1051 512 1116; x_wconf 90' lang='lat' dir='ltr'>nomine</span> <span class='ocrx_word' id='word_1_27' title='bbox 530 1050 649 1115; x_wconf 90' lang='lat' dir='ltr'>domini</span> <span class='ocrx_word' id='word_1_28' title='bbox 667 1051 718 1115; x_wconf 92' lang='lat' dir='ltr'>dei</span> <span class='ocrx_word' id='word_1_29' title='bbox 737 1053 847 1116; x_wconf 89' lang='lat' dir='ltr'>eterni.</span> <span class='ocrx_word' id='word_1_30' title='bbox 865 1051 976 1118; x_wconf 89' lang='lat' dir='ltr'>Mense</span> <span class='ocrx_word' id='word_1_31' title='bbox 994 1053 1131 1138; x_wconf 78' lang='lat' dir='ltr'><strong>augusti,</strong></span> <span class='ocrx_word' id='word_1_32' title='bbox 1152 1052 1328 1135; x_wconf 75' lang='lat' dir='ltr'>indictione</span> <span class='ocrx_word' id='word_1_33' title='bbox 1351 1052 1407 1117; x_wconf 92' lang='lat' dir='ltr'>VI.</span> <span class='ocrx_word' id='word_1_34' title='bbox 1424 1052 1641 1140; x_wconf 76' lang='lat' dir='ltr'><strong>Temporibus</strong></span> <span class='ocrx_word' id='word_1_35' title='bbox 1664 1062 1848 1119; x_wconf 87' lang='lat' dir='ltr'>sanctorum</span> 
     </span>
     <span class='ocr_line' id='line_1_5' title="bbox 123 1154 1856 1245; baseline 0.003 -27"><span class='ocrx_word' id='word_1_36' title='bbox 123 1181 127 1186; x_wconf 95' lang='lat'>·</span> <span class='ocrx_word' id='word_1_37' title='bbox 169 1155 398 1240; x_wconf 85' lang='lat' dir='ltr'>imperatorum</span> <span class='ocrx_word' id='word_1_38' title='bbox 418 1155 530 1220; x_wconf 89' lang='lat' dir='ltr'>Basilii</span> <span class='ocrx_word' id='word_1_39' title='bbox 549 1163 581 1220; x_wconf 89' lang='lat' dir='ltr'>et</span> <span class='ocrx_word' id='word_1_40' title='bbox 599 1154 811 1239; x_wconf 82' lang='lat' dir='ltr'>Constantini,</span> <span class='ocrx_word' id='word_1_41' title='bbox 827 1157 924 1222; x_wconf 91' lang='lat' dir='ltr'>breue</span> <span class='ocrx_word' id='word_1_42' title='bbox 942 1157 1179 1222; x_wconf 82' lang='lat' dir='ltr'>recordacionis</span> <span class='ocrx_word' id='word_1_43' title='bbox 1200 1157 1319 1222; x_wconf 83' lang='lat' dir='ltr'>factum</span> <span class='ocrx_word' id='word_1_44' title='bbox 1337 1181 1356 1222; x_wconf 89' lang='lat' dir='ltr'>e</span> <span class='ocrx_word' id='word_1_45' title='bbox 1372 1157 1464 1222; x_wconf 86' lang='lat' dir='ltr'>nobis</span> <span class='ocrx_word' id='word_1_46' title='bbox 1489 1155 1586 1221; x_wconf 80' lang='lat' dir='ltr'>Vitali</span> <span class='ocrx_word' id='word_1_47' title='bbox 1611 1157 1856 1245; x_wconf 73' lang='lat' dir='ltr'>archiepiscopo</span> 
     </span>
     <span class='ocr_line' id='line_1_6' title="bbox 170 1261 1855 1348; baseline 0.002 -22"><span class='ocrx_word' id='word_1_48' title='bbox 170 1269 202 1326; x_wconf 88' lang='lat' dir='ltr'>et</span> <span class='ocrx_word' id='word_1_49' title='bbox 223 1261 411 1348; x_wconf 86' lang='lat' dir='ltr'>Lampridio</span> <span class='ocrx_word' id='word_1_50' title='bbox 435 1261 564 1348; x_wconf 78' lang='lat' dir='ltr'>preside</span> <span class='ocrx_word' id='word_1_51' title='bbox 588 1263 727 1327; x_wconf 88' lang='lat' dir='ltr'>ciuitatis</span> <span class='ocrx_word' id='word_1_52' title='bbox 749 1265 943 1346; x_wconf 85' lang='lat' dir='ltr'>ragusitane,</span> <span class='ocrx_word' id='word_1_53' title='bbox 969 1286 1128 1328; x_wconf 90' lang='lat' dir='ltr'>unacum</span> <span class='ocrx_word' id='word_1_54' title='bbox 1152 1261 1318 1329; x_wconf 81' lang='lat' dir='ltr'>omnibus¹</span> <span class='ocrx_word' id='word_1_55' title='bbox 1335 1261 1479 1328; x_wconf 87' lang='lat' dir='ltr'>eiusdem</span> <span class='ocrx_word' id='word_1_56' title='bbox 1512 1263 1652 1341; x_wconf 88' lang='lat' dir='ltr'>ciuitatis</span> <span class='ocrx_word' id='word_1_57' title='bbox 1681 1261 1855 1329; x_wconf 89' lang='lat' dir='ltr'>nobilibus.</span> 
     </span>
     <span class='ocr_line' id='line_1_7' title="bbox 170 1363 1851 1455; baseline 0.003 -27"><span class='ocrx_word' id='word_1_58' title='bbox 170 1363 223 1428; x_wconf 80' lang='lat' dir='ltr'>Ex</span> <span class='ocrx_word' id='word_1_59' title='bbox 246 1389 285 1430; x_wconf 94' lang='lat' dir='ltr'>eo</span> <span class='ocrx_word' id='word_1_60' title='bbox 310 1366 396 1453; x_wconf 90' lang='lat' dir='ltr'>qnod</span> <span class='ocrx_word' id='word_1_61' title='bbox 421 1365 472 1432; x_wconf 87' lang='lat' dir='ltr'>dei</span> <span class='ocrx_word' id='word_1_62' title='bbox 495 1366 649 1430; x_wconf 90' lang='lat' dir='ltr'>instinctu</span> <span class='ocrx_word' id='word_1_63' title='bbox 684 1367 914 1433; x_wconf 77' lang='lat' dir='ltr'>exardescente</span> <span class='ocrx_word' id='word_1_64' title='bbox 945 1367 1074 1432; x_wconf 88' lang='lat' dir='ltr'>flamma</span> <span class='ocrx_word' id='word_1_65' title='bbox 1104 1369 1249 1432; x_wconf 88' lang='lat' dir='ltr'>caritatis</span> <span class='ocrx_word' id='word_1_66' title='bbox 1281 1367 1442 1455; x_wconf 82' lang='lat' dir='ltr'>puplicam</span> <span class='ocrx_word' id='word_1_67' title='bbox 1476 1366 1686 1432; x_wconf 87' lang='lat' dir='ltr'>donacionem</span> <span class='ocrx_word' id='word_1_68' title='bbox 1716 1367 1851 1434; x_wconf 86' lang='lat' dir='ltr'>fecimus</span> 
     </span>
     <span class='ocr_line' id='line_1_8' title="bbox 170 1469 1850 1560; baseline 0.002 -26"><span class='ocrx_word' id='word_1_69' title='bbox 170 1469 231 1535; x_wconf 87' lang='lat' dir='ltr'>deo</span> <span class='ocrx_word' id='word_1_70' title='bbox 255 1473 478 1557; x_wconf 89' lang='lat' dir='ltr'>omnipotenti,</span> <span class='ocrx_word' id='word_1_71' title='bbox 496 1481 528 1536; x_wconf 90' lang='lat' dir='ltr'>et</span> <span class='ocrx_word' id='word_1_72' title='bbox 544 1471 738 1559; x_wconf 90' lang='lat' dir='ltr'>quibusdam</span> <span class='ocrx_word' id='word_1_73' title='bbox 756 1475 874 1537; x_wconf 91' lang='lat' dir='ltr'>nostris</span> <span class='ocrx_word' id='word_1_74' title='bbox 895 1474 1090 1554; x_wconf 89' lang='lat' dir='ltr'>conciuibus,</span> <span class='ocrx_word' id='word_1_75' title='bbox 1112 1472 1212 1537; x_wconf 89' lang='lat' dir='ltr'>Leoni</span> <span class='ocrx_word' id='word_1_76' title='bbox 1239 1473 1429 1560; x_wconf 88' lang='lat' dir='ltr'>presbytero</span> <span class='ocrx_word' id='word_1_77' title='bbox 1454 1481 1485 1536; x_wconf 91' lang='lat' dir='ltr'>et</span> <span class='ocrx_word' id='word_1_78' title='bbox 1501 1471 1596 1537; x_wconf 89' lang='lat' dir='ltr'>Petro</span> <span class='ocrx_word' id='word_1_79' title='bbox 1612 1471 1770 1538; x_wconf 89' lang='lat' dir='ltr'>monacho</span> <span class='ocrx_word' id='word_1_80' title='bbox 1794 1473 1850 1537; x_wconf 92' lang='lat' dir='ltr'>ab·</span> 
     </span>
     <span class='ocr_line' id='line_1_9' title="bbox 168 1573 1853 1659; baseline 0.003 -20"><span class='ocrx_word' id='word_1_81' title='bbox 168 1573 332 1641; x_wconf 81' lang='lat' dir='ltr'>noluemus</span> <span class='ocrx_word' id='word_1_82' title='bbox 356 1578 397 1640; x_wconf 88' lang='lat' dir='ltr'>ab</span> <span class='ocrx_word' id='word_1_83' title='bbox 420 1580 506 1642; x_wconf 95' lang='lat' dir='ltr'>omni</span> <span class='ocrx_word' id='word_1_84' title='bbox 532 1616 571 1626; x_wconf 92' lang='lat'>-</span> <span class='ocrx_word' id='word_1_85' title='bbox 599 1615 638 1626; x_wconf 90' lang='lat'><em>-</em></span> <span class='ocrx_word' id='word_1_86' title='bbox 666 1616 703 1626; x_wconf 95' lang='lat'><em>-</em></span> <span class='ocrx_word' id='word_1_87' title='bbox 730 1579 802 1642; x_wconf 91' lang='lat' dir='ltr'>ione</span> <span class='ocrx_word' id='word_1_88' title='bbox 827 1587 858 1642; x_wconf 89' lang='lat' dir='ltr'>et</span> <span class='ocrx_word' id='word_1_89' title='bbox 882 1577 1039 1642; x_wconf 90' lang='lat' dir='ltr'>donamus</span> <span class='ocrx_word' id='word_1_90' title='bbox 1055 1577 1288 1642; x_wconf 88' lang='lat' dir='ltr'>Lecronomam</span> <span class='ocrx_word' id='word_1_91' title='bbox 1313 1575 1461 1659; x_wconf 88' lang='lat' dir='ltr'>insulem,</span> <span class='ocrx_word' id='word_1_92' title='bbox 1485 1579 1577 1642; x_wconf 91' lang='lat' dir='ltr'>cuius</span> <span class='ocrx_word' id='word_1_93' title='bbox 1601 1576 1700 1642; x_wconf 88' lang='lat' dir='ltr'>dandi</span> <span class='ocrx_word' id='word_1_94' title='bbox 1724 1581 1853 1644; x_wconf 89' lang='lat' dir='ltr'>occasio</span> 
     </span>
     <span class='ocr_line' id='line_1_10' title="bbox 167 1679 1853 1770; baseline 0.003 -27"><span class='ocrx_word' id='word_1_95' title='bbox 167 1679 226 1745; x_wconf 89' lang='lat' dir='ltr'>hec</span> <span class='ocrx_word' id='word_1_96' title='bbox 249 1680 320 1746; x_wconf 89' lang='lat' dir='ltr'>fuit.</span> <span class='ocrx_word' id='word_1_97' title='bbox 344 1681 410 1747; x_wconf 90' lang='lat' dir='ltr'>Hc</span> <span class='ocrx_word' id='word_1_98' title='bbox 434 1685 541 1770; x_wconf 91' lang='lat' dir='ltr'>itaque</span> <span class='ocrx_word' id='word_1_99' title='bbox 557 1683 672 1747; x_wconf 90' lang='lat' dir='ltr'>Petrus</span> <span class='ocrx_word' id='word_1_100' title='bbox 689 1684 847 1766; x_wconf 87' lang='lat' dir='ltr'>presbiter</span> <span class='ocrx_word' id='word_1_101' title='bbox 861 1693 893 1746; x_wconf 86' lang='lat' dir='ltr'>et</span> <span class='ocrx_word' id='word_1_102' title='bbox 911 1681 1086 1748; x_wconf 87' lang='lat' dir='ltr'>monachus</span> <span class='ocrx_word' id='word_1_103' title='bbox 1103 1682 1143 1746; x_wconf 91' lang='lat' dir='ltr'>de</span> <span class='ocrx_word' id='word_1_104' title='bbox 1160 1682 1347 1746; x_wconf 88' lang='lat' dir='ltr'>Tremitena</span> <span class='ocrx_word' id='word_1_105' title='bbox 1364 1681 1478 1764; x_wconf 89' lang='lat' dir='ltr'>insula,</span> <span class='ocrx_word' id='word_1_106' title='bbox 1495 1683 1526 1746; x_wconf 92' lang='lat' dir='ltr'>in</span> <span class='ocrx_word' id='word_1_107' title='bbox 1552 1705 1616 1769; x_wconf 91' lang='lat' dir='ltr'>qua</span> <span class='ocrx_word' id='word_1_108' title='bbox 1640 1682 1699 1748; x_wconf 88' lang='lat' dir='ltr'>sub</span> <span class='ocrx_word' id='word_1_109' title='bbox 1723 1682 1853 1748; x_wconf 88' lang='lat' dir='ltr'>abbatis</span> 
     </span>
     <span class='ocr_line' id='line_1_11' title="bbox 168 1785 1894 1875; baseline 0.002 -26"><span class='ocrx_word' id='word_1_110' title='bbox 168 1785 334 1850; x_wconf 87' lang='lat' dir='ltr'>Benedicti</span> <span class='ocrx_word' id='word_1_111' title='bbox 368 1788 480 1872; x_wconf 86' lang='lat' dir='ltr'>regula</span> <span class='ocrx_word' id='word_1_112' title='bbox 512 1788 660 1873; x_wconf 84' lang='lat' dir='ltr'>degebat,</span> <span class='ocrx_word' id='word_1_113' title='bbox 694 1787 930 1875; x_wconf 89' lang='lat' dir='ltr'>quodammodo</span> <span class='ocrx_word' id='word_1_114' title='bbox 959 1809 978 1852; x_wconf 89' lang='lat' dir='ltr'>a</span> <span class='ocrx_word' id='word_1_115' title='bbox 1008 1787 1102 1852; x_wconf 90' lang='lat' dir='ltr'>uobis</span> <span class='ocrx_word' id='word_1_116' title='bbox 1134 1796 1264 1852; x_wconf 90' lang='lat' dir='ltr'>coactus</span> <span class='ocrx_word' id='word_1_117' title='bbox 1297 1788 1422 1852; x_wconf 87' lang='lat' dir='ltr'>visendi</span> <span class='ocrx_word' id='word_1_118' title='bbox 1454 1809 1551 1852; x_wconf 89' lang='lat' dir='ltr'>causa</span> <span class='ocrx_word' id='word_1_119' title='bbox 1585 1787 1626 1851; x_wconf 89' lang='lat' dir='ltr'>ad</span> <span class='ocrx_word' id='word_1_120' title='bbox 1661 1809 1719 1852; x_wconf 93' lang='lat' dir='ltr'>nos</span> <span class='ocrx_word' id='word_1_121' title='bbox 1744 1810 1847 1874; x_wconf 88' lang='lat' dir='ltr'>usque</span> <span class='ocrx_word' id='word_1_122' title='bbox 1889 1827 1894 1840; x_wconf 93' lang='lat'><strong>·</strong></span> 
     </span>
     <span class='ocr_line' id='line_1_12' title="bbox 166 1891 1845 1975; baseline 0.003 -22"><span class='ocrx_word' id='word_1_123' title='bbox 166 1900 279 1955; x_wconf 85' lang='lat' dir='ltr'>vectus</span> <span class='ocrx_word' id='word_1_124' title='bbox 304 1901 362 1958; x_wconf 82' lang='lat' dir='ltr'>est</span> <span class='ocrx_word' id='word_1_125' title='bbox 385 1891 449 1972; x_wconf 78' lang='lat' dir='ltr'>Qui</span> <span class='ocrx_word' id='word_1_126' title='bbox 472 1915 543 1958; x_wconf 87' lang='lat' dir='ltr'>cum</span> <span class='ocrx_word' id='word_1_127' title='bbox 568 1893 717 1958; x_wconf 85' lang='lat' dir='ltr'>omnibus</span> <span class='ocrx_word' id='word_1_128' title='bbox 742 1893 834 1958; x_wconf 91' lang='lat' dir='ltr'>nobis</span> <span class='ocrx_word' id='word_1_129' title='bbox 858 1893 1004 1958; x_wconf 85' lang='lat' dir='ltr'>salutatis</span> <span class='ocrx_word' id='word_1_130' title='bbox 1024 1893 1065 1958; x_wconf 91' lang='lat' dir='ltr'>ad</span> <span class='ocrx_word' id='word_1_131' title='bbox 1089 1915 1182 1958; x_wconf 87' lang='lat' dir='ltr'>suum</span> <span class='ocrx_word' id='word_1_132' title='bbox 1206 1891 1304 1958; x_wconf 89' lang='lat' dir='ltr'>vellet</span> <span class='ocrx_word' id='word_1_133' title='bbox 1327 1897 1446 1958; x_wconf 88' lang='lat' dir='ltr'>reuerti</span> <span class='ocrx_word' id='word_1_134' title='bbox 1473 1895 1708 1975; x_wconf 90' lang='lat' dir='ltr'>monasterium,</span> <span class='ocrx_word' id='word_1_135' title='bbox 1734 1916 1845 1962; x_wconf 89' lang='lat' dir='ltr'>omnes</span> 
     </span>
     <span class='ocr_line' id='line_1_13' title="bbox 167 1976 1852 2086; baseline 0.003 -27"><span class='ocrx_word' id='word_1_136' title='bbox 167 2016 240 2060; x_wconf 84' lang='lat' dir='ltr'>eum</span> <span class='ocrx_word' id='word_1_137' title='bbox 264 2019 381 2081; x_wconf 90' lang='lat' dir='ltr'>rogare</span> <span class='ocrx_word' id='word_1_138' title='bbox 405 2001 559 2084; x_wconf 88' lang='lat' dir='ltr'>cepimus,</span> <span class='ocrx_word' id='word_1_139' title='bbox 585 2009 619 2064; x_wconf 92' lang='lat' dir='ltr'>ut</span> <span class='ocrx_word' id='word_1_140' title='bbox 642 2000 673 2063; x_wconf 93' lang='lat' dir='ltr'>in</span> <span class='ocrx_word' id='word_1_141' title='bbox 698 1998 759 2064; x_wconf 88' lang='lat' dir='ltr'>hac</span> <span class='ocrx_word' id='word_1_142' title='bbox 780 2008 890 2062; x_wconf 91' lang='lat' dir='ltr'>nostra</span> <span class='ocrx_word' id='word_1_143' title='bbox 911 1976 1004 2085; x_wconf 72' lang='lat' dir='ltr'>parte</span> <span class='ocrx_word' id='word_1_144' title='bbox 1027 1997 1088 2062; x_wconf 83' lang='lat' dir='ltr'>sibi</span> <span class='ocrx_word' id='word_1_145' title='bbox 1112 2000 1340 2062; x_wconf 89' lang='lat' dir='ltr'>monasterium</span> <span class='ocrx_word' id='word_1_146' title='bbox 1366 1997 1492 2084; x_wconf 89' lang='lat' dir='ltr'>puplico</span> <span class='ocrx_word' id='word_1_147' title='bbox 1516 2001 1548 2062; x_wconf 93' lang='lat' dir='ltr'>in</span> <span class='ocrx_word' id='word_1_148' title='bbox 1573 1997 1643 2062; x_wconf 88' lang='lat' dir='ltr'>loco</span> <span class='ocrx_word' id='word_1_149' title='bbox 1667 2008 1699 2063; x_wconf 93' lang='lat' dir='ltr'>et</span> <span class='ocrx_word' id='word_1_150' title='bbox 1722 1998 1852 2086; x_wconf 87' lang='lat' dir='ltr'>puplico</span> 
     </span>
     <span class='ocr_line' id='line_1_14' title="bbox 163 2101 1849 2184; baseline 0.004 -21"><span class='ocrx_word' id='word_1_151' title='bbox 163 2101 338 2166; x_wconf 86' lang='lat' dir='ltr'>aminiculo</span> <span class='ocrx_word' id='word_1_152' title='bbox 361 2104 503 2169; x_wconf 89' lang='lat' dir='ltr'>construi</span> <span class='ocrx_word' id='word_1_153' title='bbox 527 2101 782 2169; x_wconf 66' lang='lat' dir='ltr'>statuisset&#39;Sed</span> <span class='ocrx_word' id='word_1_154' title='bbox 804 2127 875 2169; x_wconf 92' lang='lat' dir='ltr'>cum</span> <span class='ocrx_word' id='word_1_155' title='bbox 894 2127 987 2169; x_wconf 92' lang='lat' dir='ltr'>omne</span> <span class='ocrx_word' id='word_1_156' title='bbox 1004 2103 1244 2184; x_wconf 87' lang='lat' dir='ltr'>hoerefuteret,</span> <span class='ocrx_word' id='word_1_157' title='bbox 1263 2104 1350 2169; x_wconf 90' lang='lat' dir='ltr'>etad</span> <span class='ocrx_word' id='word_1_158' title='bbox 1374 2127 1466 2170; x_wconf 91' lang='lat' dir='ltr'>suum</span> <span class='ocrx_word' id='word_1_159' title='bbox 1485 2105 1581 2170; x_wconf 87' lang='lat' dir='ltr'>vellet</span> <span class='ocrx_word' id='word_1_160' title='bbox 1604 2105 1708 2170; x_wconf 89' lang='lat' dir='ltr'>redire</span> <span class='ocrx_word' id='word_1_161' title='bbox 1734 2105 1849 2183; x_wconf 89' lang='lat' dir='ltr'>locum,</span> 
     </span>
     <span class='ocr_line' id='line_1_15' title="bbox 162 2204 1849 2297; baseline 0.003 -28"><span class='ocrx_word' id='word_1_162' title='bbox 162 2204 292 2269; x_wconf 81' lang='lat' dir='ltr'>tandem</span> <span class='ocrx_word' id='word_1_163' title='bbox 318 2206 370 2289; x_wconf 88' lang='lat' dir='ltr'>dei</span> <span class='ocrx_word' id='word_1_164' title='bbox 394 2208 604 2294; x_wconf 89' lang='lat' dir='ltr'>dispositione</span> <span class='ocrx_word' id='word_1_165' title='bbox 629 2210 759 2296; x_wconf 91' lang='lat' dir='ltr'>quidam</span> <span class='ocrx_word' id='word_1_166' title='bbox 784 2207 926 2274; x_wconf 87' lang='lat' dir='ltr'>illustres</span> <span class='ocrx_word' id='word_1_167' title='bbox 950 2232 1058 2274; x_wconf 91' lang='lat' dir='ltr'>coram</span> <span class='ocrx_word' id='word_1_168' title='bbox 1083 2231 1121 2274; x_wconf 89' lang='lat' dir='ltr'>co</span> <span class='ocrx_word' id='word_1_169' title='bbox 1145 2211 1263 2295; x_wconf 87' lang='lat' dir='ltr'>reperti</span> <span class='ocrx_word' id='word_1_170' title='bbox 1289 2218 1371 2293; x_wconf 92' lang='lat' dir='ltr'>sunt,</span> <span class='ocrx_word' id='word_1_171' title='bbox 1397 2211 1451 2297; x_wconf 92' lang='lat' dir='ltr'>qui</span> <span class='ocrx_word' id='word_1_172' title='bbox 1484 2231 1518 2275; x_wconf 92' lang='lat' dir='ltr'>se</span> <span class='ocrx_word' id='word_1_173' title='bbox 1554 2209 1787 2296; x_wconf 89' lang='lat' dir='ltr'>profitebantur</span> <span class='ocrx_word' id='word_1_174' title='bbox 1810 2233 1849 2274; x_wconf 90' lang='lat' dir='ltr'>ac</span> 
     </span>
     <span class='ocr_line' id='line_1_16' title="bbox 163 2312 1849 2402; baseline 0.003 -28"><span class='ocrx_word' id='word_1_175' title='bbox 163 2312 396 2398; x_wconf 90' lang='lat' dir='ltr'>promittebant</span> <span class='ocrx_word' id='word_1_176' title='bbox 429 2315 638 2378; x_wconf 90' lang='lat' dir='ltr'>monasticam</span> <span class='ocrx_word' id='word_1_177' title='bbox 676 2336 819 2380; x_wconf 91' lang='lat' dir='ltr'>normam</span> <span class='ocrx_word' id='word_1_178' title='bbox 855 2325 952 2402; x_wconf 89' lang='lat' dir='ltr'>atque</span> <span class='ocrx_word' id='word_1_179' title='bbox 976 2314 1121 2382; x_wconf 89' lang='lat' dir='ltr'>habitum</span> <span class='ocrx_word' id='word_1_180' title='bbox 1147 2316 1207 2380; x_wconf 92' lang='lat' dir='ltr'>sub</span> <span class='ocrx_word' id='word_1_181' title='bbox 1231 2337 1269 2380; x_wconf 89' lang='lat' dir='ltr'>eo</span> <span class='ocrx_word' id='word_1_182' title='bbox 1293 2315 1377 2380; x_wconf 86' lang='lat' dir='ltr'>velle</span> <span class='ocrx_word' id='word_1_183' title='bbox 1405 2317 1577 2399; x_wconf 87' lang='lat' dir='ltr'>suscipere,</span> <span class='ocrx_word' id='word_1_184' title='bbox 1602 2315 1663 2380; x_wconf 84' lang='lat' dir='ltr'>lrac</span> <span class='ocrx_word' id='word_1_185' title='bbox 1685 2315 1724 2379; x_wconf 89' lang='lat' dir='ltr'>de</span> <span class='ocrx_word' id='word_1_186' title='bbox 1750 2337 1849 2381; x_wconf 89' lang='lat' dir='ltr'>cause</span> 
     </span>
     <span class='ocr_line' id='line_1_17' title="bbox 161 2417 1847 2507; baseline 0.002 -27"><span class='ocrx_word' id='word_1_187' title='bbox 161 2417 402 2504; x_wconf 89' lang='lat' dir='ltr'>quodammodo</span> <span class='ocrx_word' id='word_1_188' title='bbox 428 2421 533 2483; x_wconf 88' lang='lat' dir='ltr'>victus</span> <span class='ocrx_word' id='word_1_189' title='bbox 557 2429 589 2483; x_wconf 93' lang='lat' dir='ltr'>et</span> <span class='ocrx_word' id='word_1_190' title='bbox 610 2431 740 2484; x_wconf 88' lang='lat' dir='ltr'>coactus</span> <span class='ocrx_word' id='word_1_191' title='bbox 764 2421 902 2506; x_wconf 92' lang='lat' dir='ltr'>quadam</span> <span class='ocrx_word' id='word_1_192' title='bbox 928 2422 1057 2485; x_wconf 89' lang='lat' dir='ltr'>racione</span> <span class='ocrx_word' id='word_1_193' title='bbox 1081 2420 1244 2503; x_wconf 85' lang='lat' dir='ltr'>videlicet,</span> <span class='ocrx_word' id='word_1_194' title='bbox 1269 2445 1308 2486; x_wconf 90' lang='lat' dir='ltr'>ne</span> <span class='ocrx_word' id='word_1_195' title='bbox 1333 2421 1395 2485; x_wconf 92' lang='lat' dir='ltr'>sibi</span> <span class='ocrx_word' id='word_1_196' title='bbox 1419 2429 1624 2507; x_wconf 82' lang='lat' dir='ltr'>coaptaretur</span> <span class='ocrx_word' id='word_1_197' title='bbox 1648 2419 1726 2485; x_wconf 92' lang='lat' dir='ltr'>illud</span> <span class='ocrx_word' id='word_1_198' title='bbox 1751 2442 1847 2484; x_wconf 91' lang='lat' dir='ltr'>euan-</span> 
     </span>
     <span class='ocr_line' id='line_1_18' title="bbox 159 2522 1849 2614; baseline 0.002 -28"><span class='ocrx_word' id='word_1_199' title='bbox 159 2522 322 2606; x_wconf 91' lang='lat' dir='ltr'>gelicum:</span> <span class='ocrx_word' id='word_1_200' title='bbox 348 2527 403 2611; x_wconf 90' lang='lat' dir='ltr'>qui</span> <span class='ocrx_word' id='word_1_201' title='bbox 428 2546 553 2589; x_wconf 85' lang='lat' dir='ltr'>mecum</span> <span class='ocrx_word' id='word_1_202' title='bbox 579 2548 642 2590; x_wconf 93' lang='lat' dir='ltr'>uon</span> <span class='ocrx_word' id='word_1_203' title='bbox 659 2524 791 2610; x_wconf 80' lang='lat' dir='ltr'>colligit,</span> <span class='ocrx_word' id='word_1_204' title='bbox 810 2529 941 2612; x_wconf 75' lang='lat' dir='ltr'>spargit,</span> <span class='ocrx_word' id='word_1_205' title='bbox 960 2535 1128 2611; x_wconf 88' lang='lat' dir='ltr'>superatus</span> <span class='ocrx_word' id='word_1_206' title='bbox 1153 2527 1272 2590; x_wconf 89' lang='lat' dir='ltr'>nostris</span> <span class='ocrx_word' id='word_1_207' title='bbox 1288 2525 1438 2608; x_wconf 91' lang='lat' dir='ltr'>precibus</span> <span class='ocrx_word' id='word_1_208' title='bbox 1462 2547 1629 2614; x_wconf 85' lang='lat' dir='ltr'>assensum</span> <span class='ocrx_word' id='word_1_209' title='bbox 1654 2523 1791 2611; x_wconf 87' lang='lat' dir='ltr'>prebuit,</span> <span class='ocrx_word' id='word_1_210' title='bbox 1816 2534 1849 2590; x_wconf 89' lang='lat' dir='ltr'>et</span> 
     </span>
     <span class='ocr_line' id='line_1_19' title="bbox 90 2628 1845 2718; baseline 0.002 -26"><span class='ocrx_word' id='word_1_211' title='bbox 90 2697 95 2704; x_wconf 60' lang='grc'><strong><em>,</em></strong></span> <span class='ocrx_word' id='word_1_212' title='bbox 158 2628 233 2694; x_wconf 89' lang='lat' dir='ltr'>ideo</span> <span class='ocrx_word' id='word_1_213' title='bbox 257 2631 329 2716; x_wconf 91' lang='lat' dir='ltr'>ipso</span> <span class='ocrx_word' id='word_1_214' title='bbox 355 2631 446 2694; x_wconf 91' lang='lat' dir='ltr'>nobis</span> <span class='ocrx_word' id='word_1_215' title='bbox 463 2633 692 2716; x_wconf 86' lang='lat' dir='ltr'>consentiente,</span> <span class='ocrx_word' id='word_1_216' title='bbox 712 2631 833 2718; x_wconf 88' lang='lat' dir='ltr'>placuit</span> <span class='ocrx_word' id='word_1_217' title='bbox 849 2631 941 2695; x_wconf 90' lang='lat' dir='ltr'>nobis</span> <span class='ocrx_word' id='word_1_218' title='bbox 960 2631 1108 2695; x_wconf 91' lang='lat' dir='ltr'>omnibus</span> <span class='ocrx_word' id='word_1_219' title='bbox 1126 2631 1204 2696; x_wconf 86' lang='lat' dir='ltr'>dare</span> <span class='ocrx_word' id='word_1_220' title='bbox 1222 2633 1261 2712; x_wconf 91' lang='lat' dir='ltr'>ei,</span> <span class='ocrx_word' id='word_1_221' title='bbox 1281 2639 1312 2694; x_wconf 92' lang='lat' dir='ltr'>et</span> <span class='ocrx_word' id='word_1_222' title='bbox 1332 2633 1394 2695; x_wconf 91' lang='lat' dir='ltr'>iam</span> <span class='ocrx_word' id='word_1_223' title='bbox 1418 2629 1503 2694; x_wconf 91' lang='lat' dir='ltr'>dicto</span> <span class='ocrx_word' id='word_1_224' title='bbox 1528 2630 1628 2694; x_wconf 90' lang='lat' dir='ltr'>Leoni</span> <span class='ocrx_word' id='word_1_225' title='bbox 1643 2630 1845 2716; x_wconf 87' lang='lat' dir='ltr'>presbytero,</span> 
     </span>
     <span class='ocr_line' id='line_1_20' title="bbox 158 2735 1845 2824; baseline 0.002 -27"><span class='ocrx_word' id='word_1_226' title='bbox 158 2757 255 2821; x_wconf 88' lang='lat' dir='ltr'>quem</span> <span class='ocrx_word' id='word_1_227' title='bbox 281 2735 345 2798; x_wconf 90' lang='lat' dir='ltr'>sibi</span> <span class='ocrx_word' id='word_1_228' title='bbox 369 2738 439 2822; x_wconf 90' lang='lat' dir='ltr'>ipse</span> <span class='ocrx_word' id='word_1_229' title='bbox 463 2739 637 2822; x_wconf 86' lang='lat' dir='ltr'>proposuit,</span> <span class='ocrx_word' id='word_1_230' title='bbox 661 2737 798 2801; x_wconf 89' lang='lat' dir='ltr'>insulam</span> <span class='ocrx_word' id='word_1_231' title='bbox 816 2735 918 2819; x_wconf 90' lang='lat' dir='ltr'>illam,</span> <span class='ocrx_word' id='word_1_232' title='bbox 940 2759 1036 2824; x_wconf 89' lang='lat' dir='ltr'>quam</span> <span class='ocrx_word' id='word_1_233' title='bbox 1062 2759 1158 2822; x_wconf 88' lang='lat' dir='ltr'>supra</span> <span class='ocrx_word' id='word_1_234' title='bbox 1183 2737 1432 2817; x_wconf 90' lang='lat' dir='ltr'>nominauimus,</span> <span class='ocrx_word' id='word_1_235' title='bbox 1457 2757 1529 2800; x_wconf 92' lang='lat' dir='ltr'>cum</span> <span class='ocrx_word' id='word_1_236' title='bbox 1554 2737 1640 2799; x_wconf 92' lang='lat' dir='ltr'>omni</span> <span class='ocrx_word' id='word_1_237' title='bbox 1665 2736 1845 2822; x_wconf 86' lang='lat' dir='ltr'>quantitate</span> 
     </span>
     <span class='ocr_line' id='line_1_21' title="bbox 158 2839 1846 2928; baseline 0.001 -25"><span class='ocrx_word' id='word_1_238' title='bbox 158 2862 217 2904; x_wconf 89' lang='lat' dir='ltr'>sue</span> <span class='ocrx_word' id='word_1_239' title='bbox 241 2839 423 2905; x_wconf 89' lang='lat' dir='ltr'>latitudinis</span> <span class='ocrx_word' id='word_1_240' title='bbox 447 2841 499 2906; x_wconf 88' lang='lat' dir='ltr'>vel</span> <span class='ocrx_word' id='word_1_241' title='bbox 523 2842 742 2928; x_wconf 89' lang='lat' dir='ltr'>longitudinis,</span> <span class='ocrx_word' id='word_1_242' title='bbox 768 2841 823 2906; x_wconf 87' lang='lat' dir='ltr'>tali</span> <span class='ocrx_word' id='word_1_243' title='bbox 847 2852 955 2906; x_wconf 89' lang='lat' dir='ltr'>autem</span> <span class='ocrx_word' id='word_1_244' title='bbox 980 2842 1102 2924; x_wconf 80' lang='lat' dir='ltr'>ordine,</span> <span class='ocrx_word' id='word_1_245' title='bbox 1135 2841 1221 2928; x_wconf 92' lang='lat' dir='ltr'>quod</span> <span class='ocrx_word' id='word_1_246' title='bbox 1246 2841 1307 2906; x_wconf 90' lang='lat' dir='ltr'>sub</span> <span class='ocrx_word' id='word_1_247' title='bbox 1332 2843 1509 2906; x_wconf 88' lang='lat' dir='ltr'>monastico</span> <span class='ocrx_word' id='word_1_248' title='bbox 1543 2841 1654 2906; x_wconf 87' lang='lat' dir='ltr'>habitu</span> <span class='ocrx_word' id='word_1_249' title='bbox 1678 2851 1710 2904; x_wconf 90' lang='lat' dir='ltr'>et</span> <span class='ocrx_word' id='word_1_250' title='bbox 1734 2841 1846 2905; x_wconf 89' lang='lat' dir='ltr'>ordine</span> 
     </span>
     <span class='ocr_line' id='line_1_22' title="bbox 157 2944 1843 3034; baseline 0.001 -26"><span class='ocrx_word' id='word_1_251' title='bbox 157 2944 245 3008; x_wconf 91' lang='lat' dir='ltr'>illam</span> <span class='ocrx_word' id='word_1_252' title='bbox 271 2947 457 3028; x_wconf 85' lang='lat' dir='ltr'>possideant</span> <span class='ocrx_word' id='word_1_253' title='bbox 479 2949 541 3033; x_wconf 91' lang='lat' dir='ltr'>ipsi</span> <span class='ocrx_word' id='word_1_254' title='bbox 566 2957 598 3012; x_wconf 85' lang='lat' dir='ltr'>et</span> <span class='ocrx_word' id='word_1_255' title='bbox 621 2971 826 3012; x_wconf 88' lang='lat' dir='ltr'>successores</span> <span class='ocrx_word' id='word_1_256' title='bbox 851 2969 961 3012; x_wconf 91' lang='lat' dir='ltr'>eorum</span> <span class='ocrx_word' id='word_1_257' title='bbox 986 2946 1108 3033; x_wconf 90' lang='lat' dir='ltr'>absque</span> <span class='ocrx_word' id='word_1_258' title='bbox 1132 2946 1362 3034; x_wconf 83' lang='lat' dir='ltr'>impedimento</span> <span class='ocrx_word' id='word_1_259' title='bbox 1387 2955 1507 3026; x_wconf 87' lang='lat' dir='ltr'>nostro,</span> <span class='ocrx_word' id='word_1_260' title='bbox 1531 2946 1585 3010; x_wconf 85' lang='lat' dir='ltr'>vel</span> <span class='ocrx_word' id='word_1_261' title='bbox 1619 2967 1843 3010; x_wconf 86' lang='lat' dir='ltr'>successorum</span> 
     </span>
     <span class='ocr_line' id='line_1_23' title="bbox 158 3049 1844 3140; baseline 0.001 -26"><span class='ocrx_word' id='word_1_262' title='bbox 158 3059 354 3130; x_wconf 90' lang='lat' dir='ltr'>nostrorum,</span> <span class='ocrx_word' id='word_1_263' title='bbox 380 3057 412 3116; x_wconf 88' lang='lat' dir='ltr'>et</span> <span class='ocrx_word' id='word_1_264' title='bbox 434 3053 593 3140; x_wconf 91' lang='lat' dir='ltr'>quidquid</span> <span class='ocrx_word' id='word_1_265' title='bbox 617 3053 767 3118; x_wconf 89' lang='lat' dir='ltr'>edificare</span> <span class='ocrx_word' id='word_1_266' title='bbox 803 3052 854 3116; x_wconf 88' lang='lat' dir='ltr'>vel</span> <span class='ocrx_word' id='word_1_267' title='bbox 877 3074 974 3138; x_wconf 86' lang='lat' dir='ltr'>egere</span> <span class='ocrx_word' id='word_1_268' title='bbox 1006 3049 1167 3117; x_wconf 90' lang='lat' dir='ltr'>voluerint</span> <span class='ocrx_word' id='word_1_269' title='bbox 1198 3055 1229 3116; x_wconf 93' lang='lat' dir='ltr'>in</span> <span class='ocrx_word' id='word_1_270' title='bbox 1259 3052 1371 3117; x_wconf 89' lang='lat' dir='ltr'>usibus</span> <span class='ocrx_word' id='word_1_271' title='bbox 1403 3053 1481 3132; x_wconf 89' lang='lat' dir='ltr'>suis,</span> <span class='ocrx_word' id='word_1_272' title='bbox 1514 3049 1665 3116; x_wconf 89' lang='lat' dir='ltr'>edificent</span> <span class='ocrx_word' id='word_1_273' title='bbox 1689 3059 1721 3116; x_wconf 86' lang='lat' dir='ltr'>st</span> <span class='ocrx_word' id='word_1_274' title='bbox 1743 3051 1844 3115; x_wconf 88' lang='lat' dir='ltr'>libere</span> 
     </span>
     <span class='ocr_line' id='line_1_24' title="bbox 157 3155 1843 3242; baseline 0 -24"><span class='ocrx_word' id='word_1_275' title='bbox 157 3165 257 3240; x_wconf 84' lang='lat' dir='ltr'>agant</span> <span class='ocrx_word' id='word_1_276' title='bbox 281 3166 313 3220; x_wconf 89' lang='lat' dir='ltr'>et</span> <span class='ocrx_word' id='word_1_277' title='bbox 337 3159 427 3222; x_wconf 83' lang='lat' dir='ltr'>iuxta</span> <span class='ocrx_word' id='word_1_278' title='bbox 448 3157 632 3242; x_wconf 87' lang='lat' dir='ltr'>regularem</span> <span class='ocrx_word' id='word_1_279' title='bbox 656 3157 921 3223; x_wconf 90' lang='lat' dir='ltr'>consuetudinem</span> <span class='ocrx_word' id='word_1_280' title='bbox 958 3159 1065 3221; x_wconf 91' lang='lat' dir='ltr'>omnia</span> <span class='ocrx_word' id='word_1_281' title='bbox 1089 3155 1238 3222; x_wconf 82' lang='lat' dir='ltr'>ordinent</span> <span class='ocrx_word' id='word_1_282' title='bbox 1259 3167 1290 3220; x_wconf 93' lang='lat' dir='ltr'>et</span> <span class='ocrx_word' id='word_1_283' title='bbox 1321 3157 1518 3242; x_wconf 89' lang='lat' dir='ltr'>dispensent,</span> <span class='ocrx_word' id='word_1_284' title='bbox 1542 3157 1604 3242; x_wconf 92' lang='lat' dir='ltr'>ipsi</span> <span class='ocrx_word' id='word_1_285' title='bbox 1636 3165 1670 3220; x_wconf 90' lang='lat' dir='ltr'>ut</span> <span class='ocrx_word' id='word_1_286' title='bbox 1700 3155 1843 3219; x_wconf 84' lang='lat' dir='ltr'>diximus</span> 
     </span>
     <span class='ocr_line' id='line_1_25' title="bbox 159 3248 1936 3350; baseline -0.001 -26"><span class='ocrx_word' id='word_1_287' title='bbox 159 3269 193 3324; x_wconf 86' lang='lat' dir='ltr'>et</span> <span class='ocrx_word' id='word_1_288' title='bbox 214 3283 419 3326; x_wconf 90' lang='lat' dir='ltr'>successores</span> <span class='ocrx_word' id='word_1_289' title='bbox 444 3285 564 3346; x_wconf 86' lang='lat' dir='ltr'>eorum,</span> <span class='ocrx_word' id='word_1_290' title='bbox 582 3286 750 3350; x_wconf 92' lang='lat' dir='ltr'>quousque</span> <span class='ocrx_word' id='word_1_291' title='bbox 759 3248 867 3327; x_wconf 39' lang='lat' dir='ltr'>‘celica</span> <span class='ocrx_word' id='word_1_292' title='bbox 883 3265 986 3328; x_wconf 89' lang='lat' dir='ltr'>uirtus</span> <span class='ocrx_word' id='word_1_293' title='bbox 1004 3262 1090 3326; x_wconf 92' lang='lat' dir='ltr'>hunc</span> <span class='ocrx_word' id='word_1_294' title='bbox 1107 3264 1319 3326; x_wconf 89' lang='lat' dir='ltr'>monasticum</span> <span class='ocrx_word' id='word_1_295' title='bbox 1336 3262 1481 3326; x_wconf 89' lang='lat' dir='ltr'>ordinem</span> <span class='ocrx_word' id='word_1_296' title='bbox 1499 3259 1553 3326; x_wconf 95' lang='lat' dir='ltr'>illo</span> <span class='ocrx_word' id='word_1_297' title='bbox 1577 3264 1609 3325; x_wconf 91' lang='lat' dir='ltr'>in</span> <span class='ocrx_word' id='word_1_298' title='bbox 1634 3259 1703 3324; x_wconf 92' lang='lat' dir='ltr'>loco</span> <span class='ocrx_word' id='word_1_299' title='bbox 1728 3259 1841 3325; x_wconf 87' lang='lat' dir='ltr'>heberi</span> <span class='ocrx_word' id='word_1_300' title='bbox 1930 3269 1936 3280; x_wconf 89' lang='lat'>&#39;</span> 
     </span>
     <span class='ocr_line' id='line_1_26' title="bbox 158 3365 1839 3455; baseline -0.001 -25"><span class='ocrx_word' id='word_1_301' title='bbox 158 3368 351 3449; x_wconf 89' lang='lat' dir='ltr'>permiserit.</span> <span class='ocrx_word' id='word_1_302' title='bbox 372 3367 406 3431; x_wconf 88' lang='lat' dir='ltr'>Si</span> <span class='ocrx_word' id='word_1_303' title='bbox 431 3371 503 3455; x_wconf 90' lang='lat' dir='ltr'>quis</span> <span class='ocrx_word' id='word_1_304' title='bbox 527 3391 604 3433; x_wconf 86' lang='lat' dir='ltr'>vero</span> <span class='ocrx_word' id='word_1_305' title='bbox 622 3379 677 3434; x_wconf 92' lang='lat' dir='ltr'>aut</span> <span class='ocrx_word' id='word_1_306' title='bbox 699 3368 802 3449; x_wconf 91' lang='lat' dir='ltr'>modo,</span> <span class='ocrx_word' id='word_1_307' title='bbox 823 3376 878 3432; x_wconf 90' lang='lat' dir='ltr'>eut</span> <span class='ocrx_word' id='word_1_308' title='bbox 895 3377 1015 3453; x_wconf 87' lang='lat' dir='ltr'>postea,</span> <span class='ocrx_word' id='word_1_309' title='bbox 1033 3366 1094 3432; x_wconf 88' lang='lat' dir='ltr'>boc</span> <span class='ocrx_word' id='word_1_310' title='bbox 1117 3377 1261 3431; x_wconf 90' lang='lat' dir='ltr'>nostrum</span> <span class='ocrx_word' id='word_1_311' title='bbox 1285 3365 1523 3454; x_wconf 89' lang='lat' dir='ltr'>reprehendere</span> <span class='ocrx_word' id='word_1_312' title='bbox 1548 3365 1712 3431; x_wconf 84' lang='lat' dir='ltr'>decretum</span> <span class='ocrx_word' id='word_1_313' title='bbox 1738 3373 1839 3430; x_wconf 85' lang='lat' dir='ltr'>atten-</span> 
     </span>
     <span class='ocr_line' id='line_1_27' title="bbox 157 3468 1841 3554; baseline 0.001 -22"><span class='ocrx_word' id='word_1_314' title='bbox 157 3471 284 3552; x_wconf 88' lang='lat' dir='ltr'>teuerit‚</span> <span class='ocrx_word' id='word_1_315' title='bbox 306 3469 455 3536; x_wconf 89' lang='lat' dir='ltr'>omnibus</span> <span class='ocrx_word' id='word_1_316' title='bbox 472 3473 557 3538; x_wconf 88' lang='lat' dir='ltr'>clare</span> <span class='ocrx_word' id='word_1_317' title='bbox 575 3473 759 3538; x_wconf 88' lang='lat' dir='ltr'>videntibus</span> <span class='ocrx_word' id='word_1_318' title='bbox 778 3472 966 3537; x_wconf 89' lang='lat' dir='ltr'>manifestus</span> <span class='ocrx_word' id='word_1_319' title='bbox 984 3475 1054 3554; x_wconf 91' lang='lat' dir='ltr'>erit,</span> <span class='ocrx_word' id='word_1_320' title='bbox 1070 3470 1160 3537; x_wconf 89' lang='lat' dir='ltr'>illum</span> <span class='ocrx_word' id='word_1_321' title='bbox 1185 3494 1248 3536; x_wconf 92' lang='lat' dir='ltr'>non</span> <span class='ocrx_word' id='word_1_322' title='bbox 1266 3495 1363 3537; x_wconf 87' lang='lat' dir='ltr'>causa</span> <span class='ocrx_word' id='word_1_323' title='bbox 1386 3473 1505 3536; x_wconf 90' lang='lat' dir='ltr'>amoris</span> <span class='ocrx_word' id='word_1_324' title='bbox 1519 3471 1579 3552; x_wconf 88' lang='lat' dir='ltr'>dei,</span> <span class='ocrx_word' id='word_1_325' title='bbox 1603 3471 1659 3536; x_wconf 90' lang='lat' dir='ltr'>sed</span> <span class='ocrx_word' id='word_1_326' title='bbox 1680 3468 1841 3534; x_wconf 85' lang='lat' dir='ltr'>diabolico</span> 
     </span>
     <span class='ocr_line' id='line_1_28' title="bbox 157 3575 1836 3665; baseline 0.001 -28"><span class='ocrx_word' id='word_1_327' title='bbox 157 3576 288 3639; x_wconf 86' lang='lat' dir='ltr'>instictu</span> <span class='ocrx_word' id='word_1_328' title='bbox 315 3575 398 3642; x_wconf 90' lang='lat' dir='ltr'>velle</span> <span class='ocrx_word' id='word_1_329' title='bbox 419 3577 540 3642; x_wconf 86' lang='lat' dir='ltr'>destrui</span> <span class='ocrx_word' id='word_1_330' title='bbox 565 3577 626 3644; x_wconf 90' lang='lat' dir='ltr'>hoc</span> <span class='ocrx_word' id='word_1_331' title='bbox 658 3578 743 3665; x_wconf 91' lang='lat' dir='ltr'>quod</span> <span class='ocrx_word' id='word_1_332' title='bbox 777 3579 925 3662; x_wconf 88' lang='lat' dir='ltr'>congruit</span> <span class='ocrx_word' id='word_1_333' title='bbox 955 3576 1050 3641; x_wconf 88' lang='lat' dir='ltr'>saluti</span> <span class='ocrx_word' id='word_1_334' title='bbox 1083 3580 1225 3641; x_wconf 90' lang='lat' dir='ltr'>omnium</span> <span class='ocrx_word' id='word_1_335' title='bbox 1256 3587 1415 3657; x_wconf 90' lang='lat' dir='ltr'>nostrum;</span> <span class='ocrx_word' id='word_1_336' title='bbox 1441 3585 1472 3640; x_wconf 91' lang='lat' dir='ltr'>et</span> <span class='ocrx_word' id='word_1_337' title='bbox 1504 3575 1623 3640; x_wconf 86' lang='lat' dir='ltr'>idcirco</span> <span class='ocrx_word' id='word_1_338' title='bbox 1648 3575 1737 3640; x_wconf 91' lang='lat' dir='ltr'>illum</span> <span class='ocrx_word' id='word_1_339' title='bbox 1761 3597 1836 3638; x_wconf 83' lang='lat' dir='ltr'>ene-</span> 
     </span>
     <span class='ocr_line' id='line_1_29' title="bbox 155 3679 1839 3770; baseline 0 -26"><span class='ocrx_word' id='word_1_340' title='bbox 155 3679 307 3745; x_wconf 89' lang='lat' dir='ltr'>tbematis</span> <span class='ocrx_word' id='word_1_341' title='bbox 321 3683 455 3747; x_wconf 83' lang='lat' dir='ltr'>verbere</span> <span class='ocrx_word' id='word_1_342' title='bbox 469 3685 512 3770; x_wconf 75' lang='lat' dir='ltr'>(i)</span> <span class='ocrx_word' id='word_1_343' title='bbox 526 3684 670 3766; x_wconf 85' lang='lat' dir='ltr'>fecimus,</span> <span class='ocrx_word' id='word_1_344' title='bbox 688 3693 722 3748; x_wconf 88' lang='lat' dir='ltr'>ut</span> <span class='ocrx_word' id='word_1_345' title='bbox 735 3685 762 3748; x_wconf 91' lang='lat' dir='ltr'>si</span> <span class='ocrx_word' id='word_1_346' title='bbox 779 3683 896 3768; x_wconf 90' lang='lat' dir='ltr'>corrigi</span> <span class='ocrx_word' id='word_1_347' title='bbox 913 3681 1060 3762; x_wconf 85' lang='lat' dir='ltr'>voluerit,</span> <span class='ocrx_word' id='word_1_348' title='bbox 1078 3693 1110 3747; x_wconf 88' lang='lat' dir='ltr'>et</span> <span class='ocrx_word' id='word_1_349' title='bbox 1125 3684 1172 3746; x_wconf 88' lang='lat' dir='ltr'>eis</span> <span class='ocrx_word' id='word_1_350' title='bbox 1188 3681 1228 3745; x_wconf 89' lang='lat' dir='ltr'>de</span> <span class='ocrx_word' id='word_1_351' title='bbox 1247 3681 1306 3745; x_wconf 88' lang='lat' dir='ltr'>hae</span> <span class='ocrx_word' id='word_1_352' title='bbox 1319 3703 1352 3745; x_wconf 88' lang='lat' dir='ltr'>re</span> <span class='ocrx_word' id='word_1_353' title='bbox 1365 3679 1585 3745; x_wconf 73' lang='lat' dir='ltr'>contradicere</span> <span class='ocrx_word' id='word_1_354' title='bbox 1599 3681 1839 3767; x_wconf 85' lang='lat' dir='ltr'>presumpserit,</span> 
     </span>
     <span class='ocr_line' id='line_1_30' title="bbox 156 3783 1841 3873; baseline -0.001 -23"><span class='ocrx_word' id='word_1_355' title='bbox 156 3797 189 3850; x_wconf 89' lang='lat' dir='ltr'>et</span> <span class='ocrx_word' id='word_1_356' title='bbox 213 3788 324 3873; x_wconf 88' lang='lat' dir='ltr'>eisque</span> <span class='ocrx_word' id='word_1_357' title='bbox 349 3789 399 3852; x_wconf 87' lang='lat' dir='ltr'>vel</span> <span class='ocrx_word' id='word_1_358' title='bbox 424 3790 667 3854; x_wconf 89' lang='lat' dir='ltr'>successoribus</span> <span class='ocrx_word' id='word_1_359' title='bbox 684 3811 793 3854; x_wconf 90' lang='lat' dir='ltr'>eorum</span> <span class='ocrx_word' id='word_1_360' title='bbox 815 3787 994 3852; x_wconf 88' lang='lat' dir='ltr'>molestiam</span> <span class='ocrx_word' id='word_1_361' title='bbox 1012 3787 1129 3852; x_wconf 86' lang='lat' dir='ltr'>inferre</span> <span class='ocrx_word' id='word_1_362' title='bbox 1149 3789 1363 3868; x_wconf 83' lang='lat' dir='ltr'>attentauerit,</span> <span class='ocrx_word' id='word_1_363' title='bbox 1382 3786 1502 3872; x_wconf 88' lang='lat' dir='ltr'>ubique</span> <span class='ocrx_word' id='word_1_364' title='bbox 1526 3809 1599 3850; x_wconf 87' lang='lat' dir='ltr'>eum</span> <span class='ocrx_word' id='word_1_365' title='bbox 1624 3783 1841 3872; x_wconf 86' lang='lat' dir='ltr'>subsequatur</span> 
     </span>
     <span class='ocr_line' id='line_1_31' title="bbox 156 3890 1834 3980; baseline -0.001 -26"><span class='ocrx_word' id='word_1_366' title='bbox 156 3890 340 3956; x_wconf 89' lang='lat' dir='ltr'>maledictio</span> <span class='ocrx_word' id='word_1_367' title='bbox 359 3895 458 3977; x_wconf 86' lang='lat' dir='ltr'>patris</span> <span class='ocrx_word' id='word_1_368' title='bbox 482 3903 514 3959; x_wconf 91' lang='lat' dir='ltr'>et</span> <span class='ocrx_word' id='word_1_369' title='bbox 536 3893 593 3958; x_wconf 86' lang='lat' dir='ltr'>filii</span> <span class='ocrx_word' id='word_1_370' title='bbox 616 3903 648 3957; x_wconf 90' lang='lat' dir='ltr'>et</span> <span class='ocrx_word' id='word_1_371' title='bbox 665 3894 796 3980; x_wconf 86' lang='lat' dir='ltr'>spiritus</span> <span class='ocrx_word' id='word_1_372' title='bbox 813 3896 925 3977; x_wconf 89' lang='lat' dir='ltr'>sancti,</span> <span class='ocrx_word' id='word_1_373' title='bbox 942 3902 974 3958; x_wconf 91' lang='lat' dir='ltr'>et</span> <span class='ocrx_word' id='word_1_374' title='bbox 990 3902 1164 3958; x_wconf 88' lang='lat' dir='ltr'>extraneus</span> <span class='ocrx_word' id='word_1_375' title='bbox 1182 3895 1224 3956; x_wconf 94' lang='lat' dir='ltr'>sit</span> <span class='ocrx_word' id='word_1_376' title='bbox 1238 3893 1279 3956; x_wconf 83' lang='lat' dir='ltr'>ab</span> <span class='ocrx_word' id='word_1_377' title='bbox 1296 3891 1432 3958; x_wconf 87' lang='lat' dir='ltr'>ecclesie</span> <span class='ocrx_word' id='word_1_378' title='bbox 1448 3893 1510 3970; x_wconf 88' lang='lat' dir='ltr'>dei,</span> <span class='ocrx_word' id='word_1_379' title='bbox 1524 3902 1621 3979; x_wconf 85' lang='lat' dir='ltr'>atque</span> <span class='ocrx_word' id='word_1_380' title='bbox 1645 3901 1834 3975; x_wconf 87' lang='lat' dir='ltr'>segregatus</span> 
     </span>
     <span class='ocr_line' id='line_1_32' title="bbox 153 3994 1838 4090; baseline -0.001 -31"><span class='ocrx_word' id='word_1_381' title='bbox 153 3995 195 4060; x_wconf 91' lang='lat' dir='ltr'>de</span> <span class='ocrx_word' id='word_1_382' title='bbox 219 4001 380 4062; x_wconf 89' lang='lat' dir='ltr'>consortio</span> <span class='ocrx_word' id='word_1_383' title='bbox 402 4001 494 4084; x_wconf 88' lang='lat' dir='ltr'>regni</span> <span class='ocrx_word' id='word_1_384' title='bbox 516 3999 643 4064; x_wconf 89' lang='lat' dir='ltr'>celestis</span> <span class='ocrx_word' id='word_1_385' title='bbox 665 4011 697 4063; x_wconf 90' lang='lat' dir='ltr'>et</span> <span class='ocrx_word' id='word_1_386' title='bbox 720 4000 948 4064; x_wconf 90' lang='lat' dir='ltr'>communione</span> <span class='ocrx_word' id='word_1_387' title='bbox 983 4001 1149 4063; x_wconf 87' lang='lat' dir='ltr'>iustorum.</span> <span class='ocrx_word' id='word_1_388' title='bbox 1175 3997 1246 4090; x_wconf 75' lang='lat' dir='ltr'>Hoc</span> <span class='ocrx_word' id='word_1_389' title='bbox 1270 4006 1319 4060; x_wconf 88' lang='lat' dir='ltr'>est</span> <span class='ocrx_word' id='word_1_390' title='bbox 1346 3997 1486 4084; x_wconf 86' lang='lat' dir='ltr'>speciale</span> <span class='ocrx_word' id='word_1_391' title='bbox 1510 3995 1674 4061; x_wconf 87' lang='lat' dir='ltr'>decretum</span> <span class='ocrx_word' id='word_1_392' title='bbox 1699 3994 1838 4083; x_wconf 88' lang='lat' dir='ltr'>promul·</span> 
     </span>
     <span class='ocr_line' id='line_1_33' title="bbox 152 4103 1840 4191; baseline 0.001 -28"><span class='ocrx_word' id='word_1_393' title='bbox 152 4111 264 4185; x_wconf 85' lang='lat' dir='ltr'>getam</span> <span class='ocrx_word' id='word_1_394' title='bbox 288 4125 307 4164; x_wconf 93' lang='lat' dir='ltr'>a</span> <span class='ocrx_word' id='word_1_395' title='bbox 331 4103 423 4168; x_wconf 88' lang='lat' dir='ltr'>nobis</span> <span class='ocrx_word' id='word_1_396' title='bbox 441 4103 590 4168; x_wconf 91' lang='lat' dir='ltr'>omnibus</span> <span class='ocrx_word' id='word_1_397' title='bbox 607 4103 775 4186; x_wconf 90' lang='lat' dir='ltr'>iudicibus,</span> <span class='ocrx_word' id='word_1_398' title='bbox 793 4103 1020 4191; x_wconf 89' lang='lat' dir='ltr'>nobilibusque</span> <span class='ocrx_word' id='word_1_399' title='bbox 1037 4103 1219 4190; x_wconf 86' lang='lat' dir='ltr'>supradicte</span> <span class='ocrx_word' id='word_1_400' title='bbox 1236 4104 1385 4180; x_wconf 88' lang='lat' dir='ltr'>ciuitatis,</span> <span class='ocrx_word' id='word_1_401' title='bbox 1403 4103 1555 4186; x_wconf 90' lang='lat' dir='ltr'>scriptum</span> <span class='ocrx_word' id='word_1_402' title='bbox 1580 4111 1629 4166; x_wconf 92' lang='lat' dir='ltr'>est</span> <span class='ocrx_word' id='word_1_403' title='bbox 1652 4125 1709 4189; x_wconf 88' lang='lat' dir='ltr'>per</span> <span class='ocrx_word' id='word_1_404' title='bbox 1726 4105 1840 4165; x_wconf 76' lang='lat' dir='ltr'>menu⁸</span> 
     </span>
     <span class='ocr_line' id='line_1_34' title="bbox 152 4206 1448 4294; baseline 0.002 -25"><span class='ocrx_word' id='word_1_405' title='bbox 152 4206 240 4270; x_wconf 89' lang='lat' dir='ltr'>Petri</span> <span class='ocrx_word' id='word_1_406' title='bbox 264 4207 391 4273; x_wconf 87' lang='lat' dir='ltr'>diaconi</span> <span class='ocrx_word' id='word_1_407' title='bbox 415 4219 447 4273; x_wconf 89' lang='lat' dir='ltr'>et</span> <span class='ocrx_word' id='word_1_408' title='bbox 470 4211 595 4274; x_wconf 87' lang='lat' dir='ltr'>notarii.</span> <span class='ocrx_word' id='word_1_409' title='bbox 628 4207 745 4274; x_wconf 82' lang='lat' dir='ltr'>Actum</span> <span class='ocrx_word' id='word_1_410' title='bbox 770 4232 880 4274; x_wconf 90' lang='lat' dir='ltr'>mense</span> <span class='ocrx_word' id='word_1_411' title='bbox 904 4219 936 4274; x_wconf 90' lang='lat' dir='ltr'>et</span> <span class='ocrx_word' id='word_1_412' title='bbox 959 4209 1133 4274; x_wconf 91' lang='lat' dir='ltr'>indictione</span> <span class='ocrx_word' id='word_1_413' title='bbox 1152 4231 1249 4294; x_wconf 88' lang='lat' dir='ltr'>supra</span> <span class='ocrx_word' id='word_1_414' title='bbox 1274 4212 1448 4272; x_wconf 82' lang='lat' dir='ltr'>nominate.</span> 
     </span>
    </p>
   </div>
   <div class='ocr_carea' id='block_1_4' title="bbox 152 4327 1921 4504">
    <p class='ocr_par' dir='ltr' id='par_1_4' title="bbox 152 4327 1921 4504">
     <span class='ocr_line' id='line_1_35' title="bbox 311 4327 1921 4427; baseline -0.003 -30"><span class='ocrx_word' id='word_1_415' title='bbox 311 4331 491 4427; x_wconf 84' lang='lat' dir='ltr'>†Signum</span> <span class='ocrx_word' id='word_1_416' title='bbox 517 4357 629 4398; x_wconf 90' lang='lat' dir='ltr'>manus</span> <span class='ocrx_word' id='word_1_417' title='bbox 653 4336 777 4412; x_wconf 90' lang='lat' dir='ltr'>Disinii,</span> <span class='ocrx_word' id='word_1_418' title='bbox 796 4332 853 4397; x_wconf 86' lang='lat' dir='ltr'>lilii</span> <span class='ocrx_word' id='word_1_419' title='bbox 870 4331 980 4397; x_wconf 92' lang='lat' dir='ltr'>domni</span> <span class='ocrx_word' id='word_1_420' title='bbox 997 4331 1092 4396; x_wconf 90' lang='lat' dir='ltr'>Petri.</span> <span class='ocrx_word' id='word_1_421' title='bbox 1116 4331 1135 4412; x_wconf 93' lang='lat'><em>†</em></span> <span class='ocrx_word' id='word_1_422' title='bbox 1159 4329 1293 4414; x_wconf 87' lang='lat' dir='ltr'>Signum</span> <span class='ocrx_word' id='word_1_423' title='bbox 1318 4351 1431 4394; x_wconf 89' lang='lat' dir='ltr'>manus</span> <span class='ocrx_word' id='word_1_424' title='bbox 1448 4329 1557 4394; x_wconf 91' lang='lat' dir='ltr'>domni</span> <span class='ocrx_word' id='word_1_425' title='bbox 1578 4327 1750 4410; x_wconf 91' lang='lat' dir='ltr'>Valentini,</span> <span class='ocrx_word' id='word_1_426' title='bbox 1775 4327 1833 4393; x_wconf 87' lang='lat' dir='ltr'>lilii</span> <span class='ocrx_word' id='word_1_427' title='bbox 1916 4391 1921 4398; x_wconf 75' lang='grc'><strong>,</strong></span> 
     </span>
     <span class='ocr_line' id='line_1_36' title="bbox 152 4436 437 4504; baseline 0.014 -4"><span class='ocrx_word' id='word_1_428' title='bbox 152 4436 260 4502; x_wconf 92' lang='lat' dir='ltr'>domni</span> <span class='ocrx_word' id='word_1_429' title='bbox 287 4437 437 4504; x_wconf 84' lang='lat' dir='ltr'>Geruasi.</span> 
     </span>
    </p>
   </div>
   <div class='ocr_carea' id='block_1_5' title="bbox 149 4553 1834 5296">
    <p class='ocr_par' dir='ltr' id='par_1_5' title="bbox 151 4553 1834 4750">
     <span class='ocr_line' id='line_1_37' title="bbox 311 4553 1834 4648; baseline -0.005 -22"><span class='ocrx_word' id='word_1_430' title='bbox 311 4567 331 4644; x_wconf 92' lang='lat'><strong>†</strong></span> <span class='ocrx_word' id='word_1_431' title='bbox 355 4561 489 4648; x_wconf 88' lang='lat' dir='ltr'>Signum</span> <span class='ocrx_word' id='word_1_432' title='bbox 514 4585 628 4626; x_wconf 91' lang='lat' dir='ltr'>manus</span> <span class='ocrx_word' id='word_1_433' title='bbox 652 4561 759 4625; x_wconf 91' lang='lat' dir='ltr'>domni</span> <span class='ocrx_word' id='word_1_434' title='bbox 786 4561 862 4626; x_wconf 88' lang='lat' dir='ltr'>Ursi</span> <span class='ocrx_word' id='word_1_435' title='bbox 893 4559 1080 4626; x_wconf 90' lang='lat' dir='ltr'>sacerdotis.</span> <span class='ocrx_word' id='word_1_436' title='bbox 1104 4562 1125 4642; x_wconf 87' lang='lat'>†</span> <span class='ocrx_word' id='word_1_437' title='bbox 1148 4557 1283 4643; x_wconf 86' lang='lat' dir='ltr'>Signum</span> <span class='ocrx_word' id='word_1_438' title='bbox 1308 4580 1421 4622; x_wconf 87' lang='lat' dir='ltr'>manus</span> <span class='ocrx_word' id='word_1_439' title='bbox 1444 4556 1553 4620; x_wconf 91' lang='lat' dir='ltr'>domni</span> <span class='ocrx_word' id='word_1_440' title='bbox 1586 4553 1765 4642; x_wconf 88' lang='lat' dir='ltr'>Lampridii</span> <span class='ocrx_word' id='word_1_441' title='bbox 1789 4557 1834 4619; x_wconf 89' lang='lat' dir='ltr'>vi·</span> 
     </span>
     <span class='ocr_line' id='line_1_38' title="bbox 151 4667 571 4750; baseline 0.007 -20"><span class='ocrx_word' id='word_1_442' title='bbox 151 4669 239 4750; x_wconf 89' lang='lat' dir='ltr'>carii,</span> <span class='ocrx_word' id='word_1_443' title='bbox 264 4667 322 4732; x_wconf 87' lang='lat' dir='ltr'>lilii</span> <span class='ocrx_word' id='word_1_444' title='bbox 340 4668 448 4734; x_wconf 90' lang='lat' dir='ltr'>domni</span> <span class='ocrx_word' id='word_1_445' title='bbox 470 4667 571 4733; x_wconf 83' lang='lat' dir='ltr'>Bilze.</span> 
     </span>
    </p>

    <p class='ocr_par' dir='ltr' id='par_1_6' title="bbox 149 4783 1832 5296">
     <span class='ocr_line' id='line_1_39' title="bbox 309 4783 1832 4876; baseline -0.005 -20"><span class='ocrx_word' id='word_1_446' title='bbox 309 4792 329 4872; x_wconf 90' lang='lat'><strong>†</strong></span> <span class='ocrx_word' id='word_1_447' title='bbox 354 4789 489 4876; x_wconf 88' lang='lat' dir='ltr'>Signum</span> <span class='ocrx_word' id='word_1_448' title='bbox 515 4813 627 4854; x_wconf 92' lang='lat' dir='ltr'>manus</span> <span class='ocrx_word' id='word_1_449' title='bbox 650 4790 757 4854; x_wconf 75' lang='lat' dir='ltr'>domiti</span> <span class='ocrx_word' id='word_1_450' title='bbox 782 4789 913 4854; x_wconf 85' lang='lat' dir='ltr'>Andree</span> <span class='ocrx_word' id='word_1_451' title='bbox 936 4787 1113 4852; x_wconf 89' lang='lat' dir='ltr'>Desimani.</span> <span class='ocrx_word' id='word_1_452' title='bbox 1138 4791 1159 4868; x_wconf 91' lang='lat'>†</span> <span class='ocrx_word' id='word_1_453' title='bbox 1182 4787 1318 4872; x_wconf 91' lang='lat' dir='ltr'>Signum</span> <span class='ocrx_word' id='word_1_454' title='bbox 1336 4809 1449 4850; x_wconf 89' lang='lat' dir='ltr'>manus</span> <span class='ocrx_word' id='word_1_455' title='bbox 1468 4785 1623 4868; x_wconf 80' lang='lat' dir='ltr'>Feruens,</span> <span class='ocrx_word' id='word_1_456' title='bbox 1640 4785 1698 4849; x_wconf 88' lang='lat' dir='ltr'>filii</span> <span class='ocrx_word' id='word_1_457' title='bbox 1723 4783 1832 4849; x_wconf 90' lang='lat' dir='ltr'>domni</span> 
     </span>
     <span class='ocr_line' id='line_1_40' title="bbox 151 4889 1832 4982; baseline -0.004 -23"><span class='ocrx_word' id='word_1_458' title='bbox 151 4893 316 4982; x_wconf 89' lang='lat' dir='ltr'>Stephani.</span> <span class='ocrx_word' id='word_1_459' title='bbox 340 4899 361 4976; x_wconf 90' lang='lat'><strong>†</strong></span> <span class='ocrx_word' id='word_1_460' title='bbox 382 4895 518 4982; x_wconf 88' lang='lat' dir='ltr'>Signum</span> <span class='ocrx_word' id='word_1_461' title='bbox 545 4917 659 4961; x_wconf 82' lang='lat' dir='ltr'>menes</span> <span class='ocrx_word' id='word_1_462' title='bbox 686 4895 823 4962; x_wconf 88' lang='lat' dir='ltr'>Joannis</span> <span class='ocrx_word' id='word_1_463' title='bbox 846 4895 970 4959; x_wconf 87' lang='lat' dir='ltr'>vicarii.</span> <span class='ocrx_word' id='word_1_464' title='bbox 991 4897 1013 4976; x_wconf 90' lang='lat'>†</span> <span class='ocrx_word' id='word_1_465' title='bbox 1036 4893 1107 4978; x_wconf 78' lang='lat' dir='ltr'>Ego</span> <span class='ocrx_word' id='word_1_466' title='bbox 1123 4892 1265 4974; x_wconf 86' lang='lat' dir='ltr'>Andrea,</span> <span class='ocrx_word' id='word_1_467' title='bbox 1290 4891 1376 4956; x_wconf 90' lang='lat' dir='ltr'>filius</span> <span class='ocrx_word' id='word_1_468' title='bbox 1400 4891 1509 4956; x_wconf 90' lang='lat' dir='ltr'>domni</span> <span class='ocrx_word' id='word_1_469' title='bbox 1534 4891 1693 4956; x_wconf 85' lang='lat' dir='ltr'>Gernasii.</span> <span class='ocrx_word' id='word_1_470' title='bbox 1717 4893 1738 4970; x_wconf 80' lang='lat'><em>†</em></span> <span class='ocrx_word' id='word_1_471' title='bbox 1761 4889 1832 4974; x_wconf 84' lang='lat' dir='ltr'>Ego</span> 
     </span>
     <span class='ocr_line' id='line_1_41' title="bbox 150 4987 1829 5087; baseline -0.005 -23"><span class='ocrx_word' id='word_1_472' title='bbox 150 4999 293 5065; x_wconf 90' lang='lat' dir='ltr'>Bucinus</span> <span class='ocrx_word' id='word_1_473' title='bbox 328 5003 420 5065; x_wconf 88' lang='lat' dir='ltr'>testis</span> <span class='ocrx_word' id='word_1_474' title='bbox 444 5023 524 5067; x_wconf 60' lang='lat' dir='ltr'>sum,</span> <span class='ocrx_word' id='word_1_475' title='bbox 549 5005 570 5084; x_wconf 93' lang='lat'>†</span> <span class='ocrx_word' id='word_1_476' title='bbox 594 5000 665 5086; x_wconf 87' lang='lat' dir='ltr'>Ego</span> <span class='ocrx_word' id='word_1_477' title='bbox 689 5001 821 5087; x_wconf 85' lang='lat' dir='ltr'>Lephus</span> <span class='ocrx_word' id='word_1_478' title='bbox 845 5001 936 5065; x_wconf 88' lang='lat' dir='ltr'>testis</span> <span class='ocrx_word' id='word_1_479' title='bbox 959 5021 1084 5064; x_wconf 86' lang='lat' dir='ltr'>sum—</span> <span class='ocrx_word' id='word_1_480' title='bbox 1105 4999 1171 5061; x_wconf 90' lang='lat' dir='ltr'>-l</span> <span class='ocrx_word' id='word_1_481' title='bbox 1196 4997 1265 5062; x_wconf 82' lang='lat' dir='ltr'>kx</span> <span class='ocrx_word' id='word_1_482' title='bbox 1289 4995 1299 5060; x_wconf 98' lang='lat' dir='ltr'>l</span> <span class='ocrx_word' id='word_1_483' title='bbox 1324 4996 1343 5060; x_wconf 91' lang='lat' dir='ltr'>d</span> <span class='ocrx_word' id='word_1_484' title='bbox 1368 5020 1429 5083; x_wconf 92' lang='lat' dir='ltr'>pn</span> <span class='ocrx_word' id='word_1_485' title='bbox 1456 5019 1522 5082; x_wconf 84' lang='lat' dir='ltr'>px</span> <span class='ocrx_word' id='word_1_486' title='bbox 1546 5019 1567 5082; x_wconf 91' lang='lat' dir='ltr'>p</span> <span class='ocrx_word' id='word_1_487' title='bbox 1591 5019 1606 5059; x_wconf 91' lang='lat' dir='ltr'>s</span> <span class='ocrx_word' id='word_1_488' title='bbox 1627 4995 1647 5058; x_wconf 93' lang='lat' dir='ltr'>b</span> <span class='ocrx_word' id='word_1_489' title='bbox 1672 5031 1714 5043; x_wconf 93' lang='lat'>-</span> <span class='ocrx_word' id='word_1_490' title='bbox 1738 4987 1829 5058; x_wconf 88' lang='lat' dir='ltr'>testis</span> 
     </span>
     <span class='ocr_line' id='line_1_42' title="bbox 150 5099 1830 5190; baseline -0.004 -20"><span class='ocrx_word' id='word_1_491' title='bbox 150 5127 230 5171; x_wconf 88' lang='lat' dir='ltr'>sum.</span> <span class='ocrx_word' id='word_1_492' title='bbox 261 5109 282 5188; x_wconf 81' lang='lat'>†</span> <span class='ocrx_word' id='word_1_493' title='bbox 312 5106 471 5186; x_wconf 71' lang='lat' dir='ltr'>daunpesu,</span> <span class='ocrx_word' id='word_1_494' title='bbox 505 5105 539 5170; x_wconf 90' lang='lat' dir='ltr'>fil</span> <span class='ocrx_word' id='word_1_495' title='bbox 562 5104 694 5170; x_wconf 87' lang='lat' dir='ltr'>Andree</span> <span class='ocrx_word' id='word_1_496' title='bbox 727 5105 855 5172; x_wconf 87' lang='lat' dir='ltr'>Saraca.</span> <span class='ocrx_word' id='word_1_497' title='bbox 884 5108 905 5187; x_wconf 91' lang='lat'>†</span> <span class='ocrx_word' id='word_1_498' title='bbox 936 5103 1070 5190; x_wconf 90' lang='lat' dir='ltr'>Signum</span> <span class='ocrx_word' id='word_1_499' title='bbox 1096 5125 1209 5168; x_wconf 90' lang='lat' dir='ltr'>manus</span> <span class='ocrx_word' id='word_1_500' title='bbox 1244 5101 1384 5184; x_wconf 89' lang='lat' dir='ltr'>Andree,</span> <span class='ocrx_word' id='word_1_501' title='bbox 1409 5101 1467 5166; x_wconf 89' lang='lat' dir='ltr'>filii</span> <span class='ocrx_word' id='word_1_502' title='bbox 1500 5099 1680 5186; x_wconf 82' lang='lat' dir='ltr'>presbyteri</span> <span class='ocrx_word' id='word_1_503' title='bbox 1715 5099 1830 5163; x_wconf 88' lang='lat' dir='ltr'>notari.</span> 
     </span>
     <span class='ocr_line' id='line_1_43' title="bbox 149 5203 1831 5296; baseline -0.007 -22"><span class='ocrx_word' id='word_1_504' title='bbox 149 5211 327 5296; x_wconf 88' lang='lat' dir='ltr'>†Signum</span> <span class='ocrx_word' id='word_1_505' title='bbox 359 5233 473 5277; x_wconf 88' lang='lat' dir='ltr'>manus</span> <span class='ocrx_word' id='word_1_506' title='bbox 492 5211 622 5277; x_wconf 90' lang='lat' dir='ltr'>Proculi</span> <span class='ocrx_word' id='word_1_507' title='bbox 652 5211 708 5278; x_wconf 89' lang='lat' dir='ltr'>filii</span> <span class='ocrx_word' id='word_1_508' title='bbox 742 5212 851 5276; x_wconf 88' lang='lat' dir='ltr'>domni</span> <span class='ocrx_word' id='word_1_509' title='bbox 883 5211 980 5275; x_wconf 92' lang='lat' dir='ltr'>Petri.</span> <span class='ocrx_word' id='word_1_510' title='bbox 1012 5211 1031 5290; x_wconf 86' lang='lat'>†</span> <span class='ocrx_word' id='word_1_511' title='bbox 1063 5208 1198 5294; x_wconf 89' lang='lat' dir='ltr'>Signum</span> <span class='ocrx_word' id='word_1_512' title='bbox 1231 5230 1344 5272; x_wconf 91' lang='lat' dir='ltr'>manus</span> <span class='ocrx_word' id='word_1_513' title='bbox 1374 5205 1554 5291; x_wconf 89' lang='lat' dir='ltr'>Lampridii</span> <span class='ocrx_word' id='word_1_514' title='bbox 1592 5205 1633 5268; x_wconf 90' lang='lat' dir='ltr'>de</span> <span class='ocrx_word' id='word_1_515' title='bbox 1656 5203 1831 5268; x_wconf 78' lang='lat' dir='ltr'>Geniaara.</span> 
     </span>
    </p>
   </div>
   <div class='ocr_carea' id='block_1_6' title="bbox 150 5306 1830 5404">
    <p class='ocr_par' dir='ltr' id='par_1_7' title="bbox 150 5306 1830 5404">
     <span class='ocr_line' id='line_1_44' title="bbox 150 5306 1830 5404; baseline -0.005 -24"><span class='ocrx_word' id='word_1_516' title='bbox 150 5315 327 5404; x_wconf 84' lang='lat' dir='ltr'>†Signum</span> <span class='ocrx_word' id='word_1_517' title='bbox 364 5339 478 5382; x_wconf 85' lang='lat' dir='ltr'>manus</span> <span class='ocrx_word' id='word_1_518' title='bbox 513 5317 643 5382; x_wconf 86' lang='lat' dir='ltr'>Andree</span> <span class='ocrx_word' id='word_1_519' title='bbox 678 5317 718 5382; x_wconf 92' lang='lat' dir='ltr'>de</span> <span class='ocrx_word' id='word_1_520' title='bbox 748 5315 987 5382; x_wconf 89' lang='lat' dir='ltr'>archidiacono.</span> <span class='ocrx_word' id='word_1_521' title='bbox 1017 5313 1195 5400; x_wconf 88' lang='lat' dir='ltr'>†Signum</span> <span class='ocrx_word' id='word_1_522' title='bbox 1226 5334 1338 5376; x_wconf 91' lang='lat' dir='ltr'>manus</span> <span class='ocrx_word' id='word_1_523' title='bbox 1363 5310 1537 5388; x_wconf 90' lang='lat' dir='ltr'>Dominici,</span> <span class='ocrx_word' id='word_1_524' title='bbox 1568 5308 1625 5373; x_wconf 91' lang='lat' dir='ltr'>filii</span> <span class='ocrx_word' id='word_1_525' title='bbox 1650 5306 1766 5372; x_wconf 91' lang='lat' dir='ltr'>Vitalis</span> <span class='ocrx_word' id='word_1_526' title='bbox 1790 5307 1830 5372; x_wconf 90' lang='lat' dir='ltr'>de</span> 
     </span>
    </p>
   </div>
   <div class='ocr_carea' id='block_1_7' title="bbox 0 0 2160 5918">
    <p class='ocr_par' dir='ltr' id='par_1_8' title="bbox 0 0 2160 5918">
     <span class='ocr_line' id='line_1_45' title="bbox 0 0 2160 5918; baseline 0 0"><span class='ocrx_word' id='word_1_527' title='bbox 0 0 2160 5918; x_wconf 95' lang='lat' dir='ltr'> </span> 
     </span>
    </p>
   </div>
  </div>
 </body>
</html>
