4254 5922
807 609 1033 696 ccxxvl.
1060 611 1178 695 1000.

295 763 382 840 Mujo
405 771 475 842 opat
494 784 537 826 ao.
562 767 722 828 Krteoanu
742 767 914 842 pressimb'e
934 767 1140 828 eomoetuustu
1162 763 1307 838 semljr'tta
1328 781 1371 824 uo
1390 766 1479 826 otoku
1501 764 1689 826 Psatimoou.

312 911 474 998 Tempore
497 933 561 998 quo
584 911 689 978 Maius
724 912 857 978 oenobiu
880 911 966 978 beati
1001 910 1176 998 Grisogoni
1203 911 1304 979 abbas
1336 921 1413 991 erat,
1443 909 1573 977 suerunt
1604 909 1745 998 qnidam,
1770 908 1825 998 qui

151 1015 344 1082 vinolebant
367 1017 442 1104 (sio)
467 1018 506 1084 de
532 1020 710 1102 territoriis,
734 1040 796 1106 que
823 1029 897 1084 sunt
919 1019 952 1082 in
975 1018 1081 1084 insula
1101 1019 1289 1096 Pustimani‚
1313 1039 1376 1104 que
1399 1016 1532 1083 dederat
1554 1017 1723 1104 episeopus
1748 1015 1825 1082 Pre-

153 1123 302 1188 staunius
325 1145 395 1188 eum
420 1124 517 1188 fratre
539 1147 597 1190 suo
622 1124 735 1190 Μοὶοο
766 1123 859 1190 beato
883 1123 1075 1208 Grisogeno,
1109 1133 1231 1211 partem
1263 1123 1325 1188 sibi
1349 1144 1513 1210 usurpare,
1538 1131 1570 1188 et
1595 1124 1657 1188 iam
1679 1131 1832 1208 ceperant

150 1225 196 1294 ibi
222 1227 381 1294 laborare.
405 1229 574 1296 Predintus
591 1241 699 1296 autem
722 1230 824 1296 abbas
848 1229 908 1296 beo
930 1239 965 1295 ut
988 1229 1080 1312 vidit,
1105 1229 1201 1296 valde
1224 1231 1430 1296 contristatus
1453 1239 1511 1312 est,
1537 1239 1569 1294 et
1593 1228 1728 1294 oonsilio
1751 1229 1830 1295 inito

150 1353 226 1398 eum
251 1333 419 1400 monachis
442 1335 520 1415 suis,
544 1336 700 1424 quosdam
725 1333 849 1400 nobiles
883 1337 971 1400 viros
995 1335 1170 1400 iadretinos
1193 1333 1271 1400 illue
1293 1357 1402 1401 seeum
1427 1337 1537 1402 venire
1559 1336 1698 1420 rogauit.
1721 1333 1830 1424 Atque

7 1457 30 1520 ;·
151 1440 307 1506 nauicula
329 1463 464 1508 assensa
487 1463 559 1507 oum
583 1443 630 1508 eis
652 1453 683 1508 et
703 1465 776 1508 eum
794 1441 959 1506 muuaobis
975 1443 1042 1506 suis
1058 1439 1137 1506 illue
1156 1442 1313 1527 peruenit,
1338 1451 1370 1507 et
1392 1464 1478 1522 eoos,
1503 1463 1566 1529 que
1589 1443 1652 1507 iam
1677 1449 1831 1528 ceperant

152 1548 235 1612 fines
259 1549 412 1612 territorii
429 1549 533 1614 saneti
549 1527 720 1634 Grisogoni
734 1547 890 1630 laborare,
906 1547 1011 1614 foreas
1031 1547 1193 1627 eminuerit,
1214 1569 1354 1612 neo'non
1378 1569 1450 1612 eum
1474 1547 1602 1613 decreto
1625 1546 1753 1614 illorum
1777 1569 1830 1612 nn-

149 1649 265 1716 bilium
292 1663 325 1716 et
347 1651 583 1719 collaudatione
615 1675 726 1718 eorum
764 1651 939 1720 oollonelas
975 1654 1044 1719 siue
1067 1676 1211 1732 aceruos,
1236 1655 1291 1740 qui
1324 1653 1451 1718 fuerant
1482 1653 1524 1719 ab
1547 1652 1752 1720 inuasoribus
1774 1655 1831 1719 im·
1871 1727 1873 1730 .

148 1766 281 1822 memte
300 1757 353 1822 vel
376 1757 547 1840 destructa,
572 1760 627 1824 ubi
644 1761 732 1846 prius
749 1768 912 1839 steterant,
938 1769 1119 1842 erexerunt,
1143 1769 1175 1824 ot
1197 1759 1342 1824 terminis
1366 1759 1511 1845 predinte
1533 1761 1693 1826 territoria
1716 1759 1830 1826 lustra·

148 1874 280 1945 nerant,
310 1887 330 1928 a
362 1887 448 1930 mare
479 1888 592 1931 versus
627 1865 756 1930 boream
788 1886 892 1952 usque
924 1863 965 1928 ad
997 1863 1101 1929 locum
1132 1864 1236 1930 tribus
1266 1863 1414 1945 vallibus,
1440 1863 1528 1952 quod
1551 1867 1656 1930 estin
1680 1868 1830 1930 sumitate

150 1971 323 2052 montium,
347 1980 379 2035 et
404 1993 505 2058 usque
529 1970 571 2035 ad
594 1993 683 2036 mare
705 1971 747 2036 ad
771 1970 876 2038 losum
900 1973 956 2058 qui
979 1971 1096 2037 dieitur
1112 1969 1259 2054 Pectine,
1275 1993 1391 2038 vorsus
1410 1981 1556 2037 austrum
1578 1971 1620 2037 ab
1644 1971 1782 2038 ecelesia
1803 1995 1828 2038 s.

149 2074 326 2141 Michaelis
349 2099 452 2164 usque
475 2077 516 2142 ad
542 2087 681 2143 montem
706 2080 761 2166 qui
785 2079 902 2144 dieitur
925 2075 1211 2166 Gadiniehiusqua
1227 2077 1268 2142 ad
1289 2100 1386 2160 mare,
1413 2087 1446 2143 et
1470 2079 1503 2142 in
1527 2077 1658 2143 sinistra
1680 2079 1833 2142 terminos

150 2191 269 2263 terras,
294 2193 427 2264 montes,
453 2193 486 2248 et
508 2182 618 2264 valles,
645 2169 678 2248 el
700 2183 807 2250 nullus
831 2184 891 2252 fuit
915 2187 970 2274 qui
994 2184 1055 2252 hoe
1079 2185 1242 2252 decretum
1266 2205 1412 2270 rumpere
1437 2205 1493 2250 sen
1518 2181 1642 2250 violare
1666 2205 1830 2270 presump-

150 2287 261 2368 sisset,
287 2311 360 2352 nam
386 2291 516 2354 nomina
538 2288 673 2373 illorum,
701 2291 755 2376 qui
780 2313 853 2356 enm
876 2289 995 2357 abbate
1017 2291 1146 2357 fuerunt
1167 2301 1200 2356 et
1221 2290 1282 2356 hee
1306 2299 1495 2372 statuerunt,
1519 2289 1579 2354 beo
1603 2300 1694 2354 eunt:
1719 2287 1831 2375 Draga

149 2395 251 2480 prior,
276 2392 392 2459 Vitaaa
414 2396 511 2481 prior,
535 2395 681 2460 Desinna
717 2397 825 2480 iudex,
850 2395 959 2462 Mieba
983 2397 1092 2478 iudex,
1126 2396 1238 2463 Cando
1270 2395 1476 2480 Bodauellue,
1506 2393 1653 2480 Cometa,
1684 2393 1777 2466 Slora
1800 2405 1833 2461 et

149 2497 206 2564 alii
230 2497 337 2565 multi.
362 2498 444 2564 (lum
468 2499 588 2566 abbate
610 2523 687 2566 vero
717 2523 775 2566 auo
799 2501 928 2568 fuerunt
947 2505 1073 2582 monaci
1105 2502 1166 2570 hii:
1191 2501 1383 2568 Benedictus
1407 2503 1566 2591 presbiter
1588 2511 1621 2568 et
1643 2500 1831 2582 monachus,
1857 2510 1860 2516 '

152 2602 306 2670 Gandius
329 2605 491 2691 presbiter
512 2604 546 2670 et
569 2605 745 2672 monaobus
768 2607 878 2672 etalii
902 2607 1019 2695 plures.

313 2752 340 2812 U
362 2753 531 2810 starinslrom
557 2761 707 2812 montanea
729 2774 747 2812 u
770 2755 869 2812 arkivu
892 2754 1067 2827 aadarskoga
1088 2754 1246 2828 gubernija.
1269 2755 1337 2828 Cap.
1360 2757 1398 2812 ll.
1422 2755 1471 2812 Nr.
1498 2755 1545 2810 12.

623 3015 824 3100 CCXVII.
852 3015 964 3099 1007.
992 3017 1177 3118 mleseoa
1203 3015 1368 3117 srana.

319 3171 425 3237 Lovro
459 3172 596 3256 heredis,
631 3175 760 3238 natiuis
795 3175 912 3262 svojim
935 3173 1107 3262 pesinltom
1140 3171 1313 3238 Boleslava
1347 3173 1481 3258 Rodiae,
1513 3175 1622 3259 (irriso
1658 3173 1831 3260 prepisano

155 3277 295 3365 Prodin)
320 3277 440 3344 darova
464 3301 582 3344 ovomu
606 3279 708 3345 orlavu
733 3304 780 3346 av.
799 3281 981 3346 Martinau
1005 3261 1149 3361 Sumatu,
1167 3281 1221 3367 koj
1240 3280 1390 3348 Boleslav
1407 3283 1528 3348 dareve
1543 3291 1619 3369 opst
1641 3283 1705 3346 istu
1728 3279 1831 3346 erkvu

156 3383 364 3471 kalndjerom
388 3407 435 3450 ev.
472 3385 654 3452 Benedilrta
687 3409 707 3451 u
737 3387 913 3469 Lokrumu,
949 3410 985 3450 aa
1012 3387 1107 3452 ssimi
1130 3386 1152 3450 ls
1176 3388 1250 3474 istoj
1275 3387 1367 3452 arlsvi
1390 3388 1633 3476 pripadajudimi
1659 3385 1831 3472 aemljami,

155 3491 225 3574 seli,
260 3489 440 3576 vinogradi‚
473 3490 663 3577 podlotnioi,
696 3516 732 3557 sa
763 3493 828 3557 200
861 3493 993 3574 ovaoah,
1026 3491 1122 3556 devet
1152 3492 1306 3577 robovab,
1336 3499 1404 3560 test
1434 3493 1570 3560 uolovah
1594 3495 1604 3558 i
1627 3493 1671 3559 34
1693 3491 1830 3558 kravah.

155 3597 301 3684 Mjeseca
324 3599 435 3686 srpuja
458 3621 478 3663 u
500 3598 646 3686 indilseiji
664 3604 764 3688 oemoj
783 3600 907 3686 (1097).
932 3600 1066 3687 Kasnije
1083 3600 1225 3688 postavti
1249 3601 1355 3666 retteni
1379 3598 1528 3664 Boleslav
1553 3600 1657 3665 Bodin
1680 3597 1828 3686 lsraljem‚

155 3704 286 3790 potvrdi
310 3725 372 3768 ovo
397 3705 573 3794 darevanje
596 3706 714 3792 godins
742 3707 824 3774 1100
847 3729 867 3770 ιι
891 3705 1038 3793 indikeiji
1063 3707 1164 3794 oemoj
1189 3704 1310 3795 (gledaj
1335 3705 1445 3772 listinu
1469 3729 1500 3794 g.
1528 3705 1635 3792 1100).

314 3861 343 3916 Ia
365 3861 516 3935 rukopiea:
541 3862 656 3938 Spogiio
684 3863 759 3922 delle
780 3863 909 3922 scritura
931 3865 960 3920 di
982 3865 1128 3922 Laeroma.
1239 3883 1243 3892 ·

656 4094 926 4180 uoxxurrs.
954 4098 1067 4184 roeo.
1095 4099 1132 4183 u
1159 4101 1340 4204 spuere.

159 4273 325 4350 sperarem·
348 4259 753 4348 sustentamentum
775 4275 874 4337 aaran
903 4279 1004 4339 saraa
1026 4281 1170 4349 ursana,
1192 4280 1296 4354 possa
1320 4298 1342 4338 a
1360 4271 1570 4353 pomaredus
1593 4278 1626 4336 su
1641 4277 1707 4338 ave
1726 4279 1827 4352 quus,

579 4383 640 4441 lead
659 4381 801 4443 mletudloo
824 4387 911 4444 rutae
933 4385 1079 4458 brodoolje
1101 4387 1196 4461 stipae
1213 4385 1291 4460 pred
1312 4383 1416 4458 Spliet.

315 4537 382 4602 Nos
406 4536 556 4624 spalatini
589 4537 724 4624 priores,
749 4537 872 4604 seilicet
891 4541 998 4604 senior
1024 4549 1056 4604 et
1079 4541 1192 4617 iunior,
1216 4561 1289 4604 eum
1314 4548 1429 4605 caneto
1453 4538 1580 4626 populo,
1602 4539 1777 4606 maioribus
1800 4549 1832 4605 et

161 4645 347 4728 minoribus,
366 4645 578 4731 promittimus
602 4644 695 4710 vobis
718 4644 849 4710 domino
874 4657 982 4710 nostro
1006 4645 1104 4712 Vitali
1128 4645 1289 4726 Michaeli,
1319 4644 1458 4732 glorioso
1482 4643 1555 4709 dnei
1580 4643 1714 4710 Venetia
1737 4655 1834 4732 atque

159 4751 320 4816 Dalmatia
354 4752 423 4814 siue
466 4749 617 4816 Obroatis
651 4761 684 4815 et
718 4749 874 4837 imperiali
911 4749 1203 4832 Protboseuastori,
1239 4761 1290 4833 ut,
1326 4773 1398 4816 eum
1430 4751 1554 4816 venerit
1590 4751 1690 4817 stolus
1726 4761 1834 4818 vester

160 4855 334 4942 Spalatum,
358 4879 417 4922 nos
441 4879 612 4944 preparare
632 4856 808 4922 debeamus
832 4879 926 4920 unam
951 4857 1104 4942 saginam,
1128 4857 1180 4924 vel
1203 4857 1283 4924 duas
1310 4856 1432 4941 galleas
1454 4856 1534 4921 alias
1557 4857 1598 4922 ad
1635 4857 1830 4923 veniendum

162 4962 347 5045 vobiscum3
371 4971 494 5028 tantum
518 4973 625 5027 tamen
655 4964 687 5027 in
712 4963 915 5049 prouidentia
934 4973 1041 5028 vestra
1058 4964 1107 5044 sit,
1124 4983 1204 5049 quas
1228 4961 1353 5027 illarum
1378 4962 1546 5029 vobiscum
1569 4962 1687 5028 ducere
1711 4961 1830 5028 velitis.

163 5066 256 5146 Quod
288 5071 313 5132 si
345 5067 407 5133 hoe
440 5090 504 5134 non
537 5067 827 5152 obseruauerimus‚
860 5077 937 5134 tune
962 5091 1154 5156 componere
1184 5066 1359 5135 debeamus
1390 5070 1421 5134 in
1446 5091 1574 5135 camera
1597 5071 1696 5134 vestri
1719 5069 1831 5157 palatii

163 5173 280 5238 solidos
304 5183 487 5242 romanatos
510 5173 608 5240 mille.
632 5175 676 5241 Et
699 5175 759 5242 heo
790 5177 1010 5264 permissionis
1034 5175 1157 5242 cartula
1178 5177 1210 5242 in
1235 5199 1293 5242 sua
1314 5176 1464 5244 firmitate
1485 5185 1681 5268 parmaneat.

270 5373 279 5411 ¹
296 5376 358 5436 Oba
375 5377 499 5451 tivljahu
520 5397 549 5452 g.
576 5379 650 5440 986.
