4300 5930
316 429 379 496 126

315 619 502 709 Dyonisius,
528 619 761 684 illustrissimus
787 621 835 683 vir
860 619 1028 685 Dalmacie
1052 631 1082 686 et
1107 618 1264 686 Chroacic
1287 619 1401 699 banus,
1440 644 1489 685 me
1524 619 1715 707 pristoldum
1749 623 1917 686 constituit
1954 631 1988 684 et

253 745 258 754 ·
319 726 451 791 tradidit
471 723 595 790 Marino
620 725 803 789 venerando
827 724 935 790 abbati
961 727 1085 791 cenobii
1116 727 1218 791 sancti
1250 725 1421 812 Orisogoni
1453 729 1492 790 de
1525 727 1655 809 Jadera,
1689 750 1786 813 super
1817 727 1986 813 quandam

322 843 443 897 curtem
467 835 499 896 in
522 831 671 912 Bardam,
696 841 876 896 manentem
900 832 940 896 ad
971 832 1087 915 locum,
1113 835 1167 919 qui
1198 833 1314 898 dicitur
1344 833 1515 916 Sliunicus,
1547 853 1642 920 qnam
1675 833 1851 898 Druzinico
1887 832 1987 913 dedo,

315 963 372 1028 pro
393 963 449 1005 sue
472 941 579 1004 anime
602 939 744 1003 remedio
768 961 841 1003 cum
865 961 1001 1004 assensu
1025 937 1190 1003 Oresimiri
1221 941 1306 1023 regis
1338 943 1532 1005 monasterio
1569 941 1653 1005 beati
1691 939 1861 1024 crisogoni
1899 961 1989 1003 mar-

316 1049 385 1112 tiris
409 1056 562 1134 perpetuo
587 1046 813 1132 possidendam
838 1045 1024 1128 tradiderat,
1051 1047 1131 1110 sicut
1153 1043 1185 1110 in
1208 1049 1367 1112 autentico
1389 1049 1507 1132 scripto
1532 1045 1650 1112 exinde
1673 1047 1758 1111 facto
1790 1047 1986 1112 continetur.

316 1151 410 1217 Hanc
433 1165 539 1218 autem
563 1151 739 1238 predictam
764 1162 885 1217 curtem
910 1175 980 1216 curn
1007 1173 1063 1237 per
1086 1150 1183 1237 longa
1206 1175 1360 1216 annorum
1387 1153 1546 1218 curricula
1570 1156 1638 1219 iure
1670 1147 1882 1240 proprietario
1914 1156 1988 1217 sine

316 1259 462 1324 molestia
482 1259 662 1344 possideret
685 1268 717 1322 et
738 1257 898 1322 frueretur
920 1257 1105 1322 venerabile
1129 1259 1357 1323 monasterium
1382 1260 1467 1324 beati
1490 1257 1669 1346 Orisogoni,
1693 1259 1781 1326 etde
1805 1264 1876 1347 ipsa
1892 1258 1989 1324 nulla

319 1365 423 1432 eidem
446 1366 639 1430 monasterio
663 1365 823 1428 contentio
847 1365 888 1428 ab
912 1363 985 1427 olim
1011 1373 1080 1428 orta
1104 1375 1204 1447 esset;
1228 1360 1374 1428 Zudonia
1398 1364 1569 1448 Kerbozic,
1594 1367 1649 1452 qui
1671 1368 1762 1430 iuxta
1779 1367 1901 1452 proprii
1924 1389 1985 1430 no·

319 1473 415 1536 minis
438 1453 654 1554 etimologiam
675 1491 812 1555 nequam
834 1471 966 1534 sortitus
990 1479 1039 1534 eet
1061 1493 1187 1550 nomen,
1211 1469 1371 1535 diabolico
1403 1473 1565 1553 instinctu,
1598 1473 1766 1557 ignorante
1801 1471 1920 1536 abbate
1955 1481 1988 1534 et

317 1577 469 1642 fratribus
493 1577 658 1644 memorati
681 1575 816 1658 cenobii,
840 1575 927 1640 illam
949 1574 1031 1640 clam
1056 1574 1196 1662 Georgia
1220 1575 1358 1662 Scioppe
1374 1585 1406 1641 et
1429 1571 1608 1644 Prostantio
1625 1577 1784 1643 (iridosce
1800 1600 1857 1664 pro
1875 1579 1987 1664 precio

319 1683 395 1750 XX.
421 1693 658 1749 romanatornm
681 1685 751 1746 auri
774 1682 973 1746 vendiderat.
999 1681 1093 1762 Quod
1118 1703 1189 1746 cum
1212 1683 1253 1747 ad
1271 1705 1365 1748 aures
1396 1683 1510 1768 prefati
1534 1683 1660 1749 abbatis
1695 1685 1907 1770 peruenisset,
1943 1681 1985 1746 ad

317 1791 514 1876 presenciam
540 1787 715 1875 pretitulati
738 1787 858 1854 domini
884 1789 945 1852 mei
967 1787 1043 1851 bani
1068 1787 1207 1852 Dionisii
1231 1783 1397 1870 accedens,
1415 1771 1647 1874 querimoniam
1664 1789 1813 1876 deposuit
1828 1789 1988 1854 aduersus

319 1895 454 1961 eundem
476 1894 655 1959 Zudoniam
681 1903 900 1980 usurpatorem
925 1894 1070 1980 predicte
1092 1896 1203 1977 curtis,
1229 1893 1392 1959 humiliter
1416 1907 1447 1958 et
1478 1906 1660 1960 constanter
1695 1895 1873 1982 postulans,
1909 1919 1988 1982 qua·

317 2005 402 2066 tinus
426 2002 653 2064 monasterium
679 2003 781 2064 sancti
805 2001 978 2083 Grisogoui
1002 2023 1021 2063 a
1045 2001 1111 2063 suis
1135 1999 1228 2064 bonis
1253 2009 1317 2064 tarn
1342 2003 1458 2066 iniuste
1478 2011 1510 2064 et
1533 2014 1643 2065 contra
1663 2002 1757 2066 deum
1781 2003 1813 2066 in
1830 2025 1888 2066 suo
1908 2013 1988 2066 tem·

318 2130 394 2193 pore
417 2106 583 2192 expoliare
607 2129 669 2170 non
694 2107 892 2170 concederet.
919 2104 1037 2169 Verum
1063 2107 1140 2193 quia
1163 2105 1311 2170 dominus
1332 2129 1421 2170 meus
1446 2107 1548 2171 banus
1573 2109 1731 2172 iusticiam
1765 2107 1922 2193 diligebat
1956 2121 1988 2170 et

316 2196 448 2278 semitas
472 2213 592 2276 domini
618 2213 717 2276 nostri
741 2211 819 2276 Bele
840 2213 1035 2276 serenissimi
1060 2213 1146 2296 regis
1170 2211 1361 2294 sectabatur,
1379 2211 1484 2276 eidem
1499 2211 1656 2290 Zudonia,
1673 2217 1727 2300 qui
1748 2237 1881 2299 presens
1906 2226 1986 2293 erat,

316 2320 404 2384 dedit
430 2321 461 2383 in
481 2319 649 2400 mandatis,
675 2329 709 2381 ut
731 2317 839 2382 abbati
865 2320 931 2381 suis
955 2317 1089 2380 iusticiis
1113 2328 1186 2380 aute
1210 2336 1303 2381 suum
1327 2341 1462 2382 examen
1491 2321 1534 2382 ita
1558 2318 1694 2404 pleniter
1724 2330 1756 2382 et
1787 2319 1989 2384 sufficienter

315 2425 515 2512 respondere
538 2425 642 2506 debet,
667 2435 702 2488 ut
723 2427 802 2488 iram
828 2425 880 2488 dei
904 2435 936 2487 et
959 2425 1213 2508 indignationem
1250 2445 1314 2488 nou
1349 2426 1534 2488 incurreret.
1569 2425 1643 2510 lpse
1675 2447 1804 2510 quoque
1837 2423 1990 2490 Zudonia

316 2555 446 2596 causam
471 2533 502 2594 in
527 2531 656 2616 longum
680 2531 869 2616 pretendere
901 2533 1042 2616 cupiens,
1068 2542 1181 2616 putans
1217 2529 1384 2594 fallacibus
1421 2533 1642 2595 occasionibus
1678 2528 1826 2612 euadere,
1864 2537 1910 2594 ait
1944 2531 1988 2594 ad

317 2639 453 2703 barrum:
478 2637 654 2723 Propinqui
680 2639 751 2716 mei,
775 2637 891 2722 quibus
916 2640 1004 2702 sicut
1022 2647 1052 2700 et
1077 2636 1172 2700 michi
1196 2639 1357 2723 possessio
1383 2635 1437 2699 illa
1460 2637 1568 2718 atinst,
1584 2635 1735 2701 absentes
1755 2648 1838 2719 sunt,
1861 2637 1989 2722 absque

317 2765 452 2830 quorum
477 2744 609 2807 consilio
634 2755 665 2807 et
687 2745 769 2808 scire
793 2744 921 2807 domino
946 2743 1056 2807 abbati
1078 2743 1272 2829 respondere
1297 2765 1430 2830 nequeo,
1455 2742 1511 2814 sed
1536 2742 1681 2806 inducias
1707 2748 1788 2828 peto,
1807 2753 1841 2806 ut
1857 2745 1989 2807 interim

317 2851 551 2914 communicato
577 2872 647 2912 curn
673 2851 718 2912 eis
743 2849 885 2930 consilio,
910 2872 1014 2914 coram
1039 2851 1199 2935 presentia
1223 2864 1330 2912 vestra
1352 2848 1392 2911 ad
1411 2851 1606 2932 interrogata
1629 2849 1826 2914 sufficienter
1844 2850 1930 2936 loqui
1955 2852 1991 2912 et

317 2955 515 3044 respondere
535 2957 704 3040 possimus.
729 2954 789 3018 His
813 2955 930 3018 auditis
955 2955 1058 3019 banus
1082 2957 1227 3040 petitioni
1249 2957 1316 3018 eius
1337 2977 1504 3019 assensum
1530 2955 1664 3040 prebuit,
1695 2954 1808 3033 locans,
1829 2967 1861 3019 et
1892 2955 1988 3040 prefi-

317 3085 402 3148 gens
426 3063 455 3124 ei
479 3063 659 3142 terminum,
684 3071 717 3124 ut
742 3071 813 3146 post
837 3072 907 3124 octo
932 3060 1001 3123 dies
1022 3061 1129 3124 abbati
1155 3064 1309 3125 rationem
1334 3060 1536 3124 exhibiturus
1569 3060 1739 3125 accederet
1769 3061 1811 3126 ad
1835 3061 1989 3141 Berdam,

318 3191 355 3233 eo
381 3166 459 3250 loco,
487 3163 603 3252 inquo
630 3167 730 3229 banus
756 3165 926 3230 multorum
951 3165 1067 3252 placita
1091 3167 1231 3232 diffinire
1248 3178 1465 3253 proposuerat.
1487 3159 1597 3231 ¹Primo
1614 3179 1720 3231 autem
1737 3171 1988 3254 superueniente

324 3276 471 3352 termino,
495 3277 570 3338 ecce
589 3271 737 3336 Zudonia
760 3293 832 3337 cum
854 3274 1003 3356 venisset,
1029 3273 1137 3338 retulit
1160 3276 1355 3360 propinquos
1378 3295 1453 3338 suos
1477 3272 1601 3336 abesse.
1626 3272 1685 3336 Oui
1709 3273 1857 3337 dominus
1890 3295 1985 3337 meus

318 3380 430 3462 banus,
455 3379 631 3450 secundum
656 3380 766 3443 statuit
790 3389 821 3443 et
843 3378 973 3464 prefixit
1004 3382 1185 3461 terminum,
1210 3379 1250 3442 ad
1275 3379 1377 3444 locum
1403 3381 1458 3465 qui
1483 3378 1599 3442 dicitur
1622 3375 1751 3459 Yarani,
1775 3389 1809 3442 ut
1832 3401 1906 3443 cum
1929 3377 1987 3442 ab·

319 3488 393 3553 batc
416 3508 545 3551 oausam
572 3485 706 3550 intraret
728 3495 760 3550 et
783 3509 839 3550 sue
863 3484 1062 3550 celsitudinis
1086 3509 1223 3551 examen
1248 3485 1378 3550 subiret.
1403 3483 1554 3548 Ter-cium
1579 3506 1706 3570 quoque
1729 3481 1848 3549 locauit
1871 3490 1901 3548 ei
1925 3495 1989 3549 ter-

243 3638 248 3650 ·
319 3597 438 3659 minum
463 3592 504 3657 ad
528 3593 633 3657 locum
656 3594 711 3677 qui
736 3575 852 3656 dicitur
878 3594 911 3656 in
935 3592 1061 3677 vulgari
1084 3591 1269 3657 sclauouica
1292 3591 1404 3655 Dobra
1427 3612 1532 3673 gorra,
1557 3589 1671 3670 taliter,
1691 3589 1777 3675 quod
1800 3592 1862 3654 nisi
1875 3591 1989 3655 abbati

318 3723 426 3765 coram
446 3722 502 3764 sue
526 3699 757 3782 magnitudinis
781 3699 941 3784 presentia
964 3719 1175 3784 responsurus
1201 3708 1233 3762 et
1255 3699 1417 3761 racionem
1441 3695 1583 3759 facturus
1608 3697 1740 3775 veniret,
1765 3717 1896 3760 causam
1921 3719 1990 3762 om·
2024 3695 2029 3710 '

319 3809 395 3872 nino
418 3809 588 3886 amitteret,
614 3815 645 3868 et
669 3805 708 3867 de
732 3815 837 3869 cetero
862 3805 959 3870 nullis
983 3803 1180 3890 temporibus
1201 3805 1402 3869 audienciam
1427 3802 1467 3867 de
1492 3801 1552 3866 hoc
1576 3801 1717 3866 haberet.
1742 3801 1892 3867 Ceterum
1910 3827 1985 3867 cum

319 3913 420 3979 abbas
444 3935 507 3976 non
532 3914 601 3976 sine
626 3933 741 3996 magno
764 3913 889 3976 itineris
914 3909 1023 3976 labore
1043 3923 1074 3975 et
1105 3910 1292 3976 difficultate
1323 3908 1475 3974 sectando
1512 3908 1586 3972 bani
1617 3911 1803 3994 preceptum
1835 3909 1879 3972 ad
1914 3909 1987 3974 loca

319 4019 544 4106 predesignata
566 4020 774 4104 peruenisset,
798 4028 830 4082 et
852 4028 982 4103 paratus
1006 4029 1105 4083 staret
1128 4019 1160 4082 in
1183 4016 1324 4084 secundo
1347 4027 1379 4081 et
1402 4017 1502 4081 tercio
1525 4017 1660 4080 termino
1681 4017 1839 4082 rationem
1856 4039 1990 4106 suscep·
2059 4001 2063 4009 ⁸

323 4135 431 4208 turus,
455 4123 602 4188 Zudonia
625 4146 685 4188 nec
708 4121 791 4187 ullus
815 4145 871 4210 pro
895 4147 933 4189 co
957 4123 998 4188 ad
1022 4125 1198 4190 secundum
1222 4133 1253 4188 ct
1275 4126 1408 4188 tercium
1433 4125 1617 4202 terminum,
1653 4124 1708 4208 qui
1741 4121 1873 4186 ultimus
1908 4137 1987 4205 erat,

318 4233 427 4295 venire
450 4231 559 4294 voluit.
585 4227 628 4292 Et
652 4232 802 4316 quoniam
827 4231 1009 4317 sepedictus
1028 4228 1173 4295 Zudonia
1195 4229 1236 4294 ad
1260 4229 1406 4294 ultimum
1437 4231 1608 4293 terminum
1640 4229 1750 4293 venire
1781 4232 1986 4316 contempsit,

320 4345 353 4400 et
375 4335 476 4400 abbas
500 4345 570 4421 post
601 4346 671 4400 octo
696 4335 765 4400 dies
791 4337 852 4400 iam
876 4336 981 4426 lassus
1004 4359 1126 4402 moram
1148 4335 1353 4401 fecissetnon
1377 4335 1543 4411 modicam,
1557 4333 1703 4398 dominus
1726 4333 1828 4398 banus
1853 4335 1894 4400 de
1911 4358 1986 4401 con·

322 4441 393 4506 silio
418 4453 449 4506 et
470 4441 589 4506 indicio
614 4451 799 4506 cunctorum
823 4444 1013 4528 iupanorum
1038 4441 1217 4523 Sclauonie,
1241 4443 1295 4528 qui
1334 4453 1498 4528 presentes
1535 4450 1633 4522 erant,
1671 4461 1727 4525 per
1765 4440 1987 4508 inuiolabilern

323 4549 513 4612 sententiam
537 4546 742 4636 adiudqicauit,
767 4559 802 4612 ut
826 4551 1052 4614 monasterium
1077 4547 1162 4614 beati
1185 4547 1356 4632 Orisogoni
1380 4546 1611 4612 rationabiliter
1635 4557 1666 4610 et
1690 4549 1797 4633 quiete
1820 4551 1986 4634 perpetuis

318 4653 517 4740 temporibus
541 4652 659 4718 habeat
682 4665 713 4718 et
738 4653 902 4739 possideat
924 4655 1119 4740 sepedictam
1143 4667 1274 4719 curtem.
1299 4653 1334 4718 In
1356 4676 1419 4740 qua
1440 4676 1500 4738 ego
1524 4652 1728 4732 Dedomirus,
1752 4653 1806 4739 qui
1822 4677 1842 4717 a
1856 4651 1987 4718 domino

319 4783 390 4825 meo
413 4759 497 4824 bano
521 4757 679 4845 Dyonisio
703 4759 878 4845 pristoldus
902 4760 994 4824 datus
1020 4783 1100 4841 sum,
1125 4783 1189 4825 una
1218 4785 1289 4826 cum
1322 4760 1412 4824 Luca
1444 4760 1650 4838 subdiacono,
1680 4759 1747 4824 filio
1781 4757 1893 4842 Gecre,
1930 4783 1988 4846 per

320 4863 426 4932 baculi
448 4867 632 4930 firmitatem
656 4865 881 4930 inuestiuimus
900 4866 1051 4931 domnum
1076 4865 1270 4952 Obligauum
1295 4865 1490 4952 prepositum
1521 4863 1664 4930 eiusdem
1699 4867 1895 4948 monasterii,
1929 4865 1984 4952 qui

318 4973 460 5036 iussione
485 4969 611 5036 abbatis
635 4981 666 5036 et
688 4981 875 5037 cunctorum
899 4973 1032 5037 fratrum
1057 4995 1128 5038 cum
1152 4973 1311 5038 Saraceno
1325 4969 1478 5055 Cobilaci,
1502 4983 1533 5036 et
1549 4967 1693 5038 Dimiuia
1709 4971 1802 5036 Maza
1818 4971 1851 5036 in
1869 4983 1983 5058 pectus

319 5078 396 5162 (sic)
420 5075 585 5142 monachis
610 5089 751 5142 venerat.
777 5077 906 5142 Prefata
929 5089 1033 5143 autem
1058 5081 1147 5143 curia
1169 5082 1201 5142 in
1225 5077 1309 5142 hunc
1332 5078 1461 5143 modum
1485 5078 1652 5162 designata
1676 5090 1741 5144 est:
1765 5101 1808 5144 ex
1831 5079 1980 5144 orientali

321 5183 420 5271 plaga
444 5181 484 5248 ad
509 5195 652 5248 austrum
675 5179 773 5247 habet
797 5207 894 5248 unum
919 5184 1047 5264 iontem,
1072 5183 1187 5270 inquo
1213 5183 1297 5249 fonte
1332 5195 1407 5268 sunt
1430 5197 1493 5248 tres
1528 5187 1593 5249 viui
1629 5183 1751 5272 lapides
1786 5188 1818 5250 in
1855 5189 1988 5252 modum

319 5290 487 5382 graduum,
511 5290 700 5378 inquorum
725 5269 881 5376 sirperiori
904 5301 953 5355 est
976 5289 1133 5376 sculptum
1154 5292 1256 5356 sancti
1280 5287 1454 5378 Grisogoui
1478 5295 1616 5377 signum,
1646 5291 1769 5360 scilicet
1792 5291 1831 5359 (l.
1864 5293 1986 5382 littera,
