4350 5932
1812 475 1852 542 15

38 673 44 686 '
163 663 276 732 ordine
300 667 369 732 sinc
392 665 500 752 aliqua
523 673 555 731 te
578 667 779 732 instituimus
802 651 1009 732 altercatione
1044 666 1178 731 restitui.
1204 663 1268 730 Sed
1291 665 1369 750 quia
1391 685 1501 728 rursus
1525 673 1602 730 anto
1626 687 1689 730 non
1719 665 1852 734 multum

166 773 321 857 temporis
346 775 493 858 spatium,
517 771 559 836 ad
584 793 749 837 romanam
766 771 929 838 ciuitatem
942 771 1084 854 veniens,
1108 771 1148 838 de
1172 769 1334 859 aliquibus
1358 769 1423 834 illic
1441 771 1522 836 actis
1546 772 1733 856 incongrue,
1757 772 1849 838 etde

166 899 332 942 sacrorum
344 900 378 942 es
395 887 589 964 conquestus
605 877 798 942 alienatione
818 898 988 954 vasorum;
1009 885 1106 964 atque
1122 876 1201 942 dom
1218 898 1276 962 pro
1295 874 1356 939 bac
1371 897 1416 956 re,
1433 896 1516 960 quae
1532 876 1596 940 tuis
1613 875 1849 942 obiectionibus

166 981 364 1068 respondere
387 984 573 1069 potuissent,
599 983 830 1048 sustineremus
843 983 874 1045 in
889 979 951 1046 bac
966 983 1096 1047 ciuitate
1123 1003 1286 1068 personas,
1303 979 1428 1046 Natalis
1444 981 1614 1066 episcopus
1637 990 1711 1046 tuus
1734 981 1774 1046 de
1790 980 1851 1048 bac

168 1085 242 1152 luce
267 1088 427 1174 migrauit,
448 1089 664 1152 necessarium
686 1086 901 1152 iudicauimus
923 1086 1053 1152 easdem
1069 1088 1319 1174 praeceptiones,
1341 1095 1406 1150 tam
1419 1085 1598 1151 decessoris
1621 1087 1732 1170 nostri,
1756 1109 1852 1174 quam

166 1202 306 1274 nostras,
324 1215 405 1278 quas
422 1191 553 1272 dudum,
572 1202 607 1258 ut
621 1192 742 1256 dictum
759 1199 817 1271 est,
835 1213 893 1278 pro
910 1200 965 1256 tua
980 1192 1180 1258 absolutione
1196 1193 1442 1272 transmisimus,
1459 1191 1683 1276 praesentibus
1699 1191 1852 1278 deinceps

167 1297 316 1382 apicibus
340 1297 540 1362 confirmare.
565 1296 784 1376 Quamobrem
807 1321 828 1360 a
851 1298 975 1362 cunctis
995 1299 1053 1363 tibi
1084 1297 1219 1364 obiectis
1242 1295 1392 1383 capitulis
1425 1304 1456 1362 te
1489 1295 1614 1382 plenius
1644 1295 1851 1364 absoluentes

166 1405 201 1466 in
224 1403 272 1467 tui
294 1413 326 1468 te
349 1402 473 1468 ordinis
496 1402 599 1487 mado
623 1404 692 1468 sine
725 1401 834 1489 aliqua
856 1401 1005 1467 volumus
1028 1401 1235 1467 altercatione
1263 1423 1462 1488 permanere,
1487 1410 1522 1466 ut
1539 1400 1616 1466 nibil
1641 1401 1698 1468 tibi
1722 1399 1852 1489 penitus

166 1515 256 1572 mota
277 1530 297 1572 a
317 1506 461 1594 praefato
484 1509 556 1572 viro
580 1507 706 1592 questio
724 1505 868 1592 qualibet
894 1507 1062 1572 occasione
1095 1505 1301 1591 praeiudicet.
1333 1505 1384 1570 De
1414 1507 1461 1570 eis
1491 1515 1598 1572 autem
1631 1506 1790 1592 capitulis,
1813 1507 1854 1572 de

166 1611 288 1698 quibus
317 1618 513 1698 conquestus
538 1633 583 1695 es,
613 1609 777 1676 Antonino
810 1610 1008 1676 subdiacono
1037 1620 1069 1676 et
1098 1612 1215 1676 rectori
1238 1610 1323 1676 illius
1345 1612 1529 1696 patrimonii
1553 1621 1692 1696 sanotae,
1717 1613 1769 1678 cui
1793 1611 1853 1678 deo

167 1729 305 1784 auctore
329 1718 559 1804 praesidemus,
583 1715 750 1799 ecclesiae,
775 1717 932 1782 instanter
954 1718 1170 1799 iniunximus,
1202 1725 1238 1782 ut
1271 1718 1298 1780 si
1329 1715 1459 1802 quidem
1484 1719 1517 1781 in
1536 1715 1588 1780 his
1617 1716 1854 1782 ecclesiasticas

165 1825 330 1890 inuenerit
345 1825 510 1888 immixtas
536 1845 607 1888 esse
631 1845 794 1908 personas,
823 1845 896 1886 cum
920 1844 1045 1886 summa
1069 1843 1181 1888 causas
1198 1824 1285 1908 ipsas
1308 1820 1506 1888 districtione
1537 1831 1633 1909 atque
1664 1824 1855 1888 auctoritate

89 1907 95 1924 “
167 1929 317 1994 diffiniat
332 1927 388 1994 Sin
412 1938 518 1993 autem
532 1911 605 1992 cum
618 1926 735 1992 talibus
751 1949 803 1992 res
815 1928 930 2010 agitur,
947 1929 1072 2014 inques
1089 1925 1305 1992 ecclesiastice
1322 1928 1415 2012 vigor
1430 1949 1493 1992 non
1509 1929 1612 2013 possit
1626 1927 1855 1994 iurisdictionis

166 2035 312 2116 extendi,
337 2033 377 2100 de
402 2035 538 2120 singulis
561 2032 743 2118 quibusque
767 2031 915 2117 capitulis
939 2031 1146 2117 probationes
1170 2034 1253 2097 inter
1276 2030 1406 2118 publica
1426 2041 1518 2116 gesta
1539 2032 1719 2118 depossitas
1735 2032 1776 2096 ad
1794 2055 1853 2097 nos

165 2139 293 2224 absque
315 2138 381 2204 ulla
403 2137 558 2204 dilatione
591 2139 783 2220 transmitat,
818 2147 853 2202 ut
876 2139 1023 2202 instructi
1055 2137 1216 2204 subtiliter
1246 2137 1387 2202 sciamus
1410 2136 1488 2223 quid
1518 2135 1559 2202 de
1583 2136 1632 2202 his
1664 2135 1851 2222 debeamus,

166 2241 300 2308 Christo
323 2243 511 2326 auxiliante,
535 2242 717 2328 disponere.

327 2373 419 2428 Mansi
442 2371 579 2428 collectio
605 2371 714 2429 Concil.
738 2371 774 2429 T.
799 2371 850 2428 IX.
875 2376 927 2428 str.
953 2371 1048 2428 1131.

668 2573 835 2656 XXIII.
864 2573 954 2659 593.
982 2511 1170 2678 mjeseca
1198 2575 1350 2676 srpnja
1410 2511 1415 2517 Ι

349 2738 449 2814 Gryur
471 2738 499 2797 1.
523 2754 607 2811 papa
631 2737 781 2796 odobrauu
803 2734 887 2798 labor
909 2735 1102 2810 aoddjolroaa
1124 2736 1281 2796 Honorota
1303 2752 1341 2796 aa
1365 2736 1494 2810 biskapo
1515 2735 1672 2808 soltaslroq.

653 2889 839 2976 Gregorius,
863 2888 950 2954 clero
973 2889 1128 2955 ecclesiae
1152 2888 1360 2955 salonitanae.

328 3031 518 3098 Dilectionis
536 3039 663 3096 vestrae
685 3032 805 3117 scripta
828 3029 1016 3116 relegentes,
1034 3029 1223 3094 electionem
1243 3053 1301 3096 vos
1325 3031 1357 3094 in
1373 3028 1573 3094 Honoratum
1591 3031 1851 3098 archidiaconum

164 3147 311 3206 vostrum
336 3137 451 3203 fecisse
476 3136 656 3217 didicimus,
670 3144 714 3200 'et
737 3138 867 3201 omnino
883 3137 976 3201 nobis
993 3144 1119 3219 gratum
1145 3135 1244 3200 fuisse
1260 3135 1454 3218 cognoscite,
1471 3135 1556 3220 quod
1580 3135 1655 3200 olim
1680 3147 1849 3224 expertum

69 3310 72 3320 ‚
162 3245 274 3308 virum
298 3252 330 3307 et
352 3265 484 3326 grauem
501 3242 655 3324 moribus,
677 3241 718 3304 ad
742 3243 947 3326 episcopatus
965 3241 1109 3306 ordinem
1127 3239 1278 3325 elegistis.
1297 3239 1398 3306 Onius
1420 3241 1516 3304 etiarn
1540 3249 1573 3304 et
1595 3263 1652 3306 nos
1676 3265 1846 3328 personam

106 3339 110 3346 ’
164 3349 247 3433 qnia
263 3346 383 3411 dudum
401 3355 450 3412 est
466 3347 559 3412 nobis
576 3345 658 3410 bene
675 3347 814 3430 cognita,
831 3346 1088 3431 comprobamus,
1105 3367 1242 3432 cumque
1258 3346 1351 3410 robis
1368 3349 1459 3410 iuxta
1485 3345 1680 3411 desiderium
1703 3357 1849 3413 vestrum

163 3463 197 3516 ot
224 3475 284 3516 nos
307 3451 448 3516 ordinari
479 3451 639 3518 noluimus
673 3451 882 3516 sacerdotem.
917 3450 980 3516 Pro
1004 3472 1068 3537 qua
1090 3473 1125 3516 rc
1162 3449 1327 3515 hortamur
1360 3473 1418 3516 uos
1445 3451 1477 3515 in
1505 3452 1574 3516 eius
1605 3450 1761 3517 electione
1782 3455 1850 3518 sine

163 3556 277 3644 aliqua
299 3557 510 3642 ambiguitate
532 3558 715 3642 persistere.
739 3555 809 3620 Nec
834 3555 972 3642 quedam
993 3577 1051 3620 uos
1074 3578 1126 3622 res
1150 3554 1191 3620 ab
1215 3557 1283 3620 cius
1306 3556 1403 3622 debet
1419 3577 1556 3642 persona
1572 3555 1752 3641 deflectere,
1776 3559 1852 3644 quia

164 3664 253 3727 sicut
275 3663 336 3727 ista
357 3660 529 3727 laudabilis
554 3682 639 3725 nunc
664 3659 816 3744 probatur
838 3659 962 3744 electio,
988 3661 1042 3744 ita,
1067 3662 1095 3726 si
1118 3659 1204 3748 quod
1227 3658 1321 3744 absit,
1354 3659 1557 3725 dilectionem
1585 3671 1725 3726 vestram
1749 3661 1791 3727 ab
1813 3684 1851 3727 oo

163 3769 338 3854 quisquam
364 3767 493 3833 deuiare
517 3765 691 3848 seduxerit,
714 3776 746 3831 et
768 3768 894 3832 animae
917 3777 1232 3851 vestraegrauanren
1257 3776 1289 3831 et
1307 3767 1450 3852 opinioni
1472 3765 1631 3831 maculam
1653 3765 1852 3832 infidelitatis

163 3875 319 3959 imponet.
340 3871 408 3937 Eos
430 3894 508 3938 vcro
531 3872 586 3956 qui
610 3871 651 3936 ab
686 3870 834 3938 lectionis
858 3881 985 3938 vestrae
1003 3874 1125 3938 unitate
1147 3872 1385 3938 inconsiderate
1408 3870 1603 3955 discordant,
1623 3881 1658 3938 ut
1681 3873 1850 3938 vobiscum

164 3978 289 4042 sentire
311 3979 445 4064 possint,
470 3975 511 4041 ab
534 3976 700 4042 Antonino
726 3976 924 4042 subdiacono
953 3987 1061 4043 nostro
1086 3975 1220 4042 lecimus
1244 3975 1420 4050 admoneri.
1446 3975 1507 4041 Oui
1531 3979 1627 4042 etiam
1649 3977 1690 4042 dc
1715 4000 1852 4065 persona

162 4081 288 4147 Malobi
319 4081 427 4148 fratris
463 4091 494 4147 et
528 4083 711 4168 coepiscopi
753 4083 872 4164 nostri,
907 4083 986 4169 quid
1018 4091 1164 4169 oporteat
1195 4082 1268 4147 lieri
1302 4081 1492 4168 iampridem
1527 4083 1736 4148 iniunximus.
1784 4081 1849 4148 Sed

161 4187 373 4274 quoniamst
394 4188 455 4273 ipsi
469 4188 666 4273 scripsimus,
684 4187 844 4254 credimus
867 4209 939 4252 enm
963 4188 1005 4253 ab
1027 4188 1248 4276 inquietudine
1269 4188 1459 4254 vestraeine
1478 4209 1568 4252 mora
1591 4189 1767 4274 quiescere.
1785 4184 1849 4268 Qui

162 4295 191 4357 si
212 4291 509 4365 fortasse,obedire
527 4315 732 4379 quocumque
756 4292 851 4360 modo
876 4292 1068 4380 neglexerit,
1082 4294 1284 4360 contumacia
1300 4294 1369 4358 eius
1385 4291 1489 4358 modis
1504 4292 1653 4359 omnibus
1675 4295 1849 4369 canonicae

92 4477 95 4480 ¹
162 4399 300 4464 ultionis
324 4395 524 4464 districtione
549 4396 765 4464 mulctabitur.

321 4527 413 4584 Mauri
436 4527 582 4584 Collectio.
606 4527 716 4586 Concil.
739 4527 774 4584 Τ.
797 4527 849 4584 ΙΧ.
872 4534 920 4584 str.
946 4529 1041 4584 1139.

634 4753 791 4842 XXIV.
818 4751 907 4845 593.
938 4753 1126 4864 mleseca
1148 4753 1376 4866 listopada.

162 4911 271 4989 Gryur
290 4912 317 4972 1.
337 4929 422 4986 popa
444 4907 621 4988 retractate
636 4907 789 4987 eurupam
815 4914 1039 4974 dalmattmlttm
1054 4917 1103 4976 bos
1117 4917 1241 4992 moysea
1255 4918 1369 4992 anama
1389 4873 1535 4991 posvctt'ti
1549 4915 1703 4978 Makaimu
1718 4917 1849 4991 distorta

921 5017 1099 5098 soliasto'pa.

572 5172 762 5261 Gregorius,
788 5177 948 5242 universis
972 5178 1132 5266 episcopis
1157 5200 1214 5266 per
1237 5175 1445 5243 Dalmatiam.

325 5316 520 5404 Oportuerat
548 5319 678 5404 quidem
709 5317 941 5386 fraternitatem
971 5329 1115 5388 vestram
1149 5321 1251 5388 diuini
1278 5329 1426 5407 respectu
1451 5318 1571 5402 iudicii,
1596 5317 1714 5384 clausis
1739 5339 1850 5384 carna·

157 5421 252 5490 libus
273 5421 385 5505 oculis,
409 5421 488 5488 nihil
511 5423 598 5510 quod
620 5423 663 5490 ad
690 5423 785 5490 deum
801 5426 940 5511 pertinet
955 5449 975 5492 a
989 5435 1079 5492 recta
1098 5428 1213 5494 mentis
1230 5429 1408 5494 intentione
1426 5427 1584 5508 omittere,
1601 5447 1662 5490 nec
1678 5423 1849 5492 cuiuslibet
