4300 5930
1766 441 1829 508 173

151 649 309 715 aquarum
334 599 523 695 decursibus
546 625 665 694 hebere
690 629 860 692 statuimus
885 628 940 694 tali
964 629 1119 696 videlicet
1142 631 1264 716 ordine,
1290 644 1324 699 ut
1346 636 1378 699 in
1412 657 1451 700 ea
1488 633 1671 700 molendina
1705 634 1826 700 faciant

151 745 312 822 quotquot
333 746 477 821 possunt,
502 743 608 798 temen
632 732 718 818 quod
744 732 927 799 molendino
952 746 1136 801 sanctorum
1160 736 1278 805 Cosme
1302 749 1334 804 et
1357 741 1507 804 Damiani
1526 739 1565 804 de
1583 739 1726 823 Virbiza,
1744 741 1829 826 quod

152 849 204 904 est
229 839 310 904 ultra
335 839 470 920 Bistam,
496 862 559 904 non
585 848 721 904 noceant
745 841 776 902 in
800 839 919 926 aliquo.
944 839 1101 906 Volumus
1124 846 1218 908 etiem
1244 855 1276 910 et
1307 849 1478 928 sancimus,
1498 853 1533 909 ut
1569 845 1692 930 prefato
1726 848 1829 910 sancti

151 943 306 1008 Damiani
331 945 469 1010 ecclesia
493 967 603 1008 omnes
630 955 731 1008 terres
755 943 836 1026 illas,
860 967 941 1031 quas
961 946 1043 1010 ultra
1068 947 1194 1014 Blatam
1218 953 1396 1038 antiquitus
1432 951 1584 1037 possedit,
1609 963 1641 1014 et
1673 953 1767 1016 etiam
1801 954 1828 1016 si

151 1071 217 1136 qua
242 1049 426 1114 molendina
451 1050 510 1114 sub
535 1072 592 1114 suo
617 1049 798 1114 molendino
824 1051 855 1114 in
881 1062 990 1117 austro
1014 1052 1158 1136 fecerint,
1183 1055 1300 1121 haheat
1323 1067 1355 1124 et
1389 1057 1553 1142 possideat
1586 1079 1723 1142 semper,
1755 1059 1824 1124 sinc
1865 1097 1868 1104 ·

150 1155 240 1220 omni
265 1153 521 1241 Templsriorum
546 1144 716 1220 calumnia.
742 1155 929 1221 Stabilimus
952 1159 1057 1240 etiam,
1085 1171 1118 1224 ut
1140 1161 1167 1224 si
1191 1185 1255 1247 qua
1279 1165 1422 1249 utrisque
1443 1165 1543 1248 pertis
1568 1163 1700 1247 antiqua
1733 1172 1827 1228 testa·

149 1269 259 1324 menta
282 1269 390 1346 preter
412 1259 495 1324 hanc
512 1269 619 1325 nostre
636 1261 873 1326 constitutionis
892 1273 1012 1328 certam
1031 1265 1169 1350 (contra)
1186 1269 1232 1330 ire
1251 1271 1514 1354 presumpserint,
1532 1269 1758 1352 omnipotentis
1776 1268 1827 1333 dei

149 1371 404 1452 sanctorumque
424 1363 641 1450 apostolorum
666 1365 755 1430 Petri
776 1377 807 1429 ct
830 1366 922 1430 Pauli
947 1391 985 1432 ae
1001 1371 1141 1433 omnium
1160 1382 1342 1436 sanctorum
1360 1395 1397 1436 ac
1415 1381 1553 1436 nostran]
1570 1371 1826 1461 maledictionem

150 1471 306 1550 incurrat,
331 1470 450 1557 fiatque
474 1468 645 1534 anathema
669 1469 866 1554 maranatha,
892 1481 923 1536 et
947 1495 1043 1558 super
1067 1475 1127 1539 hoc
1152 1499 1233 1560 pena
1266 1477 1404 1541 duarum
1437 1477 1594 1542 librarum
1627 1480 1695 1558 auri
1729 1477 1826 1542 mulo-

150 1583 248 1640 tetur.
275 1575 347 1656 Qus
371 1578 478 1640 omnia
501 1575 593 1640 firma
617 1586 650 1640 et
671 1586 741 1640 rata
764 1599 835 1642 esse
862 1574 1008 1643 volumus
1032 1591 1181 1665 presente
1214 1581 1381 1646 Gualterio
1414 1585 1575 1666 magistro,
1606 1583 1704 1648 fratre
1737 1585 1826 1650 Azao
1904 1581 1908 1591 ⁸

148 1693 339 1766 preceptore
363 1692 395 1746 et
415 1681 567 1765 omnibus
587 1679 750 1762 fratribus,
775 1691 807 1746 ct
830 1682 1002 1748 Dominioo
1026 1685 1152 1768 abbate,
1178 1685 1332 1752 Priuonia
1356 1689 1521 1768 monacho,
1547 1689 1736 1754 Dminoscia
1760 1713 1824 1754 mo·
1871 1679 1876 1688 ¹

151 1785 259 1850 nacho
282 1797 315 1850 ct
338 1789 462 1867 eunctis
486 1785 650 1851 fratribus.
673 1785 789 1851 Coram
815 1787 878 1852 hiis
900 1788 1036 1873 ydoneis
1060 1792 1214 1856 testibus:
1237 1791 1334 1856 Petro
1358 1793 1533 1878 Sagarelle,
1559 1805 1592 1858 et
1615 1794 1774 1859 Tolmatio
1791 1819 1829 1860 ac
1931 1811 1934 1819 '

148 1891 281 1956 Burello
305 1892 491 1978 presbiteris
512 1892 688 1978 spalatinis,
712 1891 864 1958 Petronia
888 1891 1021 1974 Cucille,
1038 1895 1163 1962 Petriso
1187 1897 1311 1978 Vitare,
1332 1898 1456 1964 Petrizo
1482 1898 1659 1981 Michaelis,
1683 1900 1824 1984 Georgio
1921 1945 1925 1959 ·

146 1995 267 2083 Soppe,
285 1997 370 2062 Bitte
387 1998 426 2063 de
442 1997 538 2080 Juda,
556 1997 641 2062 Bitte
659 1998 836 2062 Prostancii
852 2007 885 2064 et
899 1997 1082 2086 Grieogono
1100 2000 1199 2068 fratre
1215 2006 1294 2085 eius,
1311 2003 1406 2068 Petro
1424 2004 1551 2068 Sloradi
1569 2004 1826 2090 Templariorum

146 2093 318 2184 aduocato,
343 2081 639 2187 Cossio-Gregorii,
662 2107 763 2168 saneti
791 2103 941 2168 Damieni
965 2104 1134 2187 aduocato,
1158 2108 1334 2192 iadertinie,
1360 2119 1392 2174 et
1415 2109 1522 2174 multis
1546 2109 1628 2177 aliis.
1650 2109 1826 2176 Dedomiro

146 2208 302 2294 iuppano,
327 2205 502 2272 Vilcomiro
525 2210 676 2294 iuppano,
700 2208 860 2272 Berriscio
896 2211 1024 2296 inpono,
1049 2212 1230 2278 Grubescia
1253 2211 1371 2280 (laudii
1394 2216 1522 2301 iupano,
1557 2215 1667 2281 Sliliao
1692 2218 1821 2302 inpane,

147 2321 181 2378 et
205 2311 314 2377 multis
337 2311 419 2378 aliis.
443 2313 588 2378 Fuerunt
610 2324 756 2400 pretence
780 2323 879 2380 testes
904 2314 1023 2382 ibidem
1040 2315 1071 2380 hi
1094 2318 1296 2384 venerabiles
1312 2322 1391 2384 riri:
1416 2318 1594 2404 Gregorius
1611 2323 1824 2386 entiuarensis

145 2417 420 2504 archiepiscopus,
443 2431 476 2483 et
499 2417 688 2484 Vincentius
713 2422 813 2484 sancti
838 2417 1013 2506 Grisogoni
1046 2422 1157 2505 abbas,
1183 2447 1254 2490 cum
1288 2427 1353 2492 suis
1385 2424 1549 2492 monachis
1581 2438 1613 2491 et
1644 2429 1751 2490 multis
1783 2427 1843 2493 de¹

146 2521 255 2608 plebe.
286 2521 331 2587 Et
353 2545 413 2608 ego
437 2523 566 2590 Blasius
590 2534 700 2590 sancte
723 2526 893 2591 Anastasio
917 2525 1072 2594 diaconus
1096 2537 1128 2594 et
1150 2528 1308 2596 iadrensis
1332 2532 1475 2596 noterius
1499 2535 1554 2618 qui
1579 2532 1717 2614 interfui,
1741 2531 1825 2598 hanc

146 2629 386 2694 constitutionis
409 2637 441 2693 et
464 2629 636 2695 concordie
659 2629 824 2711 cartulam,
846 2633 935 2696 iussu
958 2633 1021 2696 iam
1045 2631 1123 2698 dicti
1146 2633 1383 2722 archiepiscopi
1408 2635 1598 2723 spalatensis
1622 2646 1654 2702 et
1671 2639 1823 2702 nonensis

145 2735 293 2820 episcopi
316 2741 348 2799 et
370 2735 521 2798 comitum
546 2737 795 2822 prescriptorum
820 2747 1063 2824 oeterorumque
1084 2741 1216 2805 testium
1237 2750 1360 2825 rogatu,
1387 2751 1420 2806 ut
1440 2741 1560 2824 audiui,
1578 2741 1747 2828 compleui,
1777 2765 1826 2808 ro·

146 2837 263 2905 boraui
286 2849 319 2904 et
341 2841 433 2924 signo
457 2851 609 2906 consueto
634 2843 770 2926 signeui.

298 2985 487 3045 Poliohorion.
510 2987 538 3045 U
556 2989 656 3044 erkivu
678 2989 746 3062 gub.
770 2990 849 3046 sede.
874 2989 982 3045 Parieti
1005 2989 1085 3062 Illyr.
1110 2989 1187 3047 Sacr.
1211 2989 1246 3046 T.
1268 2991 1319 3050 Ill.¹
1342 3010 1372 3064 p.
1397 2991 1470 3052 225.

423 3262 678 3347 ccxxxll.
707 3219 1225 3366 eou11tteosv1unju.
1254 3264 1291 3348 U
1321 3265 1554 3348 Lateranu.

64 3435 68 3445 '
146 3424 280 3487 Gelestiu
303 3424 373 3488 111.
392 3442 482 3504 papa,
502 3425 675 3499 potordjtu'c
698 3429 871 3484 eumoetomt
893 3441 935 3488 so.
961 3425 1121 3486 Krssoana
1141 3444 1162 3486 u
1184 3425 1289 3485 Zadris
1310 3443 1365 3486 soe
1387 3427 1511 3502 ujepow
1533 3428 1625 3488 dodra
1647 3429 1659 3486 t'
1685 3429 1816 3502 postedc.
1888 3405 1889 3408 Ἴ

298 3581 481 3650 Celestinus
505 3581 676 3666 episcopus
691 3601 811 3646 'seruus
842 3603 1007 3645 seruorum
1033 3579 1094 3644 dei.
1118 3579 1255 3646 Dilectis
1280 3581 1355 3646 filiis
1379 3579 1551 3646 Vincentio
1575 3581 1685 3647 abbati
1710 3605 1818 3648 mona·

144 3687 239 3752 sterii
263 3688 365 3752 sancti
389 3685 563 3769 Grisogoni
588 3684 629 3750 de
650 3685 781 3766 Jadera,
806 3688 935 3772 suisque
959 3685 1112 3750 fratribus
1143 3697 1208 3750 tam
1233 3687 1436 3772 presentibus
1461 3710 1556 3773 quam
1581 3687 1697 3754 futuris
1729 3712 1820 3774 regu-

144 3793 247 3858 larem
271 3795 368 3856 vitam
395 3791 558 3878 professis.
580 3791 604 3855 l.
630 3790 669 3856 N.
695 3791 730 3856 Ρ.
754 3791 791 3856 Ρ.
816 3791 858 3855 Μ.
883 3789 1042 3870 Quotiens
1061 3816 1081 3857 a
1104 3793 1196 3858 nobis
1222 3794 1339 3878 petitur
1360 3792 1445 3879 quod
1479 3793 1627 3878 religioni
1664 3805 1696 3859 et
1725 3793 1823 3860 hone-

143 3899 220 3964 stati
249 3899 422 3964 conuenire
445 3897 631 3979 dinoscitur,
656 3899 762 3962 animo
786 3920 845 3961 nos
881 3898 975 3964 decet
1010 3896 1122 3962 libenti
1156 3897 1333 3962 concedere
1371 3909 1403 3962 et
1437 3901 1611 3982 petentium
1649 3898 1819 3965 desideriis

143 4025 325 4088 congruum
349 4003 537 4086 suffragium
563 4003 729 4088 impertiri.
754 4001 804 4065 Ee
827 4012 956 4088 propter
979 4001 1088 4066 dilecti
1112 4003 1145 4066 in
1170 4001 1297 4066 domino
1322 4002 1390 4086 tilii,
1418 4005 1535 4067 vestris
1568 4004 1659 4068 iustis
1685 4003 1823 4089 postule·

142 4109 289 4174 tionibus
313 4107 487 4172 clementer
509 4109 680 4173 annuimus
705 4117 736 4172 et
761 4107 920 4194 prefatum
944 4108 1173 4173 monasterium
1199 4109 1299 4172 sancti
1325 4107 1528 4191 Grisochoni,
1559 4110 1591 4173 in
1624 4132 1687 4195 quo
1711 4107 1822 4174 diuino

143 4214 319 4300 mancipati
344 4203 422 4277 estis
446 4213 612 4298 obsequio,
638 4210 697 4277 sub
720 4212 806 4277 beati
831 4213 918 4277 Petri
942 4221 974 4277 et
1004 4222 1114 4278 nostra
1146 4215 1344 4298 protectione
1376 4217 1569 4300 suscipimus
1601 4224 1632 4279 et
1658 4216 1816 4302 presentis

142 4321 258 4405 scripti
279 4317 448 4405 priuilegio
473 4320 716 4394 commuuimus,
742 4326 940 4382 statuentes:
963 4326 999 4383 ut
1022 4317 1100 4384 ordo
1125 4320 1333 4400 monasticus,
1358 4320 1411 4404 qui
1447 4319 1623 4384 secundum
1660 4320 1754 4385 deum
1791 4331 1822 4386 et

143 4425 231 4490 beati
256 4422 425 4488 Benedicti
447 4422 591 4508 regulam
617 4425 648 4485 in
675 4422 786 4512 eodem
812 4423 1005 4488 monasterio
1032 4423 1193 4486 institutus
1218 4445 1290 4487 esse
1315 4422 1501 4491 dinoscitur.
1520 4426 1682 4510 perpetuis
1699 4424 1820 4491 ibidem

141 4528 345 4616 temporibus
366 4526 595 4592 inuiolabiliter
617 4527 817 4592 obseruetur.
842 4527 995 4592 Preterea
1015 4549 1235 4613 quascumque
1259 4529 1490 4614 possessiones,
1516 4551 1716 4616 quecumque
1734 4530 1819 4596 bona

141 4637 231 4701 idem
256 4635 485 4699 monasterium
511 4635 798 4720 inpresentiarum
824 4635 907 4698 iuste
931 4642 963 4697 et
986 4633 1140 4698 canonice
1165 4633 1317 4718 possidet,
1343 4641 1398 4697 aut
1420 4634 1452 4696 iu
1484 4633 1626 4699 futurum
1659 4636 1818 4701 concessi·

140 4763 205 4807 one
229 4739 427 4826 pontificum,
454 4737 623 4823 largitione
646 4760 760 4824 regum
783 4737 835 4802 vel
859 4739 1052 4824 principum,
1076 4736 1238 4802 oblatione
1262 4737 1416 4818 fidelium,
1441 4761 1498 4803 seu
1518 4737 1590 4804 aliis
1604 4741 1697 4805 iustis
1714 4739 1817 4805 modis

140 4854 309 4934 prestante
333 4845 464 4910 domino
487 4846 605 4930 poterit
627 4843 773 4929 adipisci,
797 4842 891 4907 firma
922 4843 1016 4908 vobis
1036 4845 1217 4930 vestrisque
1253 4843 1495 4908 suecessoribus
1527 4853 1559 4908 et
1593 4845 1717 4910 illibate
1751 4869 1819 4932 per·

140 4961 305 5018 maneant,
331 4949 368 5014 ln
393 4949 510 5036 quibus
535 4947 594 5014 hec
618 4950 755 5034 propriis
779 4948 932 5012 duximus
956 4948 1169 5035 exprimenda
1192 4947 1377 5013 vocabulis:
1411 4947 1517 5014 locum
1551 4951 1655 5036 ipsum
1687 4952 1720 5014 in
1757 4973 1820 5036 quo

139 5057 302 5146 prefatum
328 5056 557 5120 monasterium
580 5055 676 5119 situm
701 5062 748 5118 est
771 5075 844 5118 cum
869 5051 1026 5118 omnibus*
1040 5053 1242 5139 pertinentiis
1266 5053 1342 5134 suis,
1369 5052 1541 5119 ecclesiam
1558 5057 1660 5120 sancti
1677 5054 1819 5140 Martini,

140 5161 255 5228 Diculi
280 5183 353 5227 cum
376 5161 577 5247 pertinentiis
598 5160 674 5240 suis,
699 5157 868 5223 ecclesiam
893 5160 996 5224 sancti
1019 5159 1149 5224 Martini
1173 5168 1247 5224 ente
1280 5169 1405 5245 portem
1437 5161 1577 5225 ciuitatis
1613 5183 1685 5226 oum
1721 5163 1817 5247 perti·

139 5267 268 5334 nentiid
283 5267 360 5350 suis,
384 5264 554 5330 ecclesiam
574 5265 677 5330 sancti
707 5263 824 5330 Jacobi
855 5285 927 5330 oum
963 5267 1163 5351 pertinentiis
1200 5265 1277 5349 suis,
1303 5264 1472 5332 ecclesiam
1505 5266 1607 5330 sancti
1638 5265 1806 5332 Laurentii
