4292 5926
1762 414 1924 500 39ι

1552 517 1556 528 ·
1684 503 1704 546 a

120 607 265 692 optimos
289 605 446 672 berbecoe
475 609 606 673 ¹trium
628 631 796 690 annorum,
831 618 865 674 et
886 608 968 675 duce
998 631 1101 695 agnos
1132 610 1404 697 perfectissimos,u
1425 617 1457 672 et
1473 608 1567 672 duas
1599 605 1734 692 galletae
1765 605 1806 671 de

119 712 210 779 bono
233 715 322 780 vino.
343 712 450 802 Hujus
473 723 581 779 autem
605 714 716 802 placiti
741 725 773 782 et
795 718 1019 782 conuentionis
1043 725 1119 782 eunt
1148 724 1257 797 testes,
1282 719 1315 779 in
1348 716 1476 802 primis:
1508 713 1626 778 Mirata
1661 714 1804 798 iupanue
1912 761 1913 766 η

118 817 161 883 de
187 817 312 902 (letina,
337 817 413 885 Vita
432 818 528 902 Jude,
551 819 708 886 Debrena
730 821 919 908 Trumpuni,
943 823 1033 888 Deae
1056 821 1196 904 Sallone,
1230 821 1342 906 Drago
1375 819 1469 904 Pirle,
1505 819 1624 885 Vlcina
1655 817 1805 882 tribunus

120 927 318 1012 cognomine
338 925 475 1010 Pilocue,
499 927 599 1012 Desa,
624 926 762 1014 Vesano,
786 929 957 996 Perumna.

280 1127 310 1184 In
331 1125 512 1200 piamchrane
534 1126 656 1220 keptola
674 1129 844 1204 epljetekog.
868 1129 975 1186 Ferlcti
999 1131 1069 1190 Illir.
1093 1129 1213 1186 Secrnm
1237 1128 1274 1188 T.
1296 1127 1349 1182 ΙΙΙ.
1372 1145 1399 1196 p.
1425 1127 1497 1184 175.

457 1475 566 1558 LIV.
591 1475 703 1558 1145.
729 1477 916 1578 mleseco
942 1477 1158 1580 prosince.
1186 1475 1223 1558 U
1254 1473 1475 1557 ltlvoaltu.

114 1681 263 1754 Koproai
281 1682 294 1739 i
315 1681 435 1742 Idotoni
455 1699 478 1740 u
497 1677 581 1758 loiri,
604 1681 745 1756 obveitdu
766 1699 798 1744 ee
823 1684 980 1758 pomaque
1007 1683 1167 1762 diletione,
1194 1683 1311 1758 tedoad
1340 1681 1372 1742 de
1399 1683 1482 1743 evicit
1507 1684 1669 1756 pomorslco
1698 1683 1802 1756 volatu

645 1788 754 1850 kreout
770 1786 1069 1863 procuratricem
1091 1789 1127 1848 ili
1147 1790 1276 1852 Jotinu.

278 1999 314 2064 ln
338 2001 467 2066 nomine
494 2001 616 2066 domini
640 2002 742 2066 noatri
764 1999 867 2068 Jhecu
891 1999 1030 2068 Christi:
1054 2002 1151 2070 Anno
1174 2003 1295 2070 domini
1320 2001 1492 2068 millesimo
1515 2005 1707 2068 centesimo.
1723 2023 1800 2089 que·

85 2139 89 2146 ·
113 2102 303 2189 dragesimo
325 2108 448 2192 quinto,
473 2129 583 2184 menae
607 2107 798 2188 decembrio,
817 2107 993 2174 indictione
1016 2131 1110 2176 nona.
1134 2109 1295 2176 Riuoalto.

277 2237 351 2303 Hoc
373 2247 424 2302 eet
446 2237 623 2325 capitulare
646 2247 679 2304 et
701 2249 840 2325 paetum,
864 2238 951 2326 quod
983 2243 1114 2326 pepegit
1145 2241 1329 2308 Almericue
1360 2241 1519 2327 gastaldio
1552 2250 1584 2306 et
1614 2239 1800 2325 Adelperue

112 2344 262 2408 notarius
286 2353 319 2408 et
339 2343 511 2409 Rentulfue
533 2343 634 2409 iudex
656 2353 688 2410 et
710 2343 847 2431 populus
870 2344 1093 2434 Juetinopolie,
1117 2349 1148 2412 id
1173 2357 1225 2413 eat
1250 2345 1356 2434 Caput
1380 2347 1484 2429 letrie,
1512 2357 1544 2412 et
1576 2369 1648 2411 cum
1680 2343 1799 2426 insula,

113 2459 247 2512 etcum
271 2449 401 2514 domino
425 2459 534 2514 nostro
558 2455 652 2514 Petro
676 2449 808 2534 Polano,
833 2450 885 2516 dei
908 2454 1013 2538 gratia
1036 2453 1119 2519 duce
1134 2453 1354 2537 venetiarum,
1368 2453 1530 2520 Delmatie
1546 2463 1643 2542 atque
1659 2450 1799 2534 Oroatie,

113 2563 146 2620 et
170 2576 246 2620 cum
271 2557 339 2620 auia
362 2555 603 2622 successoribus
627 2555 867 2642 perpetualiter.

247 2661 252 2670 ι
311 2686 440 2774 (Oetalo
463 2686 703 2775 incatarljeno.)

265 2817 388 2884 Verum
412 2819 439 2883 ei
463 2818 532 2884 dux
554 2817 606 2884 vel
630 2841 707 2884 euue
732 2821 850 2884 miscuo
873 2821 968 2886 iuerit
988 2845 1046 2908 per
1076 2845 1245 2890 commune
1276 2821 1319 2889 ed
1342 2821 1544 2910 preliandum
1576 2823 1616 2888 de
1647 2821 1795 2886 Venetiie

15 2925 16 2986 3
115 2945 223 3009 usque
246 2923 288 2988 ad
310 2924 499 3011 Ragonium,
526 2933 559 2989 et
580 2924 621 2989 de
645 2924 791 2992 Venetiie
816 2928 980 3014 usquead
1001 2929 1179 3014 Anconam,
1204 2940 1236 2996 et
1258 2931 1342 2996 infra
1364 2930 1494 2996 easdem
1530 2940 1646 3016 partes,
1682 2929 1796 2994 eodem

116 3028 215 3094 modo
238 3051 297 3094 noe
320 3029 468 3095 hominen
491 3033 710 3120 suprascripte
733 3032 947 3120 Juetinopolie
969 3045 1001 3101 et
1024 3035 1145 3118 Inaule,
1170 3037 1346 3102 secundum
1369 3044 1514 3102 nostrum
1532 3057 1636 3122 posse,
1654 3057 1726 3099 cum
1750 3033 1797 3098 eie

15 3179 16 3182 κ
115 3135 149 3198 in
170 3135 341 3200 seruitium
365 3133 576 3201 Venetiarum
600 3138 648 3202 ire
671 3135 836 3203 debemus.

264 3333 294 3389 12
317 3334 470 3408 rulropiea:
495 3335 582 3393 Liber
604 3335 695 3392 Albus
718 3337 768 3398 fol.
796 3339 857 3397 286
886 3339 1008 3396 iLibcr
1026 3341 1175 3396 Paetorum
1199 3342 1235 3397 11.
1259 3341 1309 3402 fol.
1340 3341 1401 3398 230
1432 3360 1451 3398 u
1482 3340 1651 3398 mlotedlrom
1686 3340 1798 3395 arkirn·

511 3682 597 3765 LV.
625 3685 737 3770 1145.
764 3688 950 3789 mjescca
975 3687 1193 3792 prosince.
1220 3687 1258 3770 U
1284 3687 1402 3770 Pull.

15 3971 17 3974 Ι
111 3889 289 3951 Stunovnici
310 3891 410 3966 prada
432 3891 512 3951 Pulc
531 3907 553 3952 u
575 3893 661 3966 Istro}
685 3891 827 3967 obueduju
848 3910 880 3954 oe
897 3895 1050 3970 pomopoti
1071 3893 1223 3955 Mletdooo
1247 3911 1269 3954 u
1293 3895 1397 3954 rotnilr
1418 3894 1580 3969 podueedilr
1604 3893 1641 3956 do
1655 3893 1793 3953 Dubrou·

824 4019 899 4078 otico
920 4019 933 4078 i
955 4015 1081 4078 Jotioo.

876 4205 1029 4273 Ulomalr.

15 4423 16 4426 Ἴ
263 4345 386 4412 Verum
409 4370 429 4411 e
452 4347 595 4432 Ragucio
619 4369 722 4436 usque
745 4348 787 4412 ad
812 4347 975 4428 Venetiae,
999 4359 1033 4412 et
1055 4346 1174 4412 exinde
1197 4369 1300 4450 usque
1325 4345 1555 4430 Anconam,
1529 4371 1556 4410 er
1579 4348 1642 4434 ipei
1674 4344 1790 4412 Veneti

15 4467 16 4486 i
110 4425 255 4540 aliquam
279 4475 428 4537 guerram
452 4454 657 4537 increuerint,
682 4453 768 4520 unde
792 4454 940 4520 dominus
961 4453 1029 4519 dux
1054 4476 1127 4519 cum
1153 4476 1211 4518 suo
1236 4454 1364 4519 comuni
1396 4461 1509 4518 contre
1538 4475 1613 4518 auos
1644 4454 1792 4517 inimicos

15 4623 16 4626 ,
111 4560 156 4624 ire
181 4558 331 4640 voluerit,
355 4567 388 4624 et
410 4557 464 4624 ille
485 4581 542 4646 per
565 4582 600 4625 ee
625 4560 677 4626 rel
708 4583 766 4646 per
796 4583 890 4625 auum
926 4562 1060 4624 mianum
1092 4559 1332 4672 expeditionem
1367 4581 1458 4624 cuam
1494 4558 1682 4624 direxerit.
1709 4560 1789 4622 .ite

110 4687 170 4730 noe
193 4687 267 4730 cum
292 4665 379 4728 omni
403 4667 541 4746 comuni,
564 4675 712 4752 prompto
735 4667 843 4732 animo
866 4689 905 4732 ac
936 4675 1042 4732 mente
1076 4664 1173 4742 fideli,
1208 4667 1241 4728 in
1277 4685 1371 4730 suum
1406 4665 1579 4731 eeruioium
1612 4665 1724 4732 venire
1760 4673 1792 4730 et

15 4857 16 4860 Ἴ
110 4792 183 4836 ecee
206 4769 373 4836 debemus

268 4967 380 5042 Ljubid.
404 4969 513 5024 Lietiue
533 4970 556 5026 1.
585 4971 613 5024 6.

263 5249 275 5288 ¹
298 5269 408 5324 vervex,
431 5251 545 5325 ilropao.
