4254 5922
1729 379 1791 444 lot

112 564 352 652 confirmamus,
377 575 412 631 ut
435 569 532 633 sitin
556 571 750 634 monasterio
768 569 870 636 sancti
895 568 982 635 Petri
1006 571 1160 658 principis
1183 571 1410 658 apostolorum,
1436 595 1492 657 pro
1517 573 1659 638 remedio
1685 574 1793 638 anime

110 681 227 754 nostre,
254 675 382 760 meique
404 675 474 756 viri,
500 697 646 740 necnon
671 675 808 742 filiorum
841 697 994 740 meorum.
1020 675 1115 758 Quod
1140 679 1176 759 si,
1202 679 1288 765 quod
1312 679 1407 760 absit,
1432 679 1550 766 aliquis
1575 689 1683 768 preter
1706 680 1790 766 quod

109 780 318 866 precipimus,
343 781 454 866 egerit,
478 781 594 846 iratum
618 780 736 846 habeat
759 781 878 848 trinum
902 791 935 848 et
955 803 1054 846 unum
1079 782 1184 864 deum,
1210 794 1242 846 et
1266 794 1407 850 nostram
1434 785 1692 850 maledictionem
1718 809 1791 850 con-

108 895 275 973 sequetur.
301 885 373 952 Hec
396 885 505 954 oblate
528 896 603 954 suut
626 911 735 956 eorem
760 887 879 956 Dnimo
895 891 1002 978 priore
1026 899 1058 956 et
1080 887 1242 975 Georgius
1269 889 1400 966 Diseba‚
1424 902 1456 956 et
1478 915 1590 958 omnes
1614 890 1791 956 monachos

107 993 208 1060 sancti
238 991 421 1060 Benedicti.

146 1139 148 1142 ’
266 1133 297 1194 Iu
321 1131 450 1212 regesch
474 1139 636 1193 sumostuuu
656 1153 696 1194 nv.
719 1135 804 1193 Petra
825 1135 1021 1210 gumajskoga,
1042 1154 1059 1192 u
1082 1135 1182 1193 arkivu
1206 1136 1322 1209 kaptole
1345 1135 1500 1210 splictsltog
1524 1145 1572 1193 str.
1602 1139 1649 1197 15.

713 1433 849 1515 ΟΜΝ.
877 1433 968 1516 (tito
996 1455 1034 1532 g.
1062 1433 1180 1516 1080.

168 1597 251 1656 laon
277 1596 417 1658 Sbvinuc
440 1597 578 1670 knludjer
598 1597 705 1670 doroje
734 1599 908 1656 samosata
928 1614 970 1657 so.
996 1597 1095 1656 Iouna
1117 1617 1138 1656 o
1162 1597 1315 1672 Betprodu
1338 1597 1419 1670 ajelra'
1436 1597 1543 1672 posted
1564 1615 1585 1655 ιι
1610 1595 1721 1656 Gorici.

267 1769 412 1834 loannes
436 1767 582 1851 Selauus,
605 1779 637 1834 et
660 1769 746 1834 idem
770 1768 957 1848 monachus,
983 1770 1143 1834 concessit
1165 1767 1269 1833 eidem
1296 1770 1488 1834 monasterio
1512 1768 1628 1852 (sancti
1651 1769 1787 1833 Joannis

13 1951 14 1960 χ
103 1878 133 1939 in
155 1872 340 1964 Belgrado)
365 1885 466 1940 totum
484 1898 575 1940 suum
597 1875 749 1954 alodium,
763 1875 848 1962 quod
873 1877 970 1941 estin
993 1875 1144 1960 Agorizo,
1161 1874 1287 1940 volente
1310 1897 1349 1940 ac
1372 1874 1582 1940 collaudante
1606 1897 1664 1938 suo
1689 1875 1788 1940 fratre

13 1985 15 2006 ³
104 1981 243 2062 Nosdra,
282 1984 316 2046 in
347 1981 459 2046 horum
492 1983 655 2068 presentie
686 1984 834 2047 testium:
868 1981 965 2066 Regis
998 1981 1151 2047 videlieet
1184 1982 1368 2063 Suinimiri,
1401 2004 1597 2068 suorumque
1632 1981 1786 2046 nobilium

13 2169 15 2180 1
104 2092 320 2175 iuppanorum
358 2089 542 2154 Stressinne
566 2087 787 2153 Berberisticb
811 2098 843 2152 et
865 2088 981 2153 Jacobi
1007 2091 1161 2176 tepzonis,
1186 2099 1218 2152 et
1239 2087 1319 2152 Jure
1343 2091 1494 2154 nonensis
1519 2089 1660 2174 iuppani,
1685 2087 1786 2152 Medii

104 2194 232 2259 abbatie
259 2195 363 2259 saneti
385 2193 572 2279 Grisogoni,
596 2217 668 2260 cum
692 2194 885 2281 quibusdam
910 2197 977 2259 suis
1001 2193 1177 2260 monachis.

264 2323 445 2379 Policborion
467 2341 485 2378 u
505 2323 604 2380 srkivu
627 2325 802 2396 nadurskoga
828 2325 976 2397 gnbernija
1000 2324 1009 2378 i
1033 2325 1138 2380 Lucius
1161 2325 1294 2381 Memorio
1317 2325 1354 2380 di.
1377 2325 1462 2380 Tren.
1487 2342 1513 2394 p.
1539 2323 1627 2380 495.’

714 2617 866 2700 novit.
894 2618 984 2702 oto
1010 2642 1044 2720 g.
1074 2620 1192 2702 roso.

107 2781 197 2856 Popis
214 2783 368 2842 roelitittlt
392 2781 524 2842 darovob
548 2781 701 2856 adime-reik
716 2786 890 2841 somostoao
912 2799 953 2840 so.
978 2783 1076 2841 Iouna
1098 2801 1140 2844 eo.
1166 2801 1186 2841 u
1209 2783 1369 2859 Belpradu,
1392 2801 1430 2842 aa
1452 2785 1559 2842 orieme
1583 2785 1674 2859 Majo
1696 2789 1786 2858 opatu

13 2889 14 2898 ’
795 2890 891 2962 istopa
913 2891 1094 2949 sumostano.

264 3023 315 3088 De
340 3026 480 3088 terrain
505 3010 737 3089 loco'Naraob.

263 3129 325 3194 Est
344 3141 376 3195 et
395 3128 459 3194 alia
482 3129 602 3196 ibidem
627 3154 723 3217 quam
747 3133 824 3196 emit
841 3132 885 3197 M.
909 3133 1021 3216 abbas,
1036 3135 1119 3221 Lupi
1135 3135 1291 3222 elbbatis)
1317 3156 1491 3208 successor,
1509 3143 1583 3199 octo
1607 3132 1719 3198 solidis
1744 3135 1784 3198 de

13 3265 14 3286 2
105 3235 287 3302 Chalainua
309 3249 341 3302 et
362 3237 513 3320 Junassa,
538 3240 679 3326 quinque
710 3239 788 3303 locis
812 3241 988 3327 dispertita.
1013 3239 1166 3305 'Postibus
1192 3241 1252 3305 bis.

264 3345 314 3410 De
337 3345 401 3410 alia
423 3347 563 3410 terrain
588 3345 700 3410 eodem
726 3345 805 3412 loco.
959 3349 962 3354 ’

263 3451 323 3516 Est
347 3463 379 3518 et
401 3450 465 3516 alie
487 3452 608 3521 ibidem
633 3475 729 3539 quam
753 3455 830 3518 emit
853 3453 907 3518 ille
931 3453 1015 3519 idem
1045 3452 1157 3518 abbas.
1183 3453 1225 3517 M.
1251 3477 1271 3516 a
1294 3453 1441 3518 Desinna
1465 3473 1521 3539 pro
1545 3453 1579 3518 X
1609 3457 1782 3518 remanetis

104 3579 122 3619 a
143 3557 208 3623 filio
233 3557 388 3622 Belemiri
413 3569 445 3624 et
467 3582 487 3622 a
505 3568 619 3644 nepote
642 3557 817 3638 bladosius,
836 3581 908 3624 cum
927 3561 1033 3646 petris,
1052 3561 1153 3646 aquis,
1171 3559 1261 3623 siluis
1279 3560 1470 3624 etomnibus
1488 3561 1554 3624 suis
1572 3559 1780 3646 appendiciis.

13 3683 15 3694 ’
106 3661 257 3728 Testibns
283 3664 351 3730 bis:
376 3662 520 3728 Seimolli
545 3664 702 3729 dnornich
726 3677 758 3730 et
782 3663 948 3730 Chelenna
980 3677 1012 3730 et
1043 3665 1137 3730 Petro
1159 3665 1199 3730 de
1231 3667 1302 3730 vico
1334 3665 1473 3729 Treizisi
1505 3676 1538 3730 et
1570 3665 1728 3749 Deilgaza
1750 3675 1782 3730 et

13 3753 15 3802 ³
106 3769 263 3836 Zudinuu.
288 3770 359 3838 Heu
381 3775 489 3838 autem
513 3782 588 3836 sunt
610 3773 740 3836 nomina
762 3795 894 3836 auorum
919 3769 1014 3850 illius,
1032 3773 1088 3859 qui
1109 3770 1169 3835 hoc
1186 3772 1379 3836 territorium
1407 3772 1565 3839 vendidit:
1591 3770 1773 3857 Cyprianus

107 3898 183 3940 auus
207 3877 289 3958 eius,
311 3879 386 3942 auia
409 3877 544 3958 Helena,
582 3887 673 3964 pater
697 3879 766 3942 eius
798 3877 963 3944 Clonimir.
989 3879 1062 3964 Ipse
1085 3889 1192 3943 autem
1226 3877 1374 3942 venditor
1407 3880 1588 3944 nominatus
1610 3891 1659 3943 est
1683 3877 1778 3944 Uble·

13 4029 15 4050 .
108 3981 198 4046 diebu
222 3983 264 4048 de
288 3981 532 4064 Cbelmenuani,
567 3985 659 4048 euius
690 3983 883 4048 venditionis
916 3997 990 4050 suot
1022 3984 1065 4050 hii
1096 3994 1195 4048 testes
1228 3983 1352 4048 idonei:
1390 3985 1616 4070 Lampredius,
1639 3985 1778 4066 llliohail,

13 4089 14 4154 i
109 4085 218 4153 Petrus
242 4089 367 4176 longus,
391 4087 596 4176 Nycbiforbs,
620 4090 834 4154 Prestancius.

263 4197 309 4260 De
333 4205 418 4260 terra
441 4195 629 4261 Pissacbani
653 4197 685 4260 in
709 4195 821 4260 eodem
846 4195 927 4261 loco.

13 4373 15 4384 ἶ
262 4300 322 4366 Est
343 4310 375 4365 et
398 4301 516 4370 ibidem
541 4302 605 4366 alia
626 4325 721 4389 quam
746 4303 823 4366 emit
846 4300 896 4368 ille
922 4302 1004 4366 idem
1029 4301 1131 4366 abbas
1155 4301 1197 4368 M.
1216 4300 1357 4366 XXXV.
1384 4302 1493 4368 solidis
1517 4303 1557 4368 de
1581 4301 1778 4387 Pissacbeni,

13 4389 15 4466 l
111 4417 140 4470 et
160 4409 312 4494 quicquid
338 4407 519 4494 pertinebat
541 4407 586 4474 illi
610 4420 693 4474 terre
710 4409 740 4472 in
757 4409 859 4494 uqnis,
878 4410 985 4494 petris,
1003 4407 1104 4474 siluis.
1121 4407 1273 4472 Testibus
1292 4407 1359 4472 bis:
1378 4409 1545 4490 Stresinna
1562 4409 1777 4476 Berberistieh

13 4583 15 4604 .
112 4527 140 4577 et
161 4517 303 4602 quinque
327 4517 392 4580 suis
419 4515 582 4596 militibus,
608 4525 640 4578 et
668 4514 834 4595 Streisata,
860 4515 1022 4580 Suinimiri
1047 4513 1132 4595 regis
1158 4513 1325 4578 auunculo.

263 4620 313 4685 De
338 4633 424 4684 terra
447 4621 487 4686 ud
511 4644 619 4685 muros
643 4644 738 4707 quarn
764 4619 911 4684 vendidit
934 4619 1117 4702 Pribinego

13 4793 15 4822 i
264 4727 379 4792 Eidem
404 4729 597 4793 monasterio
614 4727 760 4792 vendidit
782 4749 871 4790 suam
889 4737 1017 4806 terram,
1043 4749 1104 4811 que
1125 4737 1174 4790 est
1197 4725 1237 4790 ad
1261 4749 1378 4800 muros,
1397 4726 1569 4810 Pribinego
1595 4739 1626 4791 et
1650 4735 1697 4794 sui
1723 4751 1778 4815 pa-

13 4839 15 4850 “
115 4845 214 4899 rentes
237 4857 295 4922 pro
323 4833 387 4899 VII
407 4833 531 4900 solidis.
547 4833 698 4900 Testibus
717 4833 775 4912 bis,
794 4831 1008 4898 Cbrnoheuna
1025 4833 1204 4918 postiuppo,
1221 4843 1253 4898 et
1269 4832 1372 4898 Vitale
1389 4855 1447 4898 suo
1464 4856 1592 4918 genero,
1606 4847 1637 4898 et
1658 4833 1777 4898 Chare-

13 4923 15 4956 l
114 4938 189 5023 bina,
212 4950 244 5008 et
268 4941 330 5008 boc
354 4941 414 5007 snb
439 4951 581 5028 tempore
605 4941 731 5006 abbatis
756 4939 800 5005 M.

263 5047 314 5112 De
339 5049 497 5113 territorio
520 5045 630 5112 These
652 5048 685 5110 in
706 5045 830 5110 Elzani.

260 5153 377 5219 Eidem
401 5155 595 5218 monasterio
622 5153 767 5218 vendidit
794 5162 894 5218 totum
912 5175 1003 5217 suum
1022 5153 1217 5217 territorium
1235 5153 1266 5214 in
1283 5151 1407 5233 Eleusi,
1433 5151 1550 5234 These,
1577 5151 1660 5220 filius
1679 5151 1778 5218 Jurra

116 5279 166 5343 pro
189 5258 249 5323 XV
277 5261 461 5343 remanetis,
482 5270 514 5324 et
536 5257 597 5324 hoc
614 5257 674 5326 sub
690 5267 834 5345 tempore
850 5257 977 5324 abbatis
992 5257 1037 5322 M.
1056 5257 1189 5322 testibus
1208 5257 1275 5322 bis:
1300 5257 1473 5340 Radoslao,
1497 5259 1621 5340 Museo,
1646 5241 1799 5340 Liuianis

117 5377 145 5429 et
162 5364 321 5454 Stephano
341 5366 438 5432 fratre
455 5365 619 5450 Radoslui,
637 5376 668 5432 et
685 5365 872 5454 Milodrago,
893 5376 925 5430 et
938 5364 1105 5448 Jureinna,
1121 5363 1253 5446 Jaoono,
1271 5375 1303 5428 et
1322 5363 1494 5446 Vnerdata,
1511 5363 1682 5451 Aprizonis
1700 5363 1774 5431 tilio.
