4300 5930
1760 379 1822 446 179

138 603 212 644 enm
236 581 539 668 predecessessores
564 583 610 644 tui
635 582 781 666 quinque
803 577 1086 661 hebdomadarios,
1110 577 1324 663 presbiterum
1348 575 1481 658 seilicet,
1515 575 1657 656 levitam,
1690 572 1820 638 subdia·

138 708 267 768 conum,
292 685 473 772 acolythum
498 694 530 750 et
552 686 719 749 sacristam
745 707 802 770 per
825 693 924 748 totam
949 693 1134 748 tenerentur
1156 681 1392 747 hebdomadam
1417 703 1600 767 procurare,
1626 688 1658 743 et
1677 679 1739 742 hoc
1774 679 1820 741 eis

137 790 344 876 importabile
367 790 541 870 videretur,
566 793 610 852 ita
632 798 854 853 conuenerunt
876 811 949 852 cum
974 790 1147 869 canonicis,
1174 798 1207 851 ut
1235 809 1293 874 pro
1329 787 1634 871 recompensatione
1669 804 1820 870 procura-

137 896 262 958 tianum
287 895 543 980 supradictarum
569 893 725 958 haberent
747 895 809 979 ipsi
833 903 979 980 quartam
1004 894 1228 958 decimationis
1253 901 1284 956 et
1305 890 1503 954 oblationum
1528 891 1568 954 de
1585 911 1720 976 corpore
1735 888 1812 951 ciui-

138 1003 224 1080 tatis,
250 1002 334 1092 sicut
356 1001 388 1063 in
413 1001 541 1086 scriptis
573 999 656 1064 bone
689 1001 842 1062 memorie
874 997 1001 1080 Gaudii,
1034 998 1171 1063 Gerardi
1205 1007 1237 1061 et
1260 996 1357 1078 Petri,
1391 995 1656 1082 predecessorum
1679 1003 1819 1070 tuorum,

138 1107 324 1170 continetur
350 1127 551 1191 expressum.
575 1103 733 1168 Petebant
757 1105 887 1190 insuper
911 1103 1079 1168 duodecim
1105 1101 1241 1188 prandia
1264 1101 1446 1165 constitutis
1470 1109 1502 1163 et
1531 1101 1628 1164 certis
1660 1097 1817 1161 festiuita·

137 1210 226 1275 tibus
250 1213 325 1274 anni
352 1209 569 1296 percipienda,
593 1210 773 1294 potationes
808 1207 1049 1288 sabbathorum,
1082 1217 1114 1270 et
1144 1208 1386 1293 procurationes
1423 1203 1524 1269 tribus
1554 1202 1816 1268 hebdomadariis

143 1315 283 1399 singulis
307 1315 422 1380 diebus
445 1316 616 1380 dominicis
639 1313 847 1379 exhibendas.
874 1313 956 1378 Cum
981 1313 1079 1397 igitur
1102 1334 1160 1377 nos
1185 1311 1294 1375 multis
1319 1321 1351 1374 ct
1373 1311 1472 1374 variis
1494 1310 1632 1395 negotiis
1655 1307 1813 1392 occupati,

137 1418 180 1483 ad
204 1418 265 1483 hec
288 1417 454 1484 intendere
479 1442 542 1484 non
567 1441 743 1504 possemus,
768 1417 987 1484 venerabilem
1013 1418 1143 1481 fratrem
1169 1425 1315 1482 nostrum
1336 1414 1367 1479 J.
1383 1413 1613 1479 viterbiensem
1630 1413 1818 1499 episcopum

138 1527 243 1589 sancti
269 1523 455 1604 Clementis,
478 1535 510 1590 et
534 1523 686 1588 dilectum
710 1523 812 1587 filium
836 1521 873 1587 Ο.
897 1523 937 1587 de
961 1533 1071 1587 sancto
1095 1521 1250 1609 apostolo,
1276 1529 1386 1586 sancte
1411 1521 1512 1584 Maris
1537 1521 1569 1584 in
1597 1519 1727 1583 Porticn
1752 1517 1818 1581 dia·

138 1652 240 1694 conos
264 1629 453 1710 cardinales,
479 1629 572 1692 vobis
596 1631 815 1693 concessimus
838 1628 1019 1711 auditores;
1042 1629 1075 1692 in
1101 1647 1237 1712 quorum
1262 1625 1421 1712 siquidem
1456 1647 1515 1689 vos
1547 1625 1711 1708 presentia
1743 1643 1817 1685 con-

139 1737 253 1815 stituti,
277 1745 351 1820 post
375 1733 490 1798 multas
514 1734 763 1818 disceptationes
788 1743 819 1797 et
847 1731 1057 1818 allegationes
1089 1731 1164 1796 hinc
1194 1730 1271 1795 inde
1301 1731 1420 1794 saniori
1452 1731 1500 1794 usi
1532 1727 1678 1808 consilio,
1710 1725 1818 1790 taliter

139 1840 349 1920 conuenistis,
374 1838 461 1924 quod
484 1847 632 1923 quartam
656 1847 781 1924 partem
805 1836 1030 1902 decimationis
1066 1847 1100 1900 et
1133 1835 1305 1901 oblationis
1341 1836 1483 1898 ciuitatis
1518 1856 1576 1898 vos
1609 1832 1718 1897 clerici
1755 1832 1818 1916 ipsi

138 1942 384 2030 archiepiscopo
408 1943 620 2022 constituetis,
645 1955 677 2006 et
702 1951 745 2020 tu,
771 1941 872 2006 frater
891 1941 1143 2028 archiepiscope,
1175 1939 1269 2004 dabis
1298 1939 1428 2004 clericis
1460 1939 1645 2003 memoratis
1676 1936 1716 1999 de
1749 1937 1819 2020 ipsa

138 2057 255 2134 quarta
279 2059 370 2133 parte
394 2045 617 2112 decimationis
642 2057 673 2111 et
697 2031 896 2110 oblationum
922 2069 979 2131 per
1001 2055 1091 2110 tuum
1122 2053 1362 2130 procuratorem
1397 2045 1563 2108 annuatim
1598 2042 1714 2126 viginti
1749 2062 1819 2126 per-

139 2176 235 2238 peros
261 2176 318 2238 pro
344 2155 642 2240 recompensatione
666 2151 922 2237 supradictarum
958 2151 1228 2237 procurationum,
1260 2157 1293 2213 et
1327 2146 1412 2233 quod
1447 2145 1612 2211 residuum
1645 2145 1743 2210 fuerit
1777 2144 1817 2209 de
1865 2195 1870 2204 .

138 2260 211 2344 ipsa
234 2269 359 2344 quarta,
382 2259 415 2323 in
440 2281 517 2324 usus
541 2267 612 2322 tuos
637 2268 669 2321 et
692 2257 896 2321 commodum
921 2264 1135 2320 conuertatur.
1160 2253 1313 2317 Preterea
1337 2260 1543 2316 sextantum
1566 2249 1811 2337 prandiadabis

142 2363 266 2429 eisdem
292 2366 419 2428 statutis
442 2363 670 2450 festiuitatibus
693 2365 778 2444 anni,
804 2361 946 2426 scilicet:
983 2361 1085 2424 sancti
1119 2357 1260 2438 Domnii,
1292 2365 1504 2443 pentecostes,
1532 2358 1564 2419 in
1595 2353 1805 2420 translatione

143 2467 232 2532 beati
257 2467 398 2552 Domnii,
425 2471 527 2534 sancti
551 2469 726 2552 Anastasii,
751 2477 934 2532 sanctornm
958 2465 1075 2531 Cosme
1092 2474 1124 2528 et
1139 2463 1289 2528 Damiani
1307 2471 1339 2526 et
1357 2459 1529 2543 Vincentii,
1548 2461 1727 2547 potationes
1744 2457 1817 2522 sab·

101 2611 106 2619 ·
139 2571 322 2653 bathorum‚
346 2583 378 2636 et
401 2575 504 2639 tribus
529 2570 790 2638 hebdomadariis
814 2570 951 2655 singulis
976 2570 1145 2633 dominicis
1169 2567 1284 2632 diebus
1307 2568 1560 2652 procurationes,
1588 2564 1631 2630 ab
1665 2563 1815 2628 omnibus

138 2688 171 2741 et
195 2677 269 2740 aliis
293 2677 472 2759 adiutoriis,
497 2699 559 2762 que
585 2700 604 2740 a
628 2679 725 2743 totius
749 2677 888 2740 ciuitatis
913 2675 1039 2739 clericis
1061 2673 1170 2739 debito
1195 2671 1371 2758 expetebas
1395 2680 1460 2734 tam
1484 2693 1543 2757 pro
1566 2679 1607 2748 te,
1632 2691 1729 2755 quam
1755 2689 1812 2754 pro

140 2781 386 2846 successoribus
411 2784 485 2863 tuis,
510 2781 672 2866 predictos
697 2781 831 2844 clericos
855 2789 1011 2866 perpetuo
1034 2778 1150 2842 reddes
1185 2779 1354 2840 immunes.
1390 2775 1496 2856 Quam
1532 2776 1642 2861 utique
1676 2795 1815 2837 conuen-

137 2888 261 2960 tionem
286 2887 491 2952 amicabilem
515 2888 556 2952 de
580 2910 731 2951 asssensu
756 2897 788 2952 et
810 2887 975 2950 voluntate
999 2885 1166 2968 utriusque
1189 2882 1290 2968 partis
1313 2880 1442 2962 factam,
1467 2901 1525 2944 nos
1542 2889 1644 2943 ratam
1660 2878 1817 2942 habentes

140 3000 173 3054 et
195 2994 332 3074 firmam,
358 3016 421 3057 non
445 2992 648 3057 obstantibus
673 2993 802 3077 scriptls
826 2991 1031 3078 supradictis,
1056 2988 1109 3054 vel
1132 2987 1206 3052 aliis
1229 2988 1262 3050 in
1286 2985 1499 3073 preiudicium
1528 2985 1631 3070 ipsius
1662 2983 1819 3068 archiepi-

140 3100 230 3182 scopi
252 3098 493 3183 apparentibus,
514 3121 586 3162 eam
610 3099 801 3161 auctoritate
825 3095 1002 3181 apostolica
1033 3096 1270 3159 confirmamus.
1305 3089 1521 3155 Decernimus
1546 3111 1634 3173 ergo,
1667 3097 1702 3152 ut
1733 3086 1813 3151 nulli

139 3205 273 3266 omnino
297 3201 461 3267 hominum
486 3202 582 3266 licoat
605 3201 688 3266 hanc
711 3204 862 3287 paginam
884 3210 994 3264 nostre
1018 3198 1273 3263 confirmationis
1298 3195 1485 3279 infringere,
1509 3193 1561 3258 vel
1594 3195 1624 3258 ei
1654 3216 1735 3264 ausu
1770 3201 1813 3256 te·

140 3311 280 3372 merario
305 3310 475 3373 contraire.
499 3307 533 3372 Si
558 3310 631 3394 quis
654 3317 759 3372 autern
778 3307 839 3370 hoc
856 3313 1046 3392 attemptare
1063 3303 1304 3390 presumpserit,
1321 3300 1574 3384 indignationem
1591 3299 1818 3384 omnipotentis

138 3412 192 3476 dei
215 3423 248 3476 et
271 3412 438 3477 beatorum
463 3413 548 3476 Petri
572 3423 604 3476 et
628 3411 719 3475 Pauli
742 3410 960 3495 apostolorum
988 3411 1057 3473 eius
1083 3407 1117 3472 se
1141 3408 1269 3472 nouerit
1289 3409 1503 3472 incursurum.
1525 3405 1647 3470 Datum
1664 3402 1817 3468 Laterani

138 3516 252 3582 XXII.
280 3517 438 3582 kalendas
461 3517 551 3598 iuhii,
578 3516 784 3603 pontificatus
808 3517 909 3580 nostri
932 3536 1016 3606 anno
1040 3521 1143 3576 sexto.

290 3715 407 3770 sarrae.
430 3714 577 3785 ruyaeum
601 3713 718 3769 eaerum
741 3713 777 3773 r.
803 3713 846 3768 111
863 3732 892 3784 p.
919 3701 1001 3770 aas.¹

477 4055 752 4139 ccxxxlx.
781 4055 979 4186 1196315.
1006 4055 1159 4157 llpnju
1186 4054 1224 4136 U
1251 4053 1483 4135 Laterauu.

86 4285 92 4302 .
138 4239 270 4298 Calcatis
294 4239 360 4297 111.
379 4255 475 4310 papa,
498 4235 603 4296 ualuis
626 4236 780 4308 buturum
802 4234 1032 4294 strodiuakoma
1054 4235 1066 4290 ι’
1088 4233 1275 4309 trtinskomu,
1301 4232 1342 4290 da
1364 4233 1453 4292 aride
1481 4249 1589 4306 raspre
1611 4231 1711 4304 media
1742 4229 1817 4288 aad·

617 4359 768 4430 sssuapom
791 4357 956 4430 sotietatem
978 4357 991 4414 i
1014 4356 1171 4431 mascrime?
1194 4353 1345 4414 kanonici.

291 4545 476 4610 celestinus
501 4547 671 4631 episcopus
696 4567 809 4610 seruus
834 4564 998 4635 seruorum
1021 4543 1082 4622 dei,
1106 4541 1349 4607 venerabilibus
1372 4539 1528 4606 fratribus
1550 4541 1757 4606 scardonensi
1786 4548 1818 4603 et

135 4654 273 4743 tiniensi
294 4653 454 4736 episcopis
474 4651 609 4715 salutem
633 4660 664 4714 et
687 4649 898 4735 apostolicam
935 4647 1200 4712 benedictionem.
1233 4645 1314 4712 Cum
1346 4646 1543 4711 venerabilis
1575 4646 1675 4709 frater
1708 4653 1817 4710 noster

136 4757 403 4842 archiepiscopus
428 4767 535 4833 vester
556 4765 588 4820 et
610 4757 678 4818 eius
703 4747 850 4817 carronici
873 4755 905 4817 in
930 4763 1039 4818 nostra
1062 4762 1171 4817 essent
1193 4753 1355 4839 presentia
1378 4753 1552 4834 constituti,
1570 4774 1667 4837 super
1692 4751 1819 4816 decima

136 4874 229 4949 parte
254 4860 515 4941 decimationum,
540 4859 666 4946 quade
693 4869 760 4922 toto
783 4858 1063 4943 archiepiscopatu
1086 4867 1180 4921 extra
1203 4858 1367 4922 ciuitatem
1394 4845 1596 4942 proueniunt,
1631 4858 1693 4942 ipsi
1722 4877 1817 4920 cano·

133 4969 200 5032 nici
224 4966 382 5030 aduersus
404 4965 543 5030 eundem
566 4963 846 5050 archiepiscopum
871 4972 1026 5047 ceperunt
1051 4983 1230 5046 proponere
1254 4963 1472 5046 questionem,
1507 4971 1539 5026 et
1570 4959 1715 5025 camah
1746 4961 1816 5044 ipso

138 5094 212 5136 cum
237 5071 392 5134 instantia
415 5069 586 5155 postulare.
612 5067 732 5133 Verum
758 5069 921 5152 quianon
947 5071 1104 5130 venerunt
1129 5064 1256 5130 adhoc
1286 5065 1487 5130 sufficienter
1518 5065 1675 5144 instructi,
1700 5065 1815 5128 'vestro

139 5176 294 5241 duximus
319 5177 461 5239 examini
486 5173 748 5239 committendam
773 5181 805 5236 et
826 5172 890 5236 fine
910 5170 1018 5237 debito
1042 5172 1289 5238 terminandam.
1309 5173 1456 5259 ,Ideoque
1488 5171 1679 5238 fraternitati
1709 5178 1818 5234 vestre
