4292 5926
1777 385 1819 452 69

132 580 291 666 religione
314 581 394 646 iuris
417 578 544 644 iurandi
566 578 697 644 honoris
711 577 853 642 Vesecie
869 579 992 644 astricti
1011 587 1114 660 erunt,
1131 579 1276 658 consilio,
1294 577 1486 644 confirmare
1503 578 1691 645 debeamus.
1716 577 1813 658 Quod

135 688 163 751 si
186 685 272 752 forte
294 689 379 752 inter
402 706 437 749 se
460 683 682 765 dissenserint,
707 693 740 748 et
762 681 803 747 de
827 681 905 765 suis,
930 683 1014 748 sicut
1037 687 1290 770 suprascriptum
1316 695 1374 766 est,
1399 684 1602 750 concorditer
1627 683 1746 768 eligere
1764 706 1819 748 no·

137 791 267 872 luerint,
292 791 333 856 de
356 790 520 856 Veneticis
544 787 742 876 dnos‚·quos
767 787 939 867 voluerint,
963 787 1087 875 absque
1112 790 1282 854 exactione
1314 787 1415 854 libere
1447 788 1577 875 eligant,
1614 799 1646 854 et
1680 812 1741 854 non
1778 790 1819 853 de

132 895 261 964 alienis.
286 895 354 962 Nos
378 917 456 960 vero
481 915 582 960 unum
605 892 746 974 axillis,
769 913 866 980 quern
889 891 1101 976 voluerimus,
1124 893 1287 958 communi
1317 892 1452 958 consilio
1473 893 1745 960 confirmabimus.
1780 871 1817 957 11}

132 1003 368 1090 presentiarum
392 1023 471 1066 vero
499 998 729 1066 deVeoeticis
754 1019 973 1084 utrumquem
998 997 1162 1064 voluerint
1184 996 1304 1084 eligere
1335 997 1485 1064 debeant.
1518 997 1637 1064 Actum
1673 1009 1722 1064 est
1758 999 1819 1063 hoc

132 1109 168 1174 in
191 1091 312 1194 mistio
338 1105 491 1186 venecia,
514 1115 659 1190 tempore
684 1103 822 1169 ducatus
846 1101 962 1168 Vitalis
988 1101 1156 1170 Michaelis
1179 1103 1231 1168 dei
1254 1105 1366 1188 gracia
1400 1103 1594 1169 nobilissimi
1621 1104 1724 1190 atque
1752 1104 1819 1190 glo-

132 1235 305 1280 nosrssrms
330 1213 434 1278 ducis.
459 1209 555 1276 Anno
582 1209 704 1274 domini
736 1209 781 1274 hl.
805 1199 842 1276 O.
878 1211 1083 1294 sexagesimo
1120 1209 1175 1274 Vl.
1208 1210 1384 1275 indictione
1418 1209 1669 1296 quartadecima,
1702 1222 1816 1296 quarto

133 1318 296 1384 kalendas
318 1317 399 1383 iulii.
423 1315 552 1381 Prefate
575 1325 683 1379 tamen
708 1314 875 1380 electionis
907 1315 1019 1380 ordine
1051 1317 1120 1382 sine
1155 1315 1268 1381 fraude
1294 1326 1438 1398 seruato,
1471 1318 1497 1379 si
1535 1314 1697 1379 noluerint
1730 1305 1819 1402 prius

132 1447 232 1511 quam
256 1447 275 1488 a
299 1421 393 1488 nobis
417 1421 590 1509 premuniti
613 1420 742 1502 fuerint,
767 1419 854 1484 infra
877 1418 916 1484 V.
943 1442 1071 1486 menses
1096 1420 1286 1486 electionem
1311 1423 1395 1486 sicut
1418 1423 1672 1510 suprascriptum
1697 1433 1746 1486 est
1773 1421 1818 1484 fa-

133 1553 219 1614 cere,
242 1531 275 1596 in
300 1537 458 1618 potestate
482 1536 591 1592 nostra
614 1525 728 1590 electio
752 1527 836 1590 sicut
859 1525 1066 1590 confirmacio
1091 1527 1282 1607 remanebit,
1299 1535 1331 1591 et
1347 1525 1408 1590 hoc
1424 1528 1493 1590 sine
1507 1525 1558 1591 dei
1576 1527 1817 1613 impedimento.

288 1639 310 1718 †
334 1634 406 1719 Ego
429 1631 546 1698 Vitalis
568 1629 716 1716 hliohael,
740 1629 791 1696 dei
816 1631 927 1717 gracia
945 1629 1024 1710 dux,
1051 1655 1147 1697 manu
1171 1655 1244 1698 mea
1267 1633 1391 1720 scripsi.

288 1737 406 1824 †Ego
429 1737 592 1804 Henrious
615 1735 794 1820 Dandolus,
826 1735 878 1800 dei
915 1737 1026 1822 gracia
1059 1737 1229 1822 gradensis
1264 1737 1447 1826 patriarcha
1481 1746 1514 1804 ei
1550 1737 1717 1803 Dalmaoie
1753 1740 1815 1825 pri-

133 1868 215 1928 mas,
241 1847 369 1932 scripsi.

287 1949 403 2032 †Ego
427 1947 638 2015 Sebastianus
661 1945 755 2012 Ziani
780 1970 875 2012 manu
900 1972 972 2014 mes
993 1949 1117 2036 scripsi.

288 2054 404 2141 †Ego
428 2053 545 2118 Vitalis
569 2052 723 2118 Dandulo
816 2105 830 2131 ,
926 2105 940 2132 ,,
1034 2103 1050 2138 „

286 2161 403 2247 †Ego
428 2159 543 2226 Patrne
566 2157 697 2224 Orsiulo
815 2209 829 2236 „
1035 2207 1050 2239 ‚,

286 2265 402 2352 †Ego
427 2262 546 2330 Craton
572 2262 724 2328 Dandulo
818 2311 832 2341 „
926 2311 941 2345 „
1037 2313 1051 2344 ,,

285 2371 402 2455 'stigo
425 2370 594 2436 Johannea
618 2369 742 2433 Bemho
813 2420 827 2446 „
923 2420 938 2451 ,,
1033 2421 1047 2447 ‚‚

288 2475 404 2562 †Ego
427 2475 595 2542 Johannes
619 2473 776 2540 Ceruario
814 2521 829 2548 .
924 2523 938 2547 „

288 2586 310 2665 †
331 2581 404 2666 Ego
428 2581 543 2648 Petrus
563 2580 658 2645 Ziani

286 2689 402 2773 †Ego
417 2686 576 2755 Henrieus
590 2685 773 2752 contareno
814 2734 830 2769 „
925 2735 941 2768 „

288 2793 404 2879 †Ego
427 2792 559 2858 Marcus
579 2791 726 2858 Gauauni
821 2839 833 2866 „
929 2839 945 2874 ‚,

293 2899 409 2984 †Ego
430 2899 545 2963 Petrus
569 2897 721 2984 Ruybulo
819 2947 835 2976 „

207 3017 221 3046 ³
288 3005 404 3091 'sltlgo
431 3001 741 3068 Dominicustelso
818 3053 833 3083 „
928 3053 942 3081 „

196 3138 201 3143 ·
288 3111 404 3195 †Ego
428 3109 578 3174 Andreas
602 3107 696 3173 Geno
818 3160 833 3191 ,‚
930 3159 943 3186 „

288 3217 401 3300 †l·]go
426 3213 692 3281 VitadinoGeno
815 3263 830 3298 ,‚
925 3262 940 3297 „

287 3321 402 3406 iEgo
424 3321 592 3386 Johannes
615 3317 834 3405 Contereno„
929 3366 944 3402 „
1039 3369 1054 3398 ‚‚

287 3431 307 3506 †
330 3427 403 3511 Ego
419 3425 586 3492 Johannes
603 3425 801 3510 Nauigaioso
817 3475 831 3504 ,‚
928 3476 942 3504 „

288 3532 404 3617 †Ego
430 3531 544 3596 Petrus
567 3529 708 3596 Michael
816 3581 830 3612 „
927 3513 971 3613 „¹
1037 3581 1053 3607 ,,

288 3639 404 3724 †Ego
428 3637 612 3724 Stephanus
630 3637 852 3702 Maniamanus
930 3686 943 3714 ,‚
1040 3686 1054 3712 „

205 3763 208 3768 '
287 3745 402 3830 'sitigo
425 3743 591 3810 lohannes
614 3742 766 3808 Dandulo
820 3791 834 3820 „
932 3791 945 3820 ,,

287 3855 309 3934 '†
331 3849 404 3936 Ego
424 3849 492 3914 Leo
518 3848 644 3915 Faletro
1040 3895 1053 3922 ,‚

288 3955 404 4040 †Ego
429 3954 574 4040 Angelus
596 3955 743 4020 Medicus
819 4002 834 4033 „
929 4002 945 4039 ,‚
1039 4001 1055 4037 „

287 4061 403 4149 †Ego
427 4059 566 4126 Michael
591 4058 699 4126 Citino
819 4107 834 4141 „
1117 4047 1123 4062 ⁸

290 4167 406 4252 †Ego
429 4165 599 4254 Philippus
622 4166 733 4232 Bonus
822 4215 836 4244 ,,
911 4214 946 4243 ,,

292 4272 408 4358 †Ego
433 4273 601 4338 Annonias
625 4269 782 4350 Quirinus
822 4321 836 4352 „
931 4321 944 4347 „

293 4377 407 4464 †Ego
425 4377 616 4442 Dominicns
630 4373 833 4456 contareno„
931 4426 944 4455 ,
1040 4425 1054 4452 ,‚

295 4483 409 4570 †Ego
434 4481 597 4548 Henricus
621 4481 713 4546 Bono
784 4485 800 4509 '
822 4530 838 4563 „

291 4589 407 4674 †Ego
430 4583 728 4654 Gnidohlichaelis
821 4637 836 4667 ‚,
931 4636 946 4668 „
1040 4634 1056 4668 „

291 4693 402 4778 †llgo
426 4693 573 4778 Angelus
598 4691 732 4757 Gabriel
819 4743 832 4770 „
990 4757 994 4764 ,

291 4799 407 4885 †Ego
430 4798 541 4864 Marco
565 4797 732 4862 Dauidore
820 4847 833 4874 „
929 4847 943 4876 ‚‚
1038 4847 1052 4876 ‚‚

244 4956 247 4968 .
291 4905 406 4990 †Ego
426 4903 594 4969 Johannes
618 4901 720 4966 Naiao
820 4951 834 4982 „

292 5009 407 5096 †Ego
433 5007 603 5074 Rainerius
626 5005 733 5072 Joune
819 5057 833 5086 „

293 5114 409 5202 †Ego
432 5113 574 5180 Eunicus
598 5110 783 5178 contareno
820 5157 836 5194 „
931 5157 945 5188 ,

293 5217 836 5306 †EgoLecnardnsSagorninus„
930 5263 946 5299 „
1042 5265 1056 5294 ,
