4292 5926
347 394 386 460 18

344 606 538 671 possessam,
564 583 615 648 dei
635 581 756 648 auxilio
779 581 890 666 fretus,
915 605 987 647 cum
1013 604 1052 647 ea
1075 591 1257 648 nostrorum
1283 594 1523 649 antecessorum
1549 593 1635 649 esset
1668 583 1842 665 hereditas,
1874 607 2019 650 necessa

344 691 427 754 rium
455 688 534 754 duxi
557 691 703 776 recipere
727 711 797 752 eam
820 688 914 752 ab
886 711 943 767 ers,
967 697 999 752 et
1022 689 1149 754 tradere
1173 687 1341 754 chatolicis
1374 699 1405 754 et
1428 688 1617 754 orthodoxis
1641 692 1739 774 viris3
1770 699 1929 776 quatenus
1960 711 2020 754 non

345 795 447 860 solum
473 793 564 877 mihi,
590 815 702 858 verum
727 795 823 858 etiam
847 793 997 858 omnibus
1021 796 1138 859 nostris
1174 796 1362 882 propinquis
1394 795 1473 860 deus
1504 797 1661 881 propitius
1691 804 1788 860 esset.
1820 793 1916 860 Unde
1949 817 2020 860 con·

345 903 434 966 tinuo
458 901 581 966 vocatis
605 899 719 964 adme
742 899 906 964 monachis
930 902 1031 964 sancti
1058 899 1251 965 benedictini
1277 899 1412 982 cenobii,
1438 900 1615 988 predictam
1634 902 1804 966 ecclesiam
1820 903 1922 966 sancti
1939 899 2021 964 Mar-

344 1008 413 1087 tini,
437 1027 509 1070 cum
534 1003 694 1088 omnibus,
719 1027 782 1091 que
806 1006 836 1069 ei
860 1005 1024 1091 pertinere
1047 1005 1253 1088 videbantur,
1277 1017 1392 1091 sponte
1416 1006 1607 1089 condonaui,
1632 1017 1735 1072 terras
1751 1006 1905 1072 videlicet
1926 1015 2021 1094 atque

344 1113 466 1192 vineas,
490 1109 602 1174 domos
626 1119 658 1174 et
679 1109 800 1196 predia,
826 1109 959 1174 mobilia
981 1121 1014 1176 et
1042 1110 1222 1176 immobilia
1253 1114 1408 1177 concessi.
1443 1113 1582 1198 Insuper
1613 1122 1645 1177 et
1678 1112 1834 1178 ducentas
1867 1134 1958 1194 oues,
1993 1121 2022 1176 et

344 1237 460 1279 nouem
484 1237 606 1296 seruos,
630 1215 692 1279 tria
715 1216 790 1298 iuga
814 1215 945 1297 bouum,
971 1225 1002 1280 et
1025 1200 1139 1301 viginti
1165 1228 1302 1302 quatuor
1324 1239 1450 1283 vaccas.
1476 1218 1588 1304 Itaque
1620 1227 1847 1283 testamentum
1878 1217 2021 1282 firmissi-

262 1311 268 1356 2
344 1342 432 1384 mum
457 1321 503 1384 eis
527 1319 620 1401 facio,
657 1328 689 1384 et
711 1319 819 1384 nullus
843 1321 894 1403 sit,
919 1321 973 1405 qui
993 1321 1214 1386 contradicere
1238 1321 1364 1402 audeat,
1390 1321 1441 1386 vel
1464 1321 1587 1409 aliquid
1611 1321 1724 1388 tollere
1758 1331 1932 1408 presumat,
1967 1319 2022 1384 sed

344 1427 449 1510 magis
472 1426 625 1510 ampliato
649 1447 784 1488 munere
810 1447 866 1506 pro
890 1427 1008 1490 nostris
1032 1426 1211 1508 animabus,
1236 1435 1268 1490 et
1290 1448 1349 1494 sua
1369 1427 1472 1492 salute
1504 1427 1645 1492 fideliter
1678 1427 1807 1492 tribuat.
1841 1425 1898 1490 Sin
1929 1424 2022 1490 aliter

344 1533 455 1616 egerit,
478 1541 510 1596 et
530 1533 594 1596 iam
618 1530 739 1596 dictem
764 1529 934 1596 ecclesiam
954 1554 973 1594 a
996 1534 1189 1596 monasterio
1214 1535 1317 1597 sancti
1342 1531 1511 1596 Benedicti
1536 1554 1688 1617 separare
1712 1533 1929 1617 temptauerit,
1963 1531 2021 1594 ira-

343 1647 411 1702 tum
436 1637 555 1702 habeat
579 1638 698 1701 trinum
724 1647 756 1701 et
779 1659 877 1701 unum
902 1635 1008 1718 deum,
1033 1645 1066 1702 et
1088 1659 1106 1699 a
1130 1639 1251 1701 sanctis
1272 1637 1407 1721 angelis,
1432 1637 1606 1723 prophetis,
1636 1647 1669 1701 et
1699 1636 1865 1722 apostolis,
1899 1645 1933 1700 et
1962 1643 2022 1700 tre-

343 1745 446 1809 centis
475 1753 506 1808 et
530 1752 601 1808 octo
624 1745 745 1822 sanetis
769 1742 913 1828 patribus
938 1751 1124 1828 perpetuam
1151 1744 1182 1806 in
1207 1765 1242 1808 se
1267 1741 1525 1808 maledictionem
1549 1745 1694 1830 recipiat,
1719 1743 1752 1806 in
1777 1741 1957 1806 novissimo
1973 1739 2022 1804 dei

227 1879 233 1890 ¹
344 1848 462 1914 iudicio
487 1871 559 1913 cum
584 1847 724 1928 diaholo,
749 1849 880 1934 suisque
904 1849 1058 1912 ministris
1085 1856 1195 1912 aterna
1225 1871 1317 1934 pena,
1349 1857 1381 1912 et
1410 1847 1650 1934 inextinquibili
1684 1847 1815 1912 flamma
1850 1847 2022 1912 crucietur.

491 1953 535 2018 Et
560 1975 620 2039 ego
644 1953 685 2018 A.
709 1953 810 2018 abbas
835 1975 892 2038 pro
915 1952 1058 2018 iussione
1082 1951 1205 2017 domini
1227 1954 1314 2036 regis
1344 1955 1352 1991 ¹
1377 1955 1503 2040 scripsi.

495 2153 614 2210 Parieti.
629 2152 776 2223 Illyricum
791 2169 900 2206 sacrum
917 2151 950 2206 T.
968 2151 1017 2208 VI.
1034 2169 1062 2222 p.
1080 2150 1132 2210 69.
1150 2150 1193 2206 Od
1210 2167 1261 2206 ove
1277 2150 1371 2204 listins
1388 2150 1515 2221 priodeo
1531 2169 1592 2208 sam
1608 2169 1626 2206 u
1644 2150 1730 2221 lmjizi
1747 2149 1768 2207 1.
1793 2147 1945 2213 Shornika,
1968 2145 2023 2217 pod

267 2246 273 2262 ⁴
346 2257 374 2314 g.
393 2241 489 2300 1097.
512 2240 615 2298 lsratals
632 2240 752 2296 iavadak
768 2239 793 2294 ia
809 2239 984 2310 ruhopisnog
998 2245 1124 2310 regestra
1148 2238 1276 2309 pisemah
1293 2237 1479 2315 lokrumslrih,
1491 2257 1533 2307 ¹nu
1551 2239 1652 2294 mislim
1669 2240 1706 2294 da
1725 2241 1756 2310 je
1779 2255 1797 2290 u
1822 2235 2024 2304 Farlatijerom

345 2329 422 2401 djelu
437 2329 589 2402 prauilnIJe
605 2329 745 2400 stavljena
761 2346 816 2382 ova
832 2327 928 2382 listina
943 2344 962 2382 u
977 2345 1006 2398 g.
1025 2326 1120 2384 1112.

871 2617 1039 2700 XXIII.
1065 2617 1174 2701 1114.
1201 2617 1278 2720 m]-
1304 2617 1498 2700 studens.

351 2781 433 2842 Grdo
455 2781 565 2855 sepau,
587 2781 719 2855 dopa'taje
740 2781 770 2840 ie
790 2798 868 2840 nono
889 2781 982 2841 erton
1005 2797 1049 2840 su.
1072 2780 1214 2840 Martiae
1236 2796 1272 2838 sa
1286 2779 1404 2852 avojtmt
1420 2778 1628 2852 priseojatts'tt
1644 2783 1822 2840 somostanu'
1837 2777 2023 2837 baereditatis·

1019 2885 1123 2946 stoma
1144 2886 1346 2946 uLotrumu.

501 3075 598 3140 Anno
621 3073 662 3138 ab
684 3075 904 3140 incarnatione
928 3073 1050 3138 domini
1079 3075 1179 3137 nostri
1210 3071 1291 3138 Jesu
1324 3071 1443 3138 Christi
1477 3073 1651 3140 Millesirno
1681 3075 1860 3138 centesimo
1894 3073 2023 3136 decimo

351 3191 476 3269 quarto,
500 3202 610 3244 mense
633 3178 812 3262 nouemhri,
837 3178 1011 3243 indictione
1035 3181 1179 3264 septima,
1202 3191 1357 3263 regnante
1391 3201 1467 3264 rege
1499 3179 1642 3262 Georgia
1673 3177 1739 3242 filio
1772 3179 1859 3261 regis
1890 3177 2021 3242 Bodini.

349 3286 459 3352 Primo
483 3295 590 3350 autem
613 3307 697 3348 anno
721 3292 875 3370 regnante
899 3283 1042 3368 predicto
1064 3306 1151 3368 rege,
1176 3288 1318 3348 surrexit
1340 3285 1421 3348 llliro
1447 3286 1461 3324 ¹¹
1483 3284 1533 3348 de·
1553 3283 1656 3364 Paris,
1679 3285 1733 3370 qui
1765 3283 1902 3366 dicebat,
1936 3283 2023 3370 quod

347 3391 486 3456 ecclesia
510 3391 612 3456 sancti
637 3389 768 3464 Martini
792 3411 863 3452 oum
889 3392 976 3453 omni
998 3388 1177 3454 hereditate
1201 3411 1269 3472 aua,
1293 3412 1389 3476 quam
1413 3389 1584 3455 Boleslauo
1607 3389 1707 3455 iudex
1730 3388 1818 3454 dedit
1838 3389 1880 3454 ad
1913 3412 2023 3454 mona-

348 3499 481 3562 sterium
506 3497 610 3560 sancti
632 3495 808 3579 Benedicti,
833 3497 888 3581 qui
912 3505 1047 3560 vocatur
1079 3492 1292 3577 Lacromono,
1324 3506 1373 3561 est
1403 3498 1532 3584 propria
1564 3507 1683 3578 nostra,
1719 3506 1751 3562 et
1784 3495 1920 3578 donauit
1952 3517 2022 3559 eam

342 3605 472 3685 iniuste,
496 3604 562 3667 vim
587 3601 681 3665 nobis
705 3599 863 3682 faciendo.
888 3599 944 3666 Ait
968 3603 1015 3666 eie
1039 3601 1139 3666 iudex
1162 3599 1289 3666 Gerdo:
1314 3599 1436 3674 Verum
1461 3624 1525 3664 non
1550 3601 1666 3682 dicitis,
1688 3587 1839 3688 quoniam
1856 3599 1899 3665 ab
1930 3601 2023 3666 initio

342 3707 451 3793 regale
472 3707 533 3771 tuit
553 3716 640 3772 terra
663 3707 733 3791 ipsa
757 3715 789 3769 et
812 3704 958 3788 ecclesia,
983 3717 1015 3770 ct
1038 3717 1113 3770 sunt
1136 3705 1243 3770 adhuc
1275 3705 1420 3771 homines
1453 3729 1557 3790 senes,
1589 3707 1644 3792 qui
1674 3706 1757 3771 bene
1788 3707 1897 3771 sciunt
1926 3705 2022 3770 istam

341 3835 420 3896 rem,
444 3811 596 3876 videlicet
619 3809 794 3897 Lampredi
818 3833 982 3893 monacus,
1007 3823 1220 3896 cognomento
1244 3811 1456 3896 Belmonette,
1482 3813 1549 3877 ¹et
1580 3809 1672 3876 Bella
1699 3834 1783 3877 uxor
1817 3810 1949 3877 Proculi
1984 3811 2024 3875 de

342 3915 509 4000 Ouzariza,
534 3937 678 3996 monaca,
703 3915 769 3980 filia
794 3915 1011 4002 Thyhaslaue,
1037 3917 1051 3954 ¹
1075 3939 1138 4002 que
1162 3916 1223 3981 fuit
1246 3940 1338 3982 soror
1368 3915 1499 3982 domino
1531 3913 1614 4002 Regi
1646 3915 1861 3982 Dabraslauo.
1894 3916 2025 3980 Placuit

341 4035 448 4088 autem
473 4045 516 4086 ex
539 4031 677 4107 utraque
700 4030 790 4107 parte
812 4019 945 4086 credere
968 4023 1110 4107 ipsorum
1135 4024 1263 4086 testium
1288 4021 1393 4105 dictis,
1419 4023 1433 4061 ⁵
1465 4033 1498 4087 et
1529 4023 1648 4086 inimus
1671 4021 1713 4086 ad
1737 4020 1942 4086 Lacromono
1977 4023 2023 4086 in-

340 4137 516 4213 terrogare,
542 4148 602 4211 ego
626 4124 737 4191 Gerdo
761 4149 833 4190 cum
859 4130 938 4190 meis
964 4127 1222 4210 consanguineis,
1251 4135 1283 4191 et
1306 4125 1430 4191 nobiles
1453 4126 1598 4214 Ragusii,
1622 4137 1655 4192 et
1683 4127 1723 4191 de
1746 4127 1913 4192 Tribunia.
1942 4127 1957 4166 ¹
1988 4129 2024 4192 ln

338 4235 453 4322 primis
477 4231 645 4296 Riccatina
661 4231 838 4295 Marciuisii
853 4231 867 4269 '¹
883 4230 941 4294 filii
957 4233 1044 4314 regis
1062 4231 1175 4294 Bodini
1194 4241 1226 4294 et
1241 4231 1341 4295 iudex
1357 4230 1524 4296 Grubessa
1539 4231 1626 4296 filius
1643 4230 1844 4312 Branislaoo,
1862 4241 1896 4296 et
1908 4231 2025 4317 Drago

339 4341 447 4426 priore
470 4335 536 4402 filio
563 4334 693 4419 Slabbe,
719 4347 751 4400 et
773 4335 919 4400 Luccaro
944 4335 1050 4421 priore
1073 4335 1140 4400 filio
1163 4335 1317 4420 Nicolize,
1336 4335 1438 4424 Tapla
1453 4337 1607 4402 Formino
1624 4337 1664 4402 de
1680 4336 1895 4422 Rasbigaleri,
1914 4339 1930 4379 ⁸
1947 4335 2025 4402 Goi-

341 4443 432 4508 slauo
456 4441 522 4508 filio
547 4441 679 4524 Orossii,
701 4441 842 4524 Ilenoch,
869 4441 1047 4523 ⁹Zanello,
1070 4439 1227 4522 Oasnazo,
1251 4441 1419 4524 Lauatino,
1446 4441 1642 4507 Dabraheno
1671 4443 1698 4481 ¹⁰
1720 4465 1868 4529 suppano
1893 4441 1936 4508 de
1960 4441 2022 4508 Co·

339 4571 443 4615 mene.
469 4544 685 4610 Thechomiro
710 4547 832 4642 setnico
869 4548 895 4584 ¹¹
927 4547 966 4611 de
1000 4545 1130 4629 Canale,
1164 4546 1300 4633 Svergia
1331 4549 1357 4588 ¹¹
1377 4570 1525 4634 suppano
1561 4549 1602 4613 de
1638 4547 1805 4634 Tribigna,
1841 4559 1874 4612 et
1911 4547 2025 4613 Dauid

341 4652 468 4720 Casnaa
496 4653 524 4690 ¹³
546 4651 586 4715 de
611 4650 722 4715 eadem
746 4653 916 4737 zuppania.
942 4653 1026 4718 Ante
1048 4655 1190 4738 ipsorum
1215 4656 1409 4739 presentiam
1433 4655 1703 4744 interrogauimus
1724 4653 1888 4741 predictos
1912 4663 2025 4735 testes,

341 4768 374 4823 et
395 4757 564 4821 dixerant:
590 4751 675 4834 Quia
698 4777 757 4820 noe
780 4756 963 4821 audiuimus
986 4779 1043 4844 pro
1068 4770 1165 4843 certo,
1189 4762 1338 4845 quoniam
1370 4762 1442 4846 ipsa
1473 4759 1612 4826 ecclesia
1642 4783 1716 4826 cum
1747 4783 1807 4826 sua
1836 4759 2023 4826 hereditate

506 4951 515 4987 ¹
540 4955 697 5012 UFarlatu
714 4954 817 5025 dodaje
832 4973 878 5010 sa:
896 4955 1042 5012 Michaelis
1057 4955 1107 5011 filii
1124 4957 1274 5028 Bodini,a
1302 4959 1386 5014 imalo
1415 4959 1443 5014 hi
1469 4959 1566 5032 valjda
1591 4960 1686 5031 stojati
1704 5000 1711 5014 .
1730 5003 1736 5016 .
1757 4959 1850 5031 ,regis
1878 4959 2024 5020 Rudini&

344 5041 626 5100 ¹Farlsttizltsurco.
652 5037 666 5074 ³
688 5042 763 5096 Farl.
782 5043 962 5098 Pelmoneho.
996 5034 1065 5103 ⁴1².
1082 5045 1253 5100 Tidiaslave.
1282 5041 1375 5102 ⁵110d
1392 5047 1424 5101 F.
1441 5045 1593 5119 iapulc'ena
1609 5047 1677 5106 ried.
1708 5041 1926 5106 οΕΤιίἰιιιιιθ.
1960 5042 2025 5107 ²1¹.

341 5131 448 5188 Marica
464 5131 508 5186 vel
525 5131 647 5187 Marcus.
667 5125 761 5185 ⁸Kod
777 5129 809 5184 F.
826 5131 986 5202 posliednja
1001 5132 1037 5186 tri
1053 5132 1146 5188 imena
1161 5133 1352 5204 iaostnvljena.
1380 5131 1473 5189 ⁹ch
1491 5135 1523 5191 F.
1539 5136 1730 5208 iaostavljeno.
1764 5129 1792 5168 ¹⁰
1806 5133 2012 5192 Zabrathocho

347 5217 372 5251 ¹¹
390 5221 423 5278 F.
440 5218 559 5275 sarcito.
581 5213 610 5250 ¹¹
624 5219 657 5272 1¹.
673 5216 821 5289 Greogira.
851 5213 878 5250 ¹³
892 5217 926 5278 F.
943 5219 1052 5274 Carnis.
