4350 5932
1809 425 1854 493 55
1942 411 1949 424 .

168 643 238 686 mus
262 621 415 706 ignorare
439 617 682 698 fraternitatem,
696 639 794 704 super
813 625 920 683 castra
939 623 1049 684 noslra
1071 617 1217 706 dirrupta
1243 629 1275 684 et
1292 625 1338 685 tot
1362 620 1488 708 populis
1511 619 1702 686 Sclaueniae
1723 632 1851 686 nostrae

167 728 199 792 in
224 728 422 814 captiuitate,
446 727 516 790 sine
533 722 678 811 qualibet
693 725 847 810 parcitate
865 723 1047 808 subtractis,
1083 747 1180 814 supra
1204 747 1299 812 quam
1326 724 1388 790 dici
1413 728 1515 812 possit
1538 727 1680 790 animum
1708 735 1850 790 nostrum

166 841 373 898 commotum.
406 829 478 910 Non
514 830 599 893 enim
632 851 772 914 congrue
804 839 929 914 gestum
964 841 1021 912 est,
1054 839 1088 894 ut
1123 829 1238 894 iisdem
1271 829 1438 895 Sclaueuis
1462 833 1590 911 nostris,
1616 853 1689 895 cum
1715 829 1851 896 nauibus

164 937 230 1002 suis
251 935 338 1022 apud
363 935 473 1000 Barim
498 935 530 998 in
563 936 729 1021 procinctu
760 937 940 999 communis
971 933 1128 1000 utilitatis'
1143 935 1402 1016 consistentibus,
1435 945 1466 999 et
1498 935 1595 1000 nich¹l
1628 937 1766 1001 aduersi
1789 936 1850 1002 sibi

168 1041 300 1108 aliunde
325 1042 494 1106 imminere
517 1040 715 1127 putantibus,
739 1049 803 1104 tarn
831 1042 929 1127 impie
953 1040 1038 1104 domi
1064 1064 1121 1106 sua
1145 1063 1292 1127 quaeque
1321 1041 1553 1128 diriperentur;
1578 1041 1705 1128 sibique
1729 1045 1850 1107 contin·

102 1193 112 1204 ·
163 1157 289 1232 gerent,
314 1169 397 1233 quae
421 1147 448 1210 si
473 1155 730 1232 praenoscerent,
755 1167 957 1232 nequaquam
982 1169 1113 1232 prorsus
1142 1149 1351 1212 incurrerent.
1389 1145 1463 1226 Qua
1486 1147 1526 1212 do
1550 1171 1584 1212 re
1601 1147 1848 1214 desiderabilem

163 1249 371 1318 dilectionem
395 1259 483 1315 tuam
508 1249 674 1314 hortamur
696 1259 729 1314 et
760 1272 992 1332 ammonemus,
1025 1251 1109 1337 quod
1136 1275 1212 1318 mox
1235 1251 1267 1316 id
1291 1254 1453 1337 corrigere
1477 1253 1594 1332 iubeat,
1619 1263 1651 1316 et
1666 1256 1753 1338 ipsos
1776 1276 1848 1340 cap·

163 1360 249 1422 tiuos
274 1355 316 1420 ad
341 1357 471 1442 propria
494 1377 568 1420 cum
602 1357 669 1420 suis
694 1355 804 1421 reduci
831 1357 1020 1442 praecipiat·
1041 1358 1068 1421 si
1093 1355 1258 1420 charitatis
1281 1357 1445 1422 vinculum
1480 1380 1653 1444 numquam
1684 1360 1848 1424 internos

162 1460 230 1526 fore
255 1463 365 1547 cupiat
388 1459 641 1526 dissoluendum.
666 1459 782 1526 Nullus
806 1463 891 1526 enim
915 1461 1095 1526 mortalium
1113 1464 1268 1528 hactenus
1296 1465 1464 1549 imperium
1493 1474 1636 1528 nostrum
1663 1462 1738 1528 talia
1764 1444 1873 1529 com-¹

161 1567 287 1644 misisse
312 1564 433 1648 recolit,
454 1588 493 1632 ac
510 1588 566 1652 per
583 1565 645 1630 hoc
668 1567 729 1630 nisi
756 1569 910 1630 correctio
938 1568 1079 1632 iussione
1096 1577 1150 1632 tua
1176 1569 1371 1654 praeueniat,
1396 1570 1499 1634 iustae
1524 1571 1704 1634 seueritatis
1717 1579 1847 1634 nostrae

160 1673 312 1759 proxima
333 1671 412 1736 ultio
438 1670 549 1758 procul
573 1671 671 1737 dubio
693 1671 926 1757 subsequetur;
962 1694 1022 1736 nec
1048 1675 1165 1757 poterit
1185 1696 1351 1738 remanere
1375 1676 1502 1759 penitus
1525 1676 1725 1760 impunitum,
1758 1674 1845 1762 quod
1945 1691 1947 1697 '

163 1780 194 1842 in
219 1787 440 1863 contemptum
462 1787 605 1840 nostrum
630 1786 718 1841 tanta
742 1780 921 1842 temeritate
948 1781 1076 1843 constat
1097 1778 1198 1842 fuisse
1223 1788 1392 1863 patratum.
1889 1859 1892 1870 Ι

320 1881 554 1946 Nichilominus
579 1883 673 1947 etiam
697 1883 937 1962 innotescimus,
961 1881 1164 1968 obstupuisse
1182 1905 1239 1947 nos
1256 1883 1333 1948 talia
1349 1883 1389 1948 de
1405 1885 1513 1948 missis
1535 1887 1651 1948 nostris
1669 1885 1847 1966 audientes,

164 1985 274 2074 qualia
298 1995 353 2052 tua
386 1985 480 2052 nobis
503 1986 672 2052 dulcedine
706 1985 832 2052 litterae
864 1989 1060 2068 intimarunt,
1085 1989 1166 2054 adeo
1199 1980 1317 2076 quippe
1349 1987 1421 2053 illos
1451 1989 1631 2054 inordinate
1664 1991 1849 2073 significans

161 2092 356 2172 ambulasse,
383 2101 418 2156 ut
449 2115 577 2178 semper
601 2094 771 2176 euaginato
794 2092 903 2177 gladio
936 2092 1114 2180 deportato,
1151 2116 1214 2158 non
1247 2094 1349 2160 solum
1381 2097 1523 2160 iumenta
1554 2095 1610 2160 sed
1644 2105 1675 2160 et
1706 2095 1850 2160 homines

160 2197 387 2264 interficerent.
419 2195 510 2276 Quae
536 2221 587 2261 res
610 2199 636 2262 si
660 2199 705 2261 ita
728 2220 763 2262 aa
787 2197 907 2280 habuit,
945 2199 1181 2264 mansuetudini
1211 2180 1338 2264 nostrae
1366 2199 1460 2265 valde
1491 2199 1648 2286 displicet,
1679 2210 1712 2265 et
1743 2210 1778 2265 ut
1807 2201 1848 2265 ad

162 2303 387 2368 certitudinem
412 2302 615 2389 perducatur,
641 2302 848 2382 rehemcnter
872 2315 1014 2390 exoptat.
1040 2303 1160 2368 Verum
1185 2314 1217 2370 et
1240 2307 1299 2391 ipsi
1333 2303 1505 2389 diligenter
1527 2328 1547 2369 a
1569 2304 1661 2370 nobis
1695 2307 1848 2392 inquisiti,

161 2409 222 2474 tale
247 2409 326 2495 quid
342 2411 491 2494 gessisse,
510 2409 613 2474 modis
630 2409 784 2476 omnibus
803 2409 1019 2495 negauerunt.¹
1037 2409 1080 2472 Et
1103 2405 1179 2496 quia
1203 2431 1265 2474 non
1290 2421 1339 2475 est
1362 2412 1416 2497 qui
1441 2411 1512 2475 illos
1534 2429 1631 2497 super
1662 2410 1722 2476 hoc
1745 2413 1778 2476 in
1801 2409 1847 2475 fa·

161 2517 242 2579 ciem
266 2499 391 2600 arguat,
409 2535 470 2578 non
488 2523 538 2578 est
553 2514 695 2600 profecto
713 2516 759 2578 eis
776 2536 879 2600 neque
896 2517 1052 2578 conuictis
1075 2537 1178 2601 neque
1195 2515 1351 2580 confessis
1369 2518 1470 2580 iustae
1488 2519 1696 2582 correctionis
1722 2515 1848 2603 'aliquid

159 2619 381 2704 ingerendum.
414 2619 533 2684 Verum
567 2641 625 2684 nos
657 2619 730 2684 illos
764 2643 823 2684 nec
859 2619 1078 2702 educaninrus,
1111 2643 1171 2683 nec
1205 2623 1249 2684 ita
1281 2621 1457 2704 docuimus,
1489 2632 1525 2686 ut
1555 2623 1596 2686 ad
1628 2621 1714 2704 talia,
1740 2623 1848 2709 qualis

161 2724 324 2812 perhibes,
358 2724 552 2804 laberentur,
584 2735 616 2790 et
646 2724 718 2790 ideo
751 2725 791 2790 de
823 2725 887 2790 illis
918 2727 1089 2811 quicquam
1121 2724 1234 2790 horum
1270 2725 1413 2803 credere,
1446 2749 1510 2791 non
1542 2725 1637 2792 facile
1660 2726 1846 2794 iudicamus.

159 2829 331 2896 Caeterum
353 2831 542 2896 indecorum
567 2833 682 2910 sonuit,
718 2831 803 2917 quod
829 2831 1012 2895 fraternitas
1040 2841 1093 2894 tuo
1119 2830 1289 2917 perhibuit,
1315 2831 1426 2896 dicens
1450 2853 1525 2898 suos
1552 2855 1614 2896 non
1638 2832 1765 2917 gladiis,
1790 2833 1846 2898 sed

159 2935 310 3002 dentibus
335 2947 461 3000 nostros
493 2935 709 3010 dilaniauisse,
756 2938 816 3000 nisi
851 2957 949 3000 causa
973 2938 1097 3001 timoris
1123 2939 1168 3000 tui
1211 2937 1344 3002 minime
1368 2946 1602 3020 coercerentur,
1625 2953 1710 3004 ‘cum
1735 2940 1761 3002 si
1784 2961 1847 3004 uon
1956 3011 1959 3016 ,

159 3053 267 3108 essent
290 3043 323 3106 in
348 3043 482 3129 imperio
515 3053 569 3106 tuo
603 3041 647 3106 nil
676 3041 739 3106 tale
772 3042 833 3106 sibi
871 3041 1147 3127 praetenderetur.
1175 3041 1244 3107 Sed
1265 3065 1324 3106 nec
1348 3044 1379 3106 in
1410 3063 1512 3127 regno
1544 3051 1599 3108 tuo
1628 3043 1735 3129 positi,
1759 3045 1848 3131 quic·

158 3171 253 3236 quam
279 3149 394 3214 horum
419 3150 543 3234 penitus
567 3145 789 3230 formidarent,
807 3149 885 3234 quin
900 3149 962 3213 imo
990 3171 1050 3213 nee
1076 3149 1157 3212 tanti
1180 3147 1303 3212 numeri
1321 3150 1408 3214 viros
1433 3158 1464 3212 et
1487 3148 1593 3214 adhuc
1609 3147 1690 3231 alios
1714 3149 1846 3214 totidem

159 3255 218 3320 deo
241 3257 374 3341 gratias,
399 3265 665 3341 expauescereut.
691 3263 752 3319 etc.

247 3429 253 3442 ,
316 3360 367 3424 De
389 3370 526 3442 caetero,
550 3359 649 3424 frater
682 3359 869 3440 karissime,
905 3361 1046 3439 noueris,
1073 3382 1144 3424 cum
1171 3361 1290 3424 virtute
1315 3361 1429 3424 summi
1455 3359 1580 3446 opificis
1611 3349 1720 3442 nostri,
1753 3383 1847 3425 exer·

158 3468 254 3532 citum
271 3475 415 3530 nostrum
434 3465 546 3530 ordine
560 3474 755 3552 praenotato,
775 3465 848 3528 Bari
864 3464 1035 3551 triumphis
1055 3466 1171 3532 nostris
1190 3467 1370 3546 summissa,
1392 3464 1569 3530 Saracenos
1584 3465 1714 3530 Tarenti
1729 3467 1848 3551 pariter

158 3583 188 3637 et
220 3569 392 3637 Calabriae
428 3594 504 3636 mox
538 3571 728 3636 mirabiliter
763 3569 973 3652 humiliasse,
1008 3569 1103 3635 simul
1139 3578 1170 3634 et
1204 3571 1454 3652 comminuisse3
1487 3569 1545 3634 hos
1576 3570 1734 3652 celerius,
1766 3570 1847 3636 duce

158 3679 226 3760 deo,
249 3679 378 3764 penitus
412 3678 593 3756 contrituri,
619 3677 645 3741 si
669 3699 688 3740 a
720 3677 798 3740 mari
823 3673 976 3761 prohibiti
1006 3675 1126 3740 fuerint
1152 3697 1298 3741 escarum
1322 3677 1502 3740 ammittere
1528 3677 1647 3762 copias,
1673 3674 1725 3738 rel
1750 3677 1845 3740 etiam

157 3783 307 3848 classium
332 3805 353 3846 a
376 3782 535 3847 Panormo
559 3781 610 3847 vel
634 3782 747 3846 Africa
770 3783 933 3868 suscipere
971 3780 1200 3845 multitudines.
1243 3779 1448 3866 Quapropter
1481 3780 1629 3865 specialis
1664 3779 1846 3844 fraternitas

157 3899 218 3962 tua,
242 3891 321 3975 quia
344 3909 402 3974 per
423 3888 508 3952 sicca
544 3895 724 3952 nostrorum
761 3887 855 3950 cunei
876 3884 1063 3972 populorum
1090 3888 1122 3950 in
1146 3887 1291 3970 utrisque
1323 3885 1402 3949 locis
1427 3887 1484 3949 vix
1507 3893 1563 3948 aut
1586 3906 1747 3970 nunquam
1772 3884 1845 3949 dee-

156 4005 237 4074 runt,
262 3992 391 4058 studeat
413 4013 545 4056 necesse
569 4002 618 4056 est
640 3991 852 4056 sufficientem
877 3990 994 4056 stolum
1018 3989 1189 4071 destinare,
1212 3992 1266 4077 qui
1292 3989 1362 4054 illos
1385 3989 1431 4054 ab
1459 3988 1651 4074 recipiendis
1685 3988 1845 4054 alimentis

155 4085 177 4163 a¹
205 4120 294 4164 mare
329 4105 493 4177 coerceat;
523 4106 555 4161 et
586 4098 611 4160 si
642 4095 796 4180 plurimas
828 4097 999 4180 contigerit
1034 4097 1117 4160 sicut
1141 4117 1236 4180 saepe
1272 4096 1436 4158 nuntiatur
1468 4095 1631 4180 pessimae
1652 4095 1757 4178 gentis
1791 4095 1846 4161 ad.

155 4207 264 4270 uenire
289 4213 446 4284 ceteruas,
480 4202 607 4283 facilius
632 4200 694 4266 illis
722 4203 881 4283 resistere,
906 4201 1016 4266 diuino
1041 4202 1162 4266 munito
1188 4201 1322 4266 brachio
1348 4200 1465 4266 valeat.
1490 4199 1572 4264 Nam
1599 4204 1658 4264 iste
1692 4203 1845 4285 stratigos

156 4311 317 4396 Georgius
341 4308 416 4374 licet
438 4307 574 4374 solerter
600 4306 756 4392 inuigilet,
781 4317 814 4372 et
836 4316 964 4372 strenue
988 4329 1045 4392 pro
1070 4329 1128 4371 suo
1163 4328 1258 4394 posse
1284 4307 1459 4388 decertare,
1483 4328 1547 4370 non
1569 4317 1674 4370 tamen
1707 4305 1847 4393 sufficie-t

155 4417 296 4496 obuiare,
322 4419 348 4478 si
373 4413 479 4500 plures
507 4414 708 4478 inimicorum
741 4435 839 4477 naues
876 4434 918 4476 ex
949 4423 1038 4498 parte
1073 4411 1217 4498 qualibet
1244 4414 1470 4499 apparuerint,
1509 4433 1572 4476 non
1605 4411 1759 4476 videlicet
1782 4415 1844 4478 uisi

156 4545 257 4609 panca
290 4542 421 4606 prorsus
453 4517 621 4583 chelandia
646 4518 824 4603 possidens.
859 4517 901 4580 Et
931 4517 1006 4602 quia
1031 4516 1173 4580 nonnulli
1211 4516 1459 4582 sarracenorum
1491 4516 1640 4580 Panormi
1673 4515 1845 4584 latrunculi

158 4649 226 4692 cnm
244 4627 384 4711 sagenis,
408 4623 522 4688 solatio
547 4634 578 4688 et
600 4623 725 4707 refugio
750 4624 814 4686 iam
838 4631 1086 4688 memoratorum
1124 4621 1409 4708 Neapolitanorum
1441 4622 1525 4704 freti,
1550 4643 1608 4706 per
1640 4621 1845 4710 Tyrrhenum

157 4755 240 4797 mare
280 4729 502 4796 debachantur
534 4731 660 4813 oportet
682 4737 717 4792 ut
739 4727 779 4790 ad
802 4727 860 4791 hos
884 4725 1066 4813 capiendos,
1095 4737 1169 4791 tuae
1203 4727 1411 4818 fratemitatis
1444 4727 1553 4807 stolus,
1588 4729 1657 4790 ains
1690 4727 1844 4794 dilatione

157 4840 306 4904 mittatur.
326 4837 474 4902 Istisunt
496 4836 598 4921 quiet
615 4831 831 4900 Calabritanis
864 4831 1050 4898 Sarracenis
1079 4831 1239 4898 indefesse
1271 4827 1430 4915 stipendia
1454 4832 1618 4920 praebent,
1651 4842 1683 4897 et
1701 4831 1761 4896 hiis
1789 4835 1844 4919 qui

157 4942 302 5008 Panormi
339 4951 428 5022 sunt,
460 4937 582 5004 auxilia
617 4938 803 5026 quotidiana
821 4939 1009 5004 ministrant.
1046 4936 1139 5002 Unde
1171 4940 1198 5002 si
1230 4941 1396 5026 capiantur
1427 4961 1583 5023 sagenae,
1624 4941 1765 5002 maxima
1793 4961 1836 5003 ex

207 5059 296 5136 parte
315 5047 576 5126 sarracenorum,
590 5053 654 5108 tam
668 5043 818 5108 Panormi
832 5065 928 5130 quam
946 5041 1118 5108 Calabriae
1138 5045 1450 5128 constrigunturetc.
1465 5037 1581 5146 '(t)alje
1606 5041 1843 5129 izostavljenn).

310 5230 467 5302 Prepiaauo
487 5227 512 5282 ia
536 5227 714 5298 starinskoga
738 5225 873 5296 ruhopisa
891 5226 1082 5295 Erenpertose
1118 5225 1238 5296 povjesti
1262 5225 1472 5297 Longobardah
1501 5226 1536 5280 od
1560 5223 1691 5280 Beronia.
1714 5223 1841 5278 Annales

157 5319 229 5376 Eccl.
251 5321 286 5376 T.
310 5319 347 5375 X.
373 5319 408 5373 A.
433 5315 493 5371 871
520 5333 582 5388 cap.
600 5315 737 5369 51-81.
758 5313 935 5385 lapravljeno
959 5331 995 5384 po
1013 5311 1122 5368 Pertzu.
1146 5313 1269 5368 Monam.
1287 5313 1456 5368 Germaniae
1478 5313 1543 5368 hiat.
1566 5313 1600 5366 T.
1623 5313 1674 5380 Ill,
1694 5317 1744 5366 str.
1767 5309 1840 5368 525.
