4276 5934
1765 395 1831 470 213

146 587 252 654 lentes
276 589 455 654 subsidium
481 590 601 655 diutius
625 597 843 676 expectatum,
868 615 940 656 cum
973 592 1044 679 plus
1074 592 1120 656 ibi
1152 601 1282 678 sperent
1314 593 1411 657 dante
1445 592 1575 658 dominc
1615 614 1733 680 paucos
1769 593 1831 657 boc

149 704 295 782 tempore
317 707 450 784 propter
475 696 710 762 Saracenorum
736 698 929 762 discordiam
956 699 1149 784 profuturos,
1173 721 1272 784 quam
1304 697 1459 764 hactenus
1484 701 1634 788 copiosus
1667 701 1830 763 exercitus

149 802 334 887 profuisset.
360 803 736 889 Adjectu‘mestetiam,
763 805 944 890 quodcum
982 807 1044 868 iam
1080 803 1378 868 inter-Saracenos
1412 805 1452 868 de
1488 827 1567 890 pace
1603 815 1767 885 tractetur,
1803 807 1829 868 ai

156 911 247 993 prius
272 931 366 993 quam
391 908 603 973 subueniatur
626 910 876 974 ierosolimitana
902 912 1079 994 prouincie,
1110 912 1270 974 intereos
1305 909 1402 972 fuerit
1436 910 1609 974 concordia
1645 909 1829 988 reformata,

151 1015 214 1078 nisi
239 1013 319 1078 derra
355 1013 442 1078 solus
467 1016 605 1097 resistat,
630 1037 700 1079 cum
725 1017 766 1078 sit
789 1016 868 1079 viris
892 1027 924 1079 ct
946 1017 1071 1079 viribus
1096 1037 1177 1100 pene
1205 1017 1333 1100 penitus
1369 1015 1531 1096 destituta,
1568 1037 1630 1078 non
1667 1017 1739 1092 erit,
1776 1016 1830 1099 qu'i

100 1171 104 1178 .
147 1141 261 1184 eorum
286 1123 387 1204 pessit
406 1120 593 1186 violentiam
619 1121 780 1187 cohibere.
807 1121 873 1184 Nos
897 1143 973 1205 crgo
999 1119 1249 1186 cumfratribus
1273 1122 1401 1202 nostris,
1419 1123 1529 1184 ascitis
1546 1131 1640 1184 etism
1659 1121 1828 1204 episcopis,

147 1233 182 1288 et
206 1223 280 1287 aliis
306 1227 384 1288 viris
410 1225 569 1310 religiosis
594 1226 679 1312 apud
703 1227 811 1290 sedem
837 1227 1047 1312 apostolicam
1071 1225 1296 1307 existentibus,
1321 1226 1361 1289 de
1385 1228 1488 1311 ipsius
1512 1235 1596 1290 terre
1617 1226 1830 1289 aubuentione

147 1339 334 1411 tractantes,
360 1353 399 1394 ne
424 1331 608 1395 videremur
631 1353 730 1395 onera
753 1335 867 1416 grauia
890 1330 1032 1398 humeris
1059 1337 1223 1419 imponere
1254 1331 1465 1413 subditorum,
1499 1350 1562 1418 que
1598 1331 1699 1415 digito
1731 1335 1827 1394 etiam

147 1435 458 1518 mouerenolumus,
482 1437 625 1500 dicentes
649 1448 782 1519 tantum,
808 1449 839 1502 et
862 1448 918 1504 aut
941 1438 1030 1520 nihil,
1055 1450 1110 1503 aut
1140 1438 1303 1505 modicum
1334 1437 1500 1518 facientes,
1536 1447 1570 1501 ut
1604 1461 1623 1500 a
1658 1437 1750 1502 nobis
1785 1437 1825 1498 ed

147 1561 218 1620 res,
244 1551 276 1604 et
298 1565 317 1603 a
348 1540 441 1604 vobis
472 1541 512 1605 ad
537 1541 638 1606 laicos
663 1543 885 1607 benefaciendi
918 1543 1082 1608 deridetur
1116 1542 1311 1628 exemplum,
1347 1545 1415 1608 eius
1454 1541 1629 1634 exemplo,x
1649 1543 1704 1626 qni
1739 1543 1828 1626 cepit

146 1643 257 1710 facere
282 1655 314 1710 et
337 1647 467 1722 docere;
494 1649 651 1712 decimam
678 1661 799 1734 partem
826 1651 969 1714 omnium
994 1649 1188 1730 reddituum,
1214 1661 1246 1712 et
1270 1659 1483 1734 prouentuum
1501 1659 1683 1712 nostrorum
1701 1648 1828 1710 curaui-

145 1773 219 1814 mus
243 1753 450 1818 subuentrcui
473 1753 637 1818 orientalis
663 1757 828 1839 prouincia
853 1757 1016 1839 deputare,
1045 1755 1271 1819 subtrahentes
1291 1774 1354 1818 non
1389 1754 1549 1818 medicum
1583 1755 1829 1817 necessitatibus

146 1859 276 1938 nostris,
299 1859 417 1943 quibus
441 1881 513 1923 cum
539 1861 706 1943 grauiores
731 1863 795 1922 sint
819 1861 922 1940 solito,
948 1871 979 1924 et
1002 1860 1043 1924 ob
1069 1861 1129 1925 boc
1154 1863 1287 1945 exigant
1310 1863 1478 1946 grauiores
1511 1881 1680 1945 expensas,
1718 1869 1826 1922 nostre

145 1983 210 2024 nen
237 1962 400 2027 sufficiant
423 1963 602 2045 facultates,
627 1976 663 2028 ut
686 1967 725 2046 ei,
747 1967 805 2027 etsi
830 1965 910 2028 nihil
935 1966 1127 2051 largiremur
1150 1966 1190 2030 de
1219 1967 1359 2052 proprio,
1383 1965 1554 2028 modicum
1589 1963 1701 2028 saltem
1736 1963 1828 2026 retri-

145 2065 321 2132 bueremus
345 2069 384 2132 dc
409 2091 477 2150 suc,
502 2073 556 2156 qui
582 2071 675 2133 nobis
701 2093 759 2135 sua
785 2073 989 2134 miseratione
1013 2073 1126 2136 tribuit
1150 2073 1310 2152 uniuersa,
1333 2081 1365 2135 et
1387 2079 1422 2135 ut
1444 2093 1507 2134 non
1532 2069 1692 2140 salumin
1719 2069 1827 2152 rebus,

148 2193 263 2235 verum
289 2177 384 2247 etism
409 2177 441 2238 in
467 2178 612 2258 personis
637 2181 855 2240 necessarium
882 2191 965 2241 terre
984 2177 1163 2242 subsidium
1186 2178 1393 2258 destinemus,
1418 2175 1553 2240 dilectos
1585 2175 1667 2242 filies
1702 2185 1829 2238 nostros

149 2275 183 2340 S.
209 2279 258 2340 tit.
284 2301 309 2342 s.
334 2279 491 2344 Praxedis
512 2282 747 2368 presbyterum,
772 2295 803 2344 et
827 2282 859 2345 P.
885 2293 994 2347 sancte
1016 2283 1118 2347 Maris
1142 2286 1174 2346 in
1198 2285 1249 2346 via
1273 2281 1338 2346 lata
1354 2283 1525 2346 diaconum
1543 2280 1734 2362 cardinales,
1751 2301 1826 2365 apc-

147 2382 262 2446 stolice
288 2384 375 2448 sedis
400 2385 532 2472 legatos,
558 2388 674 2474 quibus
699 2391 760 2452 iam
786 2392 911 2474 pridem
935 2391 1146 2475 imposuimus
1183 2391 1309 2473 signum
1343 2390 1459 2468 crucis,
1495 2385 1572 2451 illuc
1601 2388 1827 2472 proposuimus

146 2487 321 2570 destinare,
347 2493 400 2576 qui
425 2497 603 2558 exercitum
629 2495 760 2577 domini,
788 2497 875 2558 vices
900 2507 1027 2558 nostras
1050 2494 1252 2580 exequendo,
1276 2493 1460 2578 precedant,
1485 2503 1517 2555 et
1537 2489 1579 2554 ad
1595 2513 1650 2554 ecs
1673 2503 1827 2577 tanquam

142 2592 185 2655 sd
212 2616 308 2658 unum
334 2610 431 2682 caput
454 2603 596 2664 uniuersi
621 2612 799 2665 recurrant.

306 2701 426 2767 Verum
451 2706 526 2790 quia
551 2706 582 2769 id
607 2709 699 2792 quasi
725 2706 895 2782 modicum,
920 2708 984 2769 ime
1017 2729 1093 2770 vere
1125 2704 1285 2778 modicum
1321 2703 1362 2768 ad
1396 2711 1444 2767 tot
1478 2705 1688 2768 necessitates
1724 2703 1826 2787 ipsius

144 2809 313 2890 prouincia
338 2809 488 2874 sufficere
513 2811 695 2874 nullatenus
717 2822 913 2896 reputamus,
938 2813 1140 2875 uniuersitati
1165 2822 1272 2876 vestre
1299 2833 1355 2895 per
1378 2810 1556 2895 apostolica
1588 2811 1707 2894 scripta
1739 2831 1827 2871 man·

144 2909 270 2992 damus,
296 2925 328 2976 et
351 2937 393 2978 ex
416 2927 507 3000 parte
531 2916 580 2979 dei
606 2918 833 3001 omnipotentis
860 2921 890 2980 in
916 2919 1033 2980 virtute
1055 2919 1186 3002 spiritus
1211 2917 1315 2980 saneti
1338 2918 1399 2980 sub
1432 2917 1691 2980 interminatione
1724 2913 1827 2976 diuini

144 3017 256 3081 iudicii
283 3019 428 3084 districte
454 3025 659 3107 precipimus,
696 3035 855 3109 quatenus
895 3023 1013 3108 singuli
1042 3023 1193 3086 ¹uestrum
1235 3021 1347 3086 saltem
1383 3020 1665 3107 quadragesimam
1700 3030 1824 3104 partem

78 3163 83 3171 ·
143 3125 288 3187 omnium
314 3124 604 3190 ecclesiasticorum
630 3129 823 3207 reddituum,
849 3139 880 3192 ct
904 3109 1116 3213 prouentuum
1142 3149 1282 3201 suorum,
1304 3129 1393 3213 prius
1419 3137 1526 3190 tamen
1543 3126 1691 3191 deductis
1708 3125 1823 3204 usuris,

142 3249 282 3312 quarum
307 3231 422 3296 solutio
448 3235 541 3296 vitari
567 3253 629 3295 nen
655 3237 764 3317 possit,
789 3239 820 3297 in
846 3234 1024 3298 subsidium
1050 3246 1135 3298 terre
1160 3245 1269 3298 sancte
1286 3237 1492 3314 conuertent3
1520 3231 1668 3295 omuibus
1685 3231 1822 3311 clericis,

143 3345 210 3397 tam
236 3334 383 3418 subditis,
408 3359 503 3423 quam
529 3338 669 3423 prelatis,
694 3343 746 3424 qui
774 3340 1054 3424 quadragesimam
1076 3343 1179 3425 ipsam
1201 3351 1314 3424 sponte
1347 3349 1379 3402 et
1408 3338 1546 3402 fideliter
1582 3336 1746 3426 soluerint,
1781 3333 1822 3398 de

143 3440 198 3502 dei
223 3443 450 3526 omnipotentis
476 3445 706 3522 misericordia,
730 3459 762 3508 et
783 3447 948 3510 beaterum
973 3447 1190 3531 apostolorum
1216 3444 1302 3510 Petri
1327 3456 1358 3509 et
1381 3444 1473 3508 Pauli
1490 3445 1678 3507 auctoritate
1696 3439 1822 3520 confisi,

142 3557 292 3630 quartam
319 3561 441 3635 partem
466 3540 608 3614 iuiunete
633 3551 693 3614 sibi
720 3555 914 3638 poenitentia
938 3552 1132 3634 relaxantes,
1158 3552 1332 3615 dummodo
1369 3549 1457 3615 nulla
1491 3550 1578 3614 fraus
1615 3549 1818 3628 interueniat,

142 3663 176 3714 et
203 3653 255 3736 pia
279 3653 408 3718 deuotio
431 3655 635 3739 suffragetur.
660 3657 750 3722 Sciat
773 3670 879 3722 autem
902 3681 936 3722 se
960 3657 1165 3742 culpabiliter
1188 3657 1314 3738 durum,
1351 3667 1383 3720 et
1413 3657 1492 3721 dure
1525 3653 1730 3740 culpabilem,
1766 3653 1822 3736 qui

142 3757 306 3822 tantillum
332 3759 511 3824 subsidium
538 3764 568 3825 in
597 3773 685 3827 tauta
710 3766 902 3828 necessitate
925 3766 1073 3846 creatori,
1098 3774 1130 3827 et
1152 3763 1349 3847 redemptori
1374 3781 1432 3825 suo
1457 3762 1625 3846 negauerit
1656 3757 1822 3836 exhibere,

141 3887 161 3925 a
187 3885 251 3948 quc
276 3887 392 3949 corpus
417 3875 448 3930 et
470 3869 610 3931 animem
635 3878 667 3932 et
693 3869 844 3932 uniuersa
870 3869 963 3950 bona,
987 3892 1049 3956 que
1073 3868 1180 3951 habet,
1205 3872 1340 3953 accepit,
1363 3879 1394 3931 et
1417 3889 1475 3932 nes
1507 3867 1562 3952 qui
1592 3865 1667 3930 licet
1699 3863 1823 3947 indigni

147 3971 238 4031 vices
262 3971 331 4032 eius
355 3991 544 4036 exercemus
568 3974 600 4035 in
625 3975 729 4051 terris,
754 3972 847 4037 huius
872 3975 965 4060 culpe
988 3975 1138 4040 duritiam
1174 3975 1356 4039 nullatenus
1391 3972 1595 4038 dissimulare
1631 3989 1822 4058 possumus3

152 4095 214 4136 nec
239 4075 464 4160 aliquomodo
489 4077 639 4160 credatis,
664 4079 748 4163 quod
773 4079 968 4164 perhocin
996 4079 1199 4166 dispendium
1225 4089 1366 4144 vestrum
1388 4079 1491 4163 legem
1528 4077 1620 4142 vobis
1656 4078 1821 4161 imponere

149 4180 365 4264 intendamus,
389 4192 424 4245 ut
444 4207 462 4245 a
485 4183 579 4246 vobis
603 4185 812 4268 imposterum
837 4185 1085 4270 quadragesima
1108 4187 1200 4272 quasi
1225 4186 1343 4262 debita,
1365 4184 1416 4248 vel
1442 4182 1723 4248 consuetudinaria
1754 4181 1821 4244 exi-

143 4297 250 4369 gatur,
277 4289 339 4349 imo
367 4288 458 4351 vobis
483 4289 605 4352 nullum
629 4313 671 4352 ex
692 4288 752 4354 hoc
784 4292 995 4374 prciudicium
1027 4293 1175 4356 volumus
1211 4293 1370 4375 generari,
1407 4293 1461 4376 qui
1498 4299 1584 4353 tante
1621 4289 1821 4351 necessitatis

143 4391 317 4454 articulum
342 4393 444 4470 nobis,
467 4406 498 4456 et
522 4395 615 4458 robis
638 4398 881 4479 superuenissse
905 4397 1060 4478 delemus,
1086 4409 1116 4461 et
1141 4397 1225 4482 quod
1250 4395 1363 4460 similis
1381 4395 1421 4460 de
1445 4406 1551 4460 cetero
1577 4416 1639 4456 non
1657 4394 1822 4475 contingat

144 4507 304 4581 optamus.
332 4495 487 4561 Volumus
512 4501 618 4577 etiam,
655 4511 686 4563 et
720 4500 927 4565 nibilominus
963 4503 1056 4567 robis
1093 4501 1299 4587 precipiendo
1335 4502 1535 4583 mandamus,
1572 4511 1730 4586 quatenus
1764 4517 1821 4560 ros

145 4602 274 4678 fratres,
301 4601 552 4688 archiepiscope,
578 4614 610 4667 et
630 4608 781 4691 episcopi,
808 4609 838 4668 in
864 4608 1110 4692 metropolitana
1134 4607 1280 4686 ecclesia,
1305 4607 1357 4672 vel
1382 4610 1409 4670 si
1433 4606 1493 4670 hoe
1517 4605 1559 4670 ibi
1577 4616 1708 4690 propter
1723 4602 1821 4666 hesti-

148 4707 350 4775 litatemvel
375 4709 462 4770 aliud
489 4710 622 4772 euidens
647 4713 907 4796 impedimentum
933 4713 1003 4776 fieri
1035 4737 1097 4777 non
1130 4717 1256 4798 peterit,
1290 4715 1322 4776 in
1355 4711 1481 4777 duobus
1516 4713 1569 4776 vel
1601 4711 1706 4774 tribus
1742 4709 1820 4773 locis

145 4814 345 4896 ragusiensis
370 4815 544 4897 prouincie,
570 4818 639 4878 sins
663 4817 815 4882 dilatione
838 4822 1011 4882 conuenire
1035 4822 1162 4900 curetis,
1185 4829 1216 4883 et
1238 4821 1323 4882 inter
1339 4836 1396 4883 vos
1413 4821 1504 4883 iuxta
1520 4819 1655 4883 formam
1681 4816 1822 4880 mandati

141 4917 311 5002 apostolici
337 4918 376 4981 de
397 4920 499 5003 ipsius
523 4930 606 4983 terre
632 4923 844 4986 subuentiene
870 4935 1016 5002 tractare,
1042 4935 1073 4988 et
1091 4935 1162 5009 post
1180 4926 1397 4988 reuersicncm
1416 4947 1507 4988 suam
1525 4925 1661 5010 quilibet
1677 4933 1819 4986 vestrum

140 5029 171 5087 in
197 5047 256 5088 sus
281 5025 402 5087 diocesi
425 5025 596 5089 concilium
621 5041 777 5091 conuocat
801 5031 870 5091 sine
896 5051 994 5110 mora,
1019 5033 1209 5094 auctoritate
1233 5040 1342 5093 nestra
1372 5032 1554 5115 precipiens
1586 5027 1758 5094 abbatibus
1789 5039 1821 5089 et

140 5132 304 5216 prioribus
329 5143 392 5194 tam
418 5136 588 5217 exemptis,
614 5157 709 5220 quarn
735 5135 816 5212 aliis,
841 5135 1077 5200 archidiaconis
1102 5145 1133 5198 et
1156 5136 1296 5214 decanis,
1322 5145 1353 5199 ‘et
1370 5137 1530 5200 uniuersis
1548 5138 1677 5198 omniuo
1695 5133 1821 5199 clericis

141 5239 269 5300 ineius
294 5235 417 5300 diocesi
441 5241 634 5320 constitutis,
660 5243 742 5304 iusta
766 5243 968 5306 estimatione
994 5250 1171 5326 prouentus
1196 5249 1228 5304 et
1248 5239 1394 5305 redditus
1418 5263 1493 5305 sues
1518 5251 1639 5322 taxent,
1671 5249 1703 5304 et
1738 5237 1823 5302 infra
