<?xml version="1.0" encoding="UTF-8"?>
<!DOCTYPE html PUBLIC "-//W3C//DTD XHTML 1.0 Transitional//EN"
    "http://www.w3.org/TR/xhtml1/DTD/xhtml1-transitional.dtd">
<html xmlns="http://www.w3.org/1999/xhtml" xml:lang="en" lang="en">
 <head>
  <title>
</title>
<meta http-equiv="Content-Type" content="text/html;charset=utf-8" />
  <meta name='ocr-system' content='tesseract 3.04.00' />
  <meta name='ocr-capabilities' content='ocr_page ocr_carea ocr_par ocr_line ocrx_word'/>
</head>
<body>
  <div class='ocr_page' id='page_1' title='image "./codexdiplomatic00unkngoog_0253.png"; bbox 0 0 4254 5922; ppageno 0'>
   <div class='ocr_carea' id='block_1_1' title="bbox 1772 503 1833 568">
    <p class='ocr_par' dir='ltr' id='par_1_1' title="bbox 1772 503 1833 568">
     <span class='ocr_line' id='line_1_1' title="bbox 1772 503 1833 568; baseline -0.033 0"><span class='ocrx_word' id='word_1_1' title='bbox 1772 503 1833 568; x_wconf 79' lang='lat'>211</span> 
     </span>
    </p>
   </div>
   <div class='ocr_carea' id='block_1_2' title="bbox 164 699 1846 992">
    <p class='ocr_par' dir='ltr' id='par_1_2' title="bbox 164 699 1846 992">
     <span class='ocr_line' id='line_1_2' title="bbox 164 699 1846 782; baseline -0.005 -16"><span class='ocrx_word' id='word_1_2' title='bbox 164 705 198 766; x_wconf 77' lang='grc' dir='ltr'>θ.</span> <span class='ocrx_word' id='word_1_3' title='bbox 225 707 322 766; x_wconf 84' lang='grc'><strong>1158.</strong></span> <span class='ocrx_word' id='word_1_4' title='bbox 348 706 444 780; x_wconf 69' lang='lat' dir='ltr'>uena</span> <span class='ocrx_word' id='word_1_5' title='bbox 467 707 516 768; x_wconf 84' lang='lat'>11.</span> <span class='ocrx_word' id='word_1_6' title='bbox 541 707 623 780; x_wconf 64' lang='lat' dir='ltr'>trull</span> <span class='ocrx_word' id='word_1_7' title='bbox 657 705 815 782; x_wconf 69' lang='lat' dir='ltr'>aparebit</span> <span class='ocrx_word' id='word_1_8' title='bbox 845 707 988 779; x_wconf 77' lang='lat' dir='ltr'>ltroatsltr‘,</span> <span class='ocrx_word' id='word_1_9' title='bbox 1011 707 1185 782; x_wconf 72' lang='lat' dir='ltr'>potordjraje</span> <span class='ocrx_word' id='word_1_10' title='bbox 1211 723 1255 766; x_wconf 83' lang='lat' dir='ltr'>aa</span> <span class='ocrx_word' id='word_1_11' title='bbox 1288 706 1381 765; x_wconf 69' lang='lat' dir='ltr'>borist</span> <span class='ocrx_word' id='word_1_12' title='bbox 1415 705 1500 764; x_wconf 75' lang='lat' dir='ltr'>ortae</span> <span class='ocrx_word' id='word_1_13' title='bbox 1526 701 1663 776; x_wconf 79' lang='lat' dir='ltr'>sptietste</span> <span class='ocrx_word' id='word_1_14' title='bbox 1683 699 1846 773; x_wconf 81' lang='lat' dir='ltr'>dorovaaje</span> 
     </span>
     <span class='ocr_line' id='line_1_3' title="bbox 349 807 1844 890; baseline -0.005 -18"><span class='ocrx_word' id='word_1_15' title='bbox 349 815 431 872; x_wconf 79' lang='lat' dir='ltr'>selah</span> <span class='ocrx_word' id='word_1_16' title='bbox 454 811 589 883; x_wconf 82' lang='lat' dir='ltr'>Srealne,</span> <span class='ocrx_word' id='word_1_17' title='bbox 612 829 650 874; x_wconf 74' lang='lat' dir='ltr'>ae</span> <span class='ocrx_word' id='word_1_18' title='bbox 672 813 771 872; x_wconf 80' lang='lat' dir='ltr'>estole</span> <span class='ocrx_word' id='word_1_19' title='bbox 792 813 1121 888; x_wconf 59' lang='lat' dir='ltr'>miseratamiserata</span> <span class='ocrx_word' id='word_1_20' title='bbox 1146 813 1199 874; x_wconf 80' lang='lat' dir='ltr'>oto</span> <span class='ocrx_word' id='word_1_21' title='bbox 1214 832 1242 890; x_wconf 78' lang='lat'>9.</span> <span class='ocrx_word' id='word_1_22' title='bbox 1264 813 1446 872; x_wconf 74' lang='lat' dir='ltr'>&amp;eo-890.</span> <span class='ocrx_word' id='word_1_23' title='bbox 1469 809 1627 868; x_wconf 83' lang='lat' dir='ltr'>Branimir</span> <span class='ocrx_word' id='word_1_24' title='bbox 1642 807 1731 866; x_wconf 67' lang='lat' dir='ltr'>velita?</span> <span class='ocrx_word' id='word_1_25' title='bbox 1744 807 1844 880; x_wconf 68' lang='lat' dir='ltr'>tepora</span> 
     </span>
     <span class='ocr_line' id='line_1_4' title="bbox 353 919 740 992; baseline 0 -14"><span class='ocrx_word' id='word_1_26' title='bbox 353 920 487 978; x_wconf 79' lang='lat' dir='ltr'>hreutsks&#39;</span> <span class='ocrx_word' id='word_1_27' title='bbox 508 919 623 992; x_wconf 80' lang='lat' dir='ltr'>rec&#39;enoj</span> <span class='ocrx_word' id='word_1_28' title='bbox 649 919 740 979; x_wconf 80' lang='lat' dir='ltr'>erlovi.</span> 
     </span>
    </p>
   </div>
   <div class='ocr_carea' id='block_1_3' title="bbox 163 1044 1848 1563">
    <p class='ocr_par' dir='ltr' id='par_1_3' title="bbox 163 1044 1848 1563">
     <span class='ocr_line' id='line_1_5' title="bbox 326 1044 1845 1138; baseline -0.003 -25"><span class='ocrx_word' id='word_1_29' title='bbox 326 1087 365 1098; x_wconf 93' lang='lat'>-</span> <span class='ocrx_word' id='word_1_30' title='bbox 389 1087 432 1096; x_wconf 88' lang='lat'>—</span> <span class='ocrx_word' id='word_1_31' title='bbox 459 1088 496 1098; x_wconf 92' lang='lat'><em>-</em></span> <span class='ocrx_word' id='word_1_32' title='bbox 521 1047 574 1114; x_wconf 94' lang='lat' dir='ltr'>Do</span> <span class='ocrx_word' id='word_1_33' title='bbox 598 1056 629 1113; x_wconf 91' lang='lat' dir='ltr'>et</span> <span class='ocrx_word' id='word_1_34' title='bbox 653 1049 807 1114; x_wconf 83' lang='lat' dir='ltr'>confirmo</span> <span class='ocrx_word' id='word_1_35' title='bbox 831 1048 925 1116; x_wconf 90' lang='lat' dir='ltr'>beato</span> <span class='ocrx_word' id='word_1_36' title='bbox 948 1049 1111 1138; x_wconf 91' lang='lat' dir='ltr'>Dompnio</span> <span class='ocrx_word' id='word_1_37' title='bbox 1135 1061 1167 1115; x_wconf 88' lang='lat' dir='ltr'>et</span> <span class='ocrx_word' id='word_1_38' title='bbox 1190 1049 1248 1114; x_wconf 90' lang='lat' dir='ltr'>tibi</span> <span class='ocrx_word' id='word_1_39' title='bbox 1264 1048 1392 1114; x_wconf 86' lang='lat' dir='ltr'>Gaudio</span> <span class='ocrx_word' id='word_1_40' title='bbox 1416 1045 1655 1130; x_wconf 77' lang='lat' dir='ltr'><strong>archiepiscopo</strong></span> <span class='ocrx_word' id='word_1_41' title='bbox 1673 1044 1845 1130; x_wconf 80' lang='lat' dir='ltr'><strong>spalatensi</strong></span> 
     </span>
     <span class='ocr_line' id='line_1_6' title="bbox 166 1149 1842 1245; baseline -0.004 -24"><span class='ocrx_word' id='word_1_42' title='bbox 166 1191 204 1202; x_wconf 92' lang='lat'>-—</span> <span class='ocrx_word' id='word_1_43' title='bbox 230 1193 274 1204; x_wconf 95' lang='lat'><em>-</em></span> <span class='ocrx_word' id='word_1_44' title='bbox 295 1193 336 1204; x_wconf 92' lang='lat'>-</span> <span class='ocrx_word' id='word_1_45' title='bbox 364 1193 401 1204; x_wconf 87' lang='lat'>·-</span> <span class='ocrx_word' id='word_1_46' title='bbox 427 1155 785 1244; x_wconf 84' lang='lat' dir='ltr'>omnesquoquevillas‚</span> <span class='ocrx_word' id='word_1_47' title='bbox 819 1167 921 1222; x_wconf 88' lang='lat' dir='ltr'>terras</span> <span class='ocrx_word' id='word_1_48' title='bbox 934 1169 966 1223; x_wconf 91' lang='lat' dir='ltr'>et</span> <span class='ocrx_word' id='word_1_49' title='bbox 988 1160 1217 1245; x_wconf 85' lang='lat' dir='ltr'>possessiones,</span> <span class='ocrx_word' id='word_1_50' title='bbox 1232 1179 1327 1243; x_wconf 85' lang='lat' dir='ltr'>quarn</span> <span class='ocrx_word' id='word_1_51' title='bbox 1341 1155 1503 1218; x_wconf 88' lang='lat' dir='ltr'>Branimir</span> <span class='ocrx_word' id='word_1_52' title='bbox 1527 1152 1592 1216; x_wconf 81' lang='lat' dir='ltr'>dux</span> <span class='ocrx_word' id='word_1_53' title='bbox 1618 1149 1842 1233; x_wconf 84' lang='lat' dir='ltr'>Obroatorum,</span> 
     </span>
     <span class='ocr_line' id='line_1_7' title="bbox 163 1255 1847 1352; baseline -0.003 -28"><span class='ocrx_word' id='word_1_54' title='bbox 163 1271 197 1324; x_wconf 91' lang='lat' dir='ltr'>et</span> <span class='ocrx_word' id='word_1_55' title='bbox 224 1263 274 1326; x_wconf 90' lang='lat' dir='ltr'>sui</span> <span class='ocrx_word' id='word_1_56' title='bbox 311 1264 532 1349; x_wconf 72' lang='lat' dir='ltr'>progenitores</span> <span class='ocrx_word' id='word_1_57' title='bbox 567 1263 768 1328; x_wconf 87' lang='lat' dir='ltr'>donauerunt</span> <span class='ocrx_word' id='word_1_58' title='bbox 792 1263 885 1328; x_wconf 86' lang='lat' dir='ltr'>beato</span> <span class='ocrx_word' id='word_1_59' title='bbox 909 1262 1148 1352; x_wconf 89' lang='lat' dir='ltr'>Dompnio‚vel</span> <span class='ocrx_word' id='word_1_60' title='bbox 1169 1263 1450 1342; x_wconf 71' lang='lat' dir='ltr'>confirmauerunt</span> <span class='ocrx_word' id='word_1_61' title='bbox 1475 1258 1569 1324; x_wconf 90' lang='lat' dir='ltr'>simul</span> <span class='ocrx_word' id='word_1_62' title='bbox 1595 1281 1667 1323; x_wconf 86' lang='lat' dir='ltr'>eum</span> <span class='ocrx_word' id='word_1_63' title='bbox 1693 1295 1731 1306; x_wconf 92' lang='lat'><em>-</em></span> <span class='ocrx_word' id='word_1_64' title='bbox 1770 1255 1847 1320; x_wconf 89' lang='lat' dir='ltr'>villa</span> 
     </span>
     <span class='ocr_line' id='line_1_8' title="bbox 163 1362 1848 1456; baseline -0.001 -28"><span class='ocrx_word' id='word_1_65' title='bbox 163 1365 311 1448; x_wconf 87' lang='lat' dir='ltr'>Sreniue,</span> <span class='ocrx_word' id='word_1_66' title='bbox 332 1389 405 1432; x_wconf 88' lang='lat' dir='ltr'>oum</span> <span class='ocrx_word' id='word_1_67' title='bbox 430 1373 532 1434; x_wconf 88' lang='lat' dir='ltr'>seruis</span> <span class='ocrx_word' id='word_1_68' title='bbox 556 1379 588 1434; x_wconf 90' lang='lat' dir='ltr'>et</span> <span class='ocrx_word' id='word_1_69' title='bbox 611 1368 746 1451; x_wconf 81' lang='lat' dir='ltr'>ancillis,</span> <span class='ocrx_word' id='word_1_70' title='bbox 771 1391 852 1455; x_wconf 89' lang='lat' dir='ltr'>quos</span> <span class='ocrx_word' id='word_1_71' title='bbox 876 1379 908 1434; x_wconf 91' lang='lat' dir='ltr'>et</span> <span class='ocrx_word' id='word_1_72' title='bbox 929 1392 1008 1456; x_wconf 86' lang='lat' dir='ltr'>quas</span> <span class='ocrx_word' id='word_1_73' title='bbox 1045 1371 1241 1456; x_wconf 90' lang='lat' dir='ltr'>abantiquo</span> <span class='ocrx_word' id='word_1_74' title='bbox 1275 1369 1413 1433; x_wconf 80' lang='lat' dir='ltr'>ecelesia</span> <span class='ocrx_word' id='word_1_75' title='bbox 1436 1391 1461 1432; x_wconf 91' lang='lat' dir='ltr'>s.</span> <span class='ocrx_word' id='word_1_76' title='bbox 1486 1364 1641 1450; x_wconf 88' lang='lat' dir='ltr'>Dompnii</span> <span class='ocrx_word' id='word_1_77' title='bbox 1668 1362 1782 1428; x_wconf 89' lang='lat' dir='ltr'>hebuit</span> <span class='ocrx_word' id='word_1_78' title='bbox 1816 1365 1848 1426; x_wconf 90' lang='lat' dir='ltr'>in</span> 
     </span>
     <span class='ocr_line' id='line_1_9' title="bbox 163 1471 828 1563; baseline 0.014 -29"><span class='ocrx_word' id='word_1_79' title='bbox 163 1471 245 1558; x_wconf 89' lang='lat' dir='ltr'>ipsis</span> <span class='ocrx_word' id='word_1_80' title='bbox 269 1473 365 1557; x_wconf 85' lang='lat' dir='ltr'>villis,</span> <span class='ocrx_word' id='word_1_81' title='bbox 390 1476 483 1540; x_wconf 89' lang='lat' dir='ltr'>terris</span> <span class='ocrx_word' id='word_1_82' title='bbox 505 1487 537 1540; x_wconf 89' lang='lat' dir='ltr'>et</span> <span class='ocrx_word' id='word_1_83' title='bbox 559 1477 828 1563; x_wconf 81' lang='lat' dir='ltr'>possessionibus.</span> 
     </span>
    </p>
   </div>
   <div class='ocr_carea' id='block_1_4' title="bbox 324 1604 939 1678">
    <p class='ocr_par' dir='ltr' id='par_1_4' title="bbox 324 1604 939 1678">
     <span class='ocr_line' id='line_1_10' title="bbox 324 1604 939 1678; baseline 0.005 -20"><span class='ocrx_word' id='word_1_84' title='bbox 324 1604 441 1666; x_wconf 77' lang='lat' dir='ltr'>Parlati.</span> <span class='ocrx_word' id='word_1_85' title='bbox 471 1605 548 1677; x_wconf 86' lang='lat' dir='ltr'>lllyr.</span> <span class='ocrx_word' id='word_1_86' title='bbox 577 1605 654 1664; x_wconf 86' lang='lat' dir='ltr'>Saur.</span> <span class='ocrx_word' id='word_1_87' title='bbox 680 1607 715 1662; x_wconf 80' lang='grc' dir='ltr'>Τ.</span> <span class='ocrx_word' id='word_1_88' title='bbox 740 1607 789 1662; x_wconf 92' lang='grc'><strong>111.</strong></span> <span class='ocrx_word' id='word_1_89' title='bbox 814 1625 841 1678; x_wconf 90' lang='lat' dir='ltr'>p.</span> <span class='ocrx_word' id='word_1_90' title='bbox 869 1607 939 1661; x_wconf 83' lang='grc'><strong>118.</strong></span> 
     </span>
    </p>
   </div>
   <div class='ocr_carea' id='block_1_5' title="bbox 166 1837 1842 2023">
    <p class='ocr_par' dir='ltr' id='par_1_5' title="bbox 166 1837 1842 2023">
     <span class='ocr_line' id='line_1_11' title="bbox 166 1837 1842 1918; baseline 0 -20"><span class='ocrx_word' id='word_1_91' title='bbox 166 1839 204 1899; x_wconf 82' lang='lat' dir='ltr'>G.</span> <span class='ocrx_word' id='word_1_92' title='bbox 231 1845 325 1902; x_wconf 81' lang='lat'><em>1166.</em></span> <span class='ocrx_word' id='word_1_93' title='bbox 351 1842 476 1917; x_wconf 68' lang='lat' dir='ltr'>Stiepan</span> <span class='ocrx_word' id='word_1_94' title='bbox 500 1845 547 1904; x_wconf 86' lang='lat' dir='ltr'>II.</span> <span class='ocrx_word' id='word_1_95' title='bbox 572 1844 652 1916; x_wconf 71' lang='lat' dir='ltr'>trau</span> <span class='ocrx_word' id='word_1_96' title='bbox 688 1843 1206 1918; x_wconf 61' lang='grc'><strong>119111111111111111111111111111111</strong></span> <span class='ocrx_word' id='word_1_97' title='bbox 1239 1845 1410 1902; x_wconf 84' lang='lat' dir='ltr'>samostanu</span> <span class='ocrx_word' id='word_1_98' title='bbox 1447 1858 1490 1900; x_wconf 85' lang='lat' dir='ltr'>so.</span> <span class='ocrx_word' id='word_1_99' title='bbox 1514 1840 1612 1898; x_wconf 82' lang='lat' dir='ltr'>loono</span> <span class='ocrx_word' id='word_1_100' title='bbox 1635 1857 1655 1898; x_wconf 82' lang='lat' dir='ltr'>u</span> <span class='ocrx_word' id='word_1_101' title='bbox 1689 1837 1842 1914; x_wconf 74' lang='lat' dir='ltr'>Betpradu</span> 
     </span>
     <span class='ocr_line' id='line_1_12' title="bbox 347 1949 1266 2023; baseline 0.002 -15"><span class='ocrx_word' id='word_1_102' title='bbox 347 1950 503 2008; x_wconf 73' lang='lat' dir='ltr'>doroensioa</span> <span class='ocrx_word' id='word_1_103' title='bbox 524 1949 679 2010; x_wconf 75' lang='lat' dir='ltr'>breotslrils</span> <span class='ocrx_word' id='word_1_104' title='bbox 701 1950 854 2023; x_wconf 75' lang='lat' dir='ltr'>rratjavan</span> <span class='ocrx_word' id='word_1_105' title='bbox 867 1951 1034 2010; x_wconf 81' lang='lat' dir='ltr'>Krasims&#39;ro</span> <span class='ocrx_word' id='word_1_106' title='bbox 1055 1952 1068 2008; x_wconf 81' lang='lat' dir='ltr'><em>i</em></span> <span class='ocrx_word' id='word_1_107' title='bbox 1090 1949 1266 2010; x_wconf 77' lang='lat' dir='ltr'>Svenimtro.</span> 
     </span>
    </p>
   </div>
   <div class='ocr_carea' id='block_1_6' title="bbox 163 2076 1847 2890">
    <p class='ocr_par' dir='ltr' id='par_1_6' title="bbox 163 2076 1847 2890">
     <span class='ocr_line' id='line_1_13' title="bbox 325 2076 1844 2163; baseline -0.001 -22"><span class='ocrx_word' id='word_1_108' title='bbox 325 2077 521 2144; x_wconf 87' lang='lat' dir='ltr'>Monasterio</span> <span class='ocrx_word' id='word_1_109' title='bbox 546 2103 569 2144; x_wconf 85' lang='lat' dir='ltr'>s.</span> <span class='ocrx_word' id='word_1_110' title='bbox 593 2079 728 2144; x_wconf 87' lang='lat' dir='ltr'>Joannis</span> <span class='ocrx_word' id='word_1_111' title='bbox 751 2081 783 2142; x_wconf 92' lang='lat' dir='ltr'>in</span> <span class='ocrx_word' id='word_1_112' title='bbox 818 2078 937 2142; x_wconf 89' lang='lat' dir='ltr'>finibus</span> <span class='ocrx_word' id='word_1_113' title='bbox 960 2078 1122 2143; x_wconf 81' lang='lat' dir='ltr'>Dalmatis</span> <span class='ocrx_word' id='word_1_114' title='bbox 1146 2080 1215 2162; x_wconf 87' lang='lat' dir='ltr'>sito,</span> <span class='ocrx_word' id='word_1_115' title='bbox 1252 2080 1283 2142; x_wconf 92' lang='lat' dir='ltr'>in</span> <span class='ocrx_word' id='word_1_116' title='bbox 1308 2077 1396 2160; x_wconf 90' lang='lat' dir='ltr'>urbe,</span> <span class='ocrx_word' id='word_1_117' title='bbox 1421 2099 1485 2163; x_wconf 91' lang='lat' dir='ltr'>que</span> <span class='ocrx_word' id='word_1_118' title='bbox 1509 2076 1681 2163; x_wconf 87' lang='lat' dir='ltr'>quondam,</span> <span class='ocrx_word' id='word_1_119' title='bbox 1706 2077 1781 2142; x_wconf 89' lang='lat' dir='ltr'>dum</span> <span class='ocrx_word' id='word_1_120' title='bbox 1811 2077 1844 2140; x_wconf 91' lang='lat' dir='ltr'>in</span> 
     </span>
     <span class='ocr_line' id='line_1_14' title="bbox 169 2182 1846 2272; baseline -0.001 -24"><span class='ocrx_word' id='word_1_121' title='bbox 169 2207 228 2249; x_wconf 88' lang='lat' dir='ltr'>suo</span> <span class='ocrx_word' id='word_1_122' title='bbox 252 2193 337 2260; x_wconf 77' lang='lat' dir='ltr'>statu</span> <span class='ocrx_word' id='word_1_123' title='bbox 363 2187 526 2263; x_wconf 77' lang='lat' dir='ltr'>existeret,</span> <span class='ocrx_word' id='word_1_124' title='bbox 549 2185 637 2251; x_wconf 88' lang='lat' dir='ltr'>Alba</span> <span class='ocrx_word' id='word_1_125' title='bbox 659 2186 847 2268; x_wconf 84' lang='lat' dir='ltr'>vocabatur,</span> <span class='ocrx_word' id='word_1_126' title='bbox 873 2185 1100 2250; x_wconf 87' lang='lat' dir='ltr'>confirmamus</span> <span class='ocrx_word' id='word_1_127' title='bbox 1135 2195 1166 2250; x_wconf 90' lang='lat' dir='ltr'>et</span> <span class='ocrx_word' id='word_1_128' title='bbox 1188 2186 1327 2272; x_wconf 82' lang='lat' dir='ltr'>presenti</span> <span class='ocrx_word' id='word_1_129' title='bbox 1352 2182 1511 2270; x_wconf 86' lang='lat' dir='ltr'>priuilegii</span> <span class='ocrx_word' id='word_1_130' title='bbox 1537 2183 1719 2248; x_wconf 88' lang='lat' dir='ltr'>testimonio</span> <span class='ocrx_word' id='word_1_131' title='bbox 1742 2204 1846 2246; x_wconf 84' lang='lat' dir='ltr'>corro-</span> 
     </span>
     <span class='ocr_line' id='line_1_15' title="bbox 163 2287 1843 2380; baseline -0.002 -25"><span class='ocrx_word' id='word_1_132' title='bbox 163 2293 328 2374; x_wconf 86' lang='lat' dir='ltr'>boramus,</span> <span class='ocrx_word' id='word_1_133' title='bbox 343 2303 377 2355; x_wconf 89' lang='lat' dir='ltr'>ut</span> <span class='ocrx_word' id='word_1_134' title='bbox 392 2295 514 2376; x_wconf 85' lang='lat' dir='ltr'>integre</span> <span class='ocrx_word' id='word_1_135' title='bbox 523 2293 637 2356; x_wconf 88' lang='lat' dir='ltr'>fratres</span> <span class='ocrx_word' id='word_1_136' title='bbox 661 2294 794 2380; x_wconf 81' lang='lat' dir='ltr'>predicti</span> <span class='ocrx_word' id='word_1_137' title='bbox 819 2295 1004 2358; x_wconf 86' lang='lat' dir='ltr'>monasterii</span> <span class='ocrx_word' id='word_1_138' title='bbox 1027 2293 1166 2356; x_wconf 87' lang='lat' dir='ltr'>habeant</span> <span class='ocrx_word' id='word_1_139' title='bbox 1189 2313 1299 2356; x_wconf 89' lang='lat' dir='ltr'>omnes</span> <span class='ocrx_word' id='word_1_140' title='bbox 1319 2302 1421 2354; x_wconf 86' lang='lat' dir='ltr'>terras</span> <span class='ocrx_word' id='word_1_141' title='bbox 1438 2289 1519 2370; x_wconf 86' lang='lat' dir='ltr'>illas,</span> <span class='ocrx_word' id='word_1_142' title='bbox 1549 2313 1629 2378; x_wconf 88' lang='lat' dir='ltr'>quas</span> <span class='ocrx_word' id='word_1_143' title='bbox 1653 2289 1728 2353; x_wconf 89' lang='lat' dir='ltr'>olim</span> <span class='ocrx_word' id='word_1_144' title='bbox 1767 2287 1843 2352; x_wconf 85' lang='lat' dir='ltr'>Ore·</span> 
     </span>
     <span class='ocr_line' id='line_1_16' title="bbox 165 2395 1846 2485; baseline -0.001 -24"><span class='ocrx_word' id='word_1_145' title='bbox 165 2399 257 2462; x_wconf 87' lang='lat' dir='ltr'>simir</span> <span class='ocrx_word' id='word_1_146' title='bbox 273 2408 305 2462; x_wconf 91' lang='lat' dir='ltr'>et</span> <span class='ocrx_word' id='word_1_147' title='bbox 321 2397 513 2478; x_wconf 82' lang='lat' dir='ltr'>Suennimir,</span> <span class='ocrx_word' id='word_1_148' title='bbox 535 2399 696 2484; x_wconf 88' lang='lat' dir='ltr'>quondam</span> <span class='ocrx_word' id='word_1_149' title='bbox 722 2395 851 2466; x_wconf 80' lang='lat' dir='ltr'>Croetie</span> <span class='ocrx_word' id='word_1_150' title='bbox 869 2423 962 2484; x_wconf 85' lang='lat' dir='ltr'>reges</span> <span class='ocrx_word' id='word_1_151' title='bbox 988 2411 1146 2464; x_wconf 87' lang='lat' dir='ltr'>eteorum</span> <span class='ocrx_word' id='word_1_152' title='bbox 1168 2399 1339 2485; x_wconf 77' lang='lat' dir='ltr'>prinsipes.</span> <span class='ocrx_word' id='word_1_153' title='bbox 1378 2401 1440 2462; x_wconf 86' lang='lat' dir='ltr'>iam</span> <span class='ocrx_word' id='word_1_154' title='bbox 1458 2395 1543 2462; x_wconf 89' lang='lat' dir='ltr'>dieto</span> <span class='ocrx_word' id='word_1_155' title='bbox 1558 2398 1750 2462; x_wconf 88' lang='lat' dir='ltr'>monasterio</span> <span class='ocrx_word' id='word_1_156' title='bbox 1778 2398 1846 2460; x_wconf 88' lang='lat' dir='ltr'>iure</span> 
     </span>
     <span class='ocr_line' id='line_1_17' title="bbox 167 2505 1847 2594; baseline -0.002 -26"><span class='ocrx_word' id='word_1_157' title='bbox 167 2515 324 2591; x_wconf 87' lang='lat' dir='ltr'>perpetuo</span> <span class='ocrx_word' id='word_1_158' title='bbox 348 2505 560 2589; x_wconf 85' lang='lat' dir='ltr'>tradiderunt,</span> <span class='ocrx_word' id='word_1_159' title='bbox 583 2509 666 2572; x_wconf 85' lang='lat' dir='ltr'>sieut</span> <span class='ocrx_word' id='word_1_160' title='bbox 690 2509 722 2570; x_wconf 91' lang='lat' dir='ltr'>in</span> <span class='ocrx_word' id='word_1_161' title='bbox 747 2530 856 2572; x_wconf 85' lang='lat' dir='ltr'>eorum</span> <span class='ocrx_word' id='word_1_162' title='bbox 883 2507 1061 2594; x_wconf 83' lang='lat' dir='ltr'>priuilegiis</span> <span class='ocrx_word' id='word_1_163' title='bbox 1085 2509 1277 2587; x_wconf 84' lang='lat' dir='ltr'>continetur,</span> <span class='ocrx_word' id='word_1_164' title='bbox 1303 2505 1476 2570; x_wconf 84' lang='lat' dir='ltr'>seeundum</span> <span class='ocrx_word' id='word_1_165' title='bbox 1505 2505 1714 2590; x_wconf 77' lang='lat' dir='ltr'>quantitatem</span> <span class='ocrx_word' id='word_1_166' title='bbox 1732 2512 1765 2566; x_wconf 90' lang='lat' dir='ltr'>et</span> <span class='ocrx_word' id='word_1_167' title='bbox 1786 2513 1847 2566; x_wconf 87' lang='lat' dir='ltr'>ter·</span> 
     </span>
     <span class='ocr_line' id='line_1_18' title="bbox 166 2607 1843 2699; baseline -0.004 -23"><span class='ocrx_word' id='word_1_168' title='bbox 166 2615 289 2676; x_wconf 90' lang='lat' dir='ltr'>minum</span> <span class='ocrx_word' id='word_1_169' title='bbox 315 2623 472 2678; x_wconf 85' lang='lat' dir='ltr'>terrarum</span> <span class='ocrx_word' id='word_1_170' title='bbox 496 2613 631 2696; x_wconf 80' lang='lat' dir='ltr'>illarum,</span> <span class='ocrx_word' id='word_1_171' title='bbox 657 2612 809 2678; x_wconf 85' lang='lat' dir='ltr'>videlieet</span> <span class='ocrx_word' id='word_1_172' title='bbox 835 2625 952 2679; x_wconf 87' lang='lat' dir='ltr'>terram</span> <span class='ocrx_word' id='word_1_173' title='bbox 977 2617 1010 2678; x_wconf 86' lang='lat' dir='ltr'>in</span> <span class='ocrx_word' id='word_1_174' title='bbox 1043 2613 1177 2699; x_wconf 82' lang='lat' dir='ltr'>Rogoua</span> <span class='ocrx_word' id='word_1_175' title='bbox 1200 2623 1233 2676; x_wconf 90' lang='lat' dir='ltr'>et</span> <span class='ocrx_word' id='word_1_176' title='bbox 1257 2611 1441 2676; x_wconf 86' lang='lat' dir='ltr'>Virbiezam</span> <span class='ocrx_word' id='word_1_177' title='bbox 1476 2634 1548 2675; x_wconf 86' lang='lat' dir='ltr'>oum</span> <span class='ocrx_word' id='word_1_178' title='bbox 1578 2633 1662 2696; x_wconf 90' lang='lat' dir='ltr'>aqua</span> <span class='ocrx_word' id='word_1_179' title='bbox 1690 2607 1843 2674; x_wconf 87' lang='lat' dir='ltr'>molendi-</span> 
     </span>
     <span class='ocr_line' id='line_1_19' title="bbox 166 2714 1843 2807; baseline -0.003 -25"><span class='ocrx_word' id='word_1_180' title='bbox 166 2722 269 2800; x_wconf 87' lang='lat' dir='ltr'>naria,</span> <span class='ocrx_word' id='word_1_181' title='bbox 294 2729 327 2783; x_wconf 92' lang='lat' dir='ltr'>et</span> <span class='ocrx_word' id='word_1_182' title='bbox 343 2721 375 2783; x_wconf 91' lang='lat' dir='ltr'>in</span> <span class='ocrx_word' id='word_1_183' title='bbox 393 2718 603 2801; x_wconf 82' lang='lat' dir='ltr'>Chamenien,</span> <span class='ocrx_word' id='word_1_184' title='bbox 621 2731 653 2782; x_wconf 87' lang='lat' dir='ltr'>et</span> <span class='ocrx_word' id='word_1_185' title='bbox 676 2731 800 2784; x_wconf 84' lang='lat' dir='ltr'>ceteras</span> <span class='ocrx_word' id='word_1_186' title='bbox 823 2732 933 2804; x_wconf 87' lang='lat' dir='ltr'>terras,</span> <span class='ocrx_word' id='word_1_187' title='bbox 951 2743 1033 2807; x_wconf 87' lang='lat' dir='ltr'>quas</span> <span class='ocrx_word' id='word_1_188' title='bbox 1056 2717 1087 2784; x_wconf 87' lang='lat' dir='ltr'>in</span> <span class='ocrx_word' id='word_1_189' title='bbox 1104 2720 1242 2784; x_wconf 88' lang='lat' dir='ltr'>diuersis</span> <span class='ocrx_word' id='word_1_190' title='bbox 1260 2717 1338 2782; x_wconf 85' lang='lat' dir='ltr'>loeis</span> <span class='ocrx_word' id='word_1_191' title='bbox 1354 2741 1411 2804; x_wconf 89' lang='lat' dir='ltr'>per</span> <span class='ocrx_word' id='word_1_192' title='bbox 1427 2714 1612 2780; x_wconf 81' lang='lat' dir='ltr'>Obroatiam</span> <span class='ocrx_word' id='word_1_193' title='bbox 1630 2716 1843 2802; x_wconf 84' lang='lat' dir='ltr'>sepedictum</span> 
     </span>
     <span class='ocr_line' id='line_1_20' title="bbox 167 2825 557 2890; baseline 0.003 -1"><span class='ocrx_word' id='word_1_194' title='bbox 167 2827 396 2890; x_wconf 87' lang='lat' dir='ltr'>monasterium</span> <span class='ocrx_word' id='word_1_195' title='bbox 425 2825 557 2890; x_wconf 90' lang='lat' dir='ltr'>obtinet.</span> 
     </span>
    </p>
   </div>
   <div class='ocr_carea' id='block_1_7' title="bbox 325 2953 1747 3034">
    <p class='ocr_par' dir='ltr' id='par_1_7' title="bbox 325 2953 1747 3034">
     <span class='ocr_line' id='line_1_21' title="bbox 325 2953 1747 3034; baseline -0.002 -24"><span class='ocrx_word' id='word_1_196' title='bbox 325 2957 422 3028; x_wconf 86' lang='lat' dir='ltr'>Prepis</span> <span class='ocrx_word' id='word_1_197' title='bbox 445 2957 481 3011; x_wconf 90' lang='lat' dir='ltr'>od</span> <span class='ocrx_word' id='word_1_198' title='bbox 505 2976 533 3028; x_wconf 84' lang='lat' dir='ltr'>g.</span> <span class='ocrx_word' id='word_1_199' title='bbox 561 2958 643 3012; x_wconf 80' lang='lat'>1259</span> <span class='ocrx_word' id='word_1_200' title='bbox 668 2975 686 3012; x_wconf 91' lang='lat' dir='ltr'>u</span> <span class='ocrx_word' id='word_1_201' title='bbox 710 2957 807 3014; x_wconf 83' lang='lat' dir='ltr'>arkivu</span> <span class='ocrx_word' id='word_1_202' title='bbox 833 2957 983 3028; x_wconf 75' lang='lat' dir='ltr'>gubernijts</span> <span class='ocrx_word' id='word_1_203' title='bbox 998 2957 1185 3034; x_wconf 77' lang='lat' dir='ltr'>zadarslroga,</span> <span class='ocrx_word' id='word_1_204' title='bbox 1211 2957 1217 3010; x_wconf 92' lang='lat' dir='ltr'>i</span> <span class='ocrx_word' id='word_1_205' title='bbox 1248 2955 1355 3020; x_wconf 81' lang='lat' dir='ltr'>Fsrlati</span> <span class='ocrx_word' id='word_1_206' title='bbox 1380 2955 1458 3028; x_wconf 83' lang='lat' dir='ltr'>Illyr.</span> <span class='ocrx_word' id='word_1_207' title='bbox 1483 2953 1546 3010; x_wconf 85' lang='lat' dir='ltr'>See.</span> <span class='ocrx_word' id='word_1_208' title='bbox 1570 2954 1617 3010; x_wconf 87' lang='lat' dir='ltr'>lv.</span> <span class='ocrx_word' id='word_1_209' title='bbox 1642 2961 1691 3008; x_wconf 86' lang='lat' dir='ltr'>etr.</span> <span class='ocrx_word' id='word_1_210' title='bbox 1718 2953 1747 3008; x_wconf 81' lang='lat' dir='ltr'>t.</span> 
     </span>
    </p>
   </div>
   <div class='ocr_carea' id='block_1_8' title="bbox 165 3180 1970 3265">
    <p class='ocr_par' dir='ltr' id='par_1_8' title="bbox 165 3180 1970 3265">
     <span class='ocr_line' id='line_1_22' title="bbox 165 3180 1970 3265; baseline -0.001 -23"><span class='ocrx_word' id='word_1_211' title='bbox 165 3180 205 3242; x_wconf 78' lang='lat' dir='ltr'>G.</span> <span class='ocrx_word' id='word_1_212' title='bbox 232 3185 327 3242; x_wconf 81' lang='lat'><em>1166.</em></span> <span class='ocrx_word' id='word_1_213' title='bbox 352 3183 432 3241; x_wconf 83' lang='lat' dir='ltr'>Ivan</span> <span class='ocrx_word' id='word_1_214' title='bbox 455 3189 525 3256; x_wconf 83' lang='lat' dir='ltr'>opat</span> <span class='ocrx_word' id='word_1_215' title='bbox 548 3200 590 3242; x_wconf 82' lang='lat' dir='ltr'>so.</span> <span class='ocrx_word' id='word_1_216' title='bbox 615 3185 775 3244; x_wconf 68' lang='lat' dir='ltr'>Krtevana</span> <span class='ocrx_word' id='word_1_217' title='bbox 795 3205 816 3244; x_wconf 81' lang='lat' dir='ltr'>s</span> <span class='ocrx_word' id='word_1_218' title='bbox 840 3185 953 3265; x_wconf 80' lang='lat' dir='ltr'>Zadru,</span> <span class='ocrx_word' id='word_1_219' title='bbox 967 3203 1004 3245; x_wconf 87' lang='lat' dir='ltr'>sa</span> <span class='ocrx_word' id='word_1_220' title='bbox 1025 3187 1134 3258; x_wconf 76' lang='lat' dir='ltr'>eoojom</span> <span class='ocrx_word' id='word_1_221' title='bbox 1153 3185 1269 3244; x_wconf 79' lang='lat' dir='ltr'>broe&#39;om</span> <span class='ocrx_word' id='word_1_222' title='bbox 1295 3186 1444 3259; x_wconf 78' lang='lat' dir='ltr'>spomtnju</span> <span class='ocrx_word' id='word_1_223' title='bbox 1467 3200 1521 3242; x_wconf 81' lang='lat' dir='ltr'>one</span> <span class='ocrx_word' id='word_1_224' title='bbox 1543 3183 1643 3256; x_wconf 69' lang='lat' dir='ltr'>aemlps</span> <span class='ocrx_word' id='word_1_225' title='bbox 1665 3183 1678 3241; x_wconf 82' lang='lat' dir='ltr'>s&#39;</span> <span class='ocrx_word' id='word_1_226' title='bbox 1699 3181 1765 3256; x_wconf 67' lang='lat' dir='ltr'>ratila</span> <span class='ocrx_word' id='word_1_227' title='bbox 1777 3199 1848 3256; x_wconf 74' lang='lat' dir='ltr'>pro·</span> <span class='ocrx_word' id='word_1_228' title='bbox 1964 3195 1970 3208; x_wconf 87' lang='lat'>·</span> 
     </span>
    </p>
   </div>
   <div class='ocr_carea' id='block_1_9' title="bbox 342 3287 1848 3372">
    <p class='ocr_par' dir='ltr' id='par_1_9' title="bbox 342 3287 1848 3372">
     <span class='ocr_line' id='line_1_23' title="bbox 342 3287 1848 3372; baseline -0.002 -23"><span class='ocrx_word' id='word_1_229' title='bbox 342 3293 415 3370; x_wconf 79' lang='lat' dir='ltr'>nice,</span> <span class='ocrx_word' id='word_1_230' title='bbox 425 3291 489 3362; x_wconf 78' lang='lat' dir='ltr'>toja</span> <span class='ocrx_word' id='word_1_231' title='bbox 505 3292 612 3350; x_wconf 76' lang='lat' dir='ltr'>istosne</span> <span class='ocrx_word' id='word_1_232' title='bbox 631 3297 803 3350; x_wconf 81' lang='lat' dir='ltr'>somostamr</span> <span class='ocrx_word' id='word_1_233' title='bbox 817 3293 1044 3368; x_wconf 74' lang='lat' dir='ltr'>doroeanjepdo</span> <span class='ocrx_word' id='word_1_234' title='bbox 1065 3293 1178 3352; x_wconf 76' lang='lat' dir='ltr'>Korma</span> <span class='ocrx_word' id='word_1_235' title='bbox 1191 3291 1290 3365; x_wconf 65' lang='lat' dir='ltr'>rapsa</span> <span class='ocrx_word' id='word_1_236' title='bbox 1303 3291 1391 3352; x_wconf 77' lang='grc'><strong>111111.</strong></span> <span class='ocrx_word' id='word_1_237' title='bbox 1409 3287 1516 3372; x_wconf 74' lang='lat' dir='ltr'>(Biate</span> <span class='ocrx_word' id='word_1_238' title='bbox 1531 3291 1678 3364; x_wconf 66' lang='lat' dir='ltr'>susanam</span> <span class='ocrx_word' id='word_1_239' title='bbox 1691 3309 1720 3364; x_wconf 78' lang='lat'>9.</span> <span class='ocrx_word' id='word_1_240' title='bbox 1740 3290 1848 3365; x_wconf 87' lang='lat'><em>1070.)</em></span> 
     </span>
    </p>
   </div>
   <div class='ocr_carea' id='block_1_10' title="bbox 168 3416 1854 4466">
    <p class='ocr_par' dir='ltr' id='par_1_10' title="bbox 168 3416 1854 4466">
     <span class='ocr_line' id='line_1_24' title="bbox 334 3416 1849 3506; baseline 0 -24"><span class='ocrx_word' id='word_1_241' title='bbox 334 3417 401 3482; x_wconf 86' lang='lat' dir='ltr'>Nos</span> <span class='ocrx_word' id='word_1_242' title='bbox 426 3455 465 3466; x_wconf 89' lang='lat'><em>-</em></span> <span class='ocrx_word' id='word_1_243' title='bbox 489 3418 656 3484; x_wconf 88' lang='lat' dir='ltr'>Jobannes</span> <span class='ocrx_word' id='word_1_244' title='bbox 680 3422 782 3485; x_wconf 87' lang='lat' dir='ltr'>saneti</span> <span class='ocrx_word' id='word_1_245' title='bbox 810 3419 1003 3506; x_wconf 79' lang='lat' dir='ltr'>Chrisogoni</span> <span class='ocrx_word' id='word_1_246' title='bbox 1038 3421 1139 3488; x_wconf 82' lang='lat' dir='ltr'>abbas</span> <span class='ocrx_word' id='word_1_247' title='bbox 1172 3445 1236 3486; x_wconf 90' lang='lat' dir='ltr'>una</span> <span class='ocrx_word' id='word_1_248' title='bbox 1271 3445 1342 3484; x_wconf 86' lang='lat' dir='ltr'>cum</span> <span class='ocrx_word' id='word_1_249' title='bbox 1379 3422 1459 3484; x_wconf 91' lang='lat' dir='ltr'>meis</span> <span class='ocrx_word' id='word_1_250' title='bbox 1495 3421 1659 3500; x_wconf 82' lang='lat' dir='ltr'>fratribus,</span> <span class='ocrx_word' id='word_1_251' title='bbox 1695 3416 1849 3482; x_wconf 84' lang='lat' dir='ltr'>cartulam</span> 
     </span>
     <span class='ocr_line' id='line_1_25' title="bbox 168 3523 1850 3614; baseline 0.001 -28"><span class='ocrx_word' id='word_1_252' title='bbox 168 3523 401 3589; x_wconf 81' lang='lat' dir='ltr'>reeordationis</span> <span class='ocrx_word' id='word_1_253' title='bbox 425 3523 572 3590; x_wconf 87' lang='lat' dir='ltr'>iubemus</span> <span class='ocrx_word' id='word_1_254' title='bbox 597 3526 665 3590; x_wconf 86' lang='lat' dir='ltr'>fieri</span> <span class='ocrx_word' id='word_1_255' title='bbox 690 3525 730 3590; x_wconf 87' lang='lat' dir='ltr'>de</span> <span class='ocrx_word' id='word_1_256' title='bbox 752 3543 847 3612; x_wconf 80' lang='lat' dir='ltr'>terre,</span> <span class='ocrx_word' id='word_1_257' title='bbox 872 3551 934 3614; x_wconf 91' lang='lat' dir='ltr'>que</span> <span class='ocrx_word' id='word_1_258' title='bbox 956 3539 1064 3592; x_wconf 82' lang='lat' dir='ltr'>menet</span> <span class='ocrx_word' id='word_1_259' title='bbox 1084 3527 1170 3614; x_wconf 86' lang='lat' dir='ltr'>apud</span> <span class='ocrx_word' id='word_1_260' title='bbox 1203 3526 1390 3609; x_wconf 77' lang='lat' dir='ltr'>Camenam,</span> <span class='ocrx_word' id='word_1_261' title='bbox 1426 3549 1521 3612; x_wconf 88' lang='lat' dir='ltr'>quam</span> <span class='ocrx_word' id='word_1_262' title='bbox 1546 3525 1681 3591; x_wconf 78' lang='lat' dir='ltr'>Cosmus</span> <span class='ocrx_word' id='word_1_263' title='bbox 1714 3528 1850 3612; x_wconf 85' lang='lat' dir='ltr'>iupenus</span> 
     </span>
     <span class='ocr_line' id='line_1_26' title="bbox 170 3629 1850 3720; baseline 0.002 -27"><span class='ocrx_word' id='word_1_264' title='bbox 170 3629 210 3694; x_wconf 87' lang='lat' dir='ltr'>de</span> <span class='ocrx_word' id='word_1_265' title='bbox 234 3629 335 3712; x_wconf 82' lang='lat' dir='ltr'>Lusa,</span> <span class='ocrx_word' id='word_1_266' title='bbox 359 3629 458 3694; x_wconf 86' lang='lat' dir='ltr'>frater</span> <span class='ocrx_word' id='word_1_267' title='bbox 482 3641 514 3695; x_wconf 91' lang='lat' dir='ltr'>et</span> <span class='ocrx_word' id='word_1_268' title='bbox 550 3631 725 3696; x_wconf 82' lang='lat' dir='ltr'>monachus</span> <span class='ocrx_word' id='word_1_269' title='bbox 765 3646 883 3716; x_wconf 87' lang='lat' dir='ltr'>noster,</span> <span class='ocrx_word' id='word_1_270' title='bbox 909 3635 1084 3716; x_wconf 89' lang='lat' dir='ltr'>moriendo,</span> <span class='ocrx_word' id='word_1_271' title='bbox 1121 3637 1152 3698; x_wconf 92' lang='lat' dir='ltr'>in</span> <span class='ocrx_word' id='word_1_272' title='bbox 1188 3636 1349 3720; x_wconf 87' lang='lat' dir='ltr'>presentia</span> <span class='ocrx_word' id='word_1_273' title='bbox 1372 3633 1616 3720; x_wconf 82' lang='lat' dir='ltr'>archiepiscopi,</span> <span class='ocrx_word' id='word_1_274' title='bbox 1649 3632 1850 3719; x_wconf 87' lang='lat' dir='ltr'>aliorumque</span> 
     </span>
     <span class='ocr_line' id='line_1_27' title="bbox 170 3735 1850 3826; baseline 0.001 -26"><span class='ocrx_word' id='word_1_275' title='bbox 170 3735 354 3816; x_wconf 83' lang='lat' dir='ltr'>multorum,</span> <span class='ocrx_word' id='word_1_276' title='bbox 379 3739 432 3823; x_wconf 93' lang='lat' dir='ltr'>qui</span> <span class='ocrx_word' id='word_1_277' title='bbox 457 3737 501 3803; x_wconf 92' lang='lat' dir='ltr'>ibi</span> <span class='ocrx_word' id='word_1_278' title='bbox 525 3739 669 3820; x_wconf 86' lang='lat' dir='ltr'>aderant,</span> <span class='ocrx_word' id='word_1_279' title='bbox 694 3741 726 3802; x_wconf 91' lang='lat' dir='ltr'>in</span> <span class='ocrx_word' id='word_1_280' title='bbox 751 3743 944 3806; x_wconf 84' lang='lat' dir='ltr'>monasterio</span> <span class='ocrx_word' id='word_1_281' title='bbox 972 3741 1056 3806; x_wconf 90' lang='lat' dir='ltr'>besti</span> <span class='ocrx_word' id='word_1_282' title='bbox 1081 3740 1287 3824; x_wconf 77' lang='lat' dir='ltr'>Chrisogoni‚</span> <span class='ocrx_word' id='word_1_283' title='bbox 1323 3739 1465 3804; x_wconf 86' lang='lat' dir='ltr'>tradidit.</span> <span class='ocrx_word' id='word_1_284' title='bbox 1499 3739 1571 3804; x_wconf 89' lang='lat' dir='ltr'>Hee</span> <span class='ocrx_word' id='word_1_285' title='bbox 1593 3761 1731 3826; x_wconf 90' lang='lat' dir='ltr'>namque</span> <span class='ocrx_word' id='word_1_286' title='bbox 1765 3751 1850 3804; x_wconf 89' lang='lat' dir='ltr'>terra</span> 
     </span>
     <span class='ocr_line' id='line_1_28' title="bbox 169 3843 1851 3934; baseline 0.001 -28"><span class='ocrx_word' id='word_1_287' title='bbox 169 3843 210 3907; x_wconf 86' lang='lat' dir='ltr'>ab</span> <span class='ocrx_word' id='word_1_288' title='bbox 234 3843 381 3908; x_wconf 84' lang='lat' dir='ltr'>orientali</span> <span class='ocrx_word' id='word_1_289' title='bbox 407 3847 556 3930; x_wconf 89' lang='lat' dir='ltr'>usquein</span> <span class='ocrx_word' id='word_1_290' title='bbox 581 3845 773 3911; x_wconf 81' lang='lat' dir='ltr'>occidentali</span> <span class='ocrx_word' id='word_1_291' title='bbox 797 3857 886 3931; x_wconf 87' lang='lat' dir='ltr'>parte</span> <span class='ocrx_word' id='word_1_292' title='bbox 908 3849 940 3912; x_wconf 91' lang='lat' dir='ltr'>in</span> <span class='ocrx_word' id='word_1_293' title='bbox 955 3846 1154 3934; x_wconf 84' lang='lat' dir='ltr'>longitudine</span> <span class='ocrx_word' id='word_1_294' title='bbox 1170 3847 1394 3934; x_wconf 88' lang='lat' dir='ltr'>protenditur;</span> <span class='ocrx_word' id='word_1_295' title='bbox 1415 3847 1626 3932; x_wconf 85' lang='lat' dir='ltr'>insuperiori,</span> <span class='ocrx_word' id='word_1_296' title='bbox 1657 3845 1718 3911; x_wconf 87' lang='lat' dir='ltr'>hoe</span> <span class='ocrx_word' id='word_1_297' title='bbox 1742 3856 1792 3909; x_wconf 90' lang='lat' dir='ltr'>est</span> <span class='ocrx_word' id='word_1_298' title='bbox 1819 3847 1851 3908; x_wconf 91' lang='lat' dir='ltr'>in</span> 
     </span>
     <span class='ocr_line' id='line_1_29' title="bbox 169 3949 1853 4039; baseline 0.001 -26"><span class='ocrx_word' id='word_1_299' title='bbox 169 3949 318 4014; x_wconf 79' lang='lat' dir='ltr'>orientali</span> <span class='ocrx_word' id='word_1_300' title='bbox 344 3961 442 4035; x_wconf 87' lang='lat' dir='ltr'>parte,</span> <span class='ocrx_word' id='word_1_301' title='bbox 467 3949 593 4018; x_wconf 82' lang='lat' dir='ltr'>duobus</span> <span class='ocrx_word' id='word_1_302' title='bbox 628 3952 706 4017; x_wconf 83' lang='lat' dir='ltr'>lacis</span> <span class='ocrx_word' id='word_1_303' title='bbox 737 3956 935 4019; x_wconf 87' lang='lat' dir='ltr'>terminatur.</span> <span class='ocrx_word' id='word_1_304' title='bbox 977 3955 1015 4018; x_wconf 93' lang='lat' dir='ltr'>In</span> <span class='ocrx_word' id='word_1_305' title='bbox 1049 3953 1239 4020; x_wconf 84' lang='lat' dir='ltr'>oeeidentali</span> <span class='ocrx_word' id='word_1_306' title='bbox 1275 3975 1352 4018; x_wconf 89' lang='lat' dir='ltr'>vero</span> <span class='ocrx_word' id='word_1_307' title='bbox 1384 3957 1477 4039; x_wconf 87' lang='lat' dir='ltr'>parte</span> <span class='ocrx_word' id='word_1_308' title='bbox 1517 3954 1568 4016; x_wconf 88' lang='lat' dir='ltr'>via</span> <span class='ocrx_word' id='word_1_309' title='bbox 1603 3954 1736 4039; x_wconf 84' lang='lat' dir='ltr'>antiqua</span> <span class='ocrx_word' id='word_1_310' title='bbox 1781 3973 1853 4016; x_wconf 85' lang='lat' dir='ltr'>cum</span> 
     </span>
     <span class='ocr_line' id='line_1_30' title="bbox 171 4056 1851 4146; baseline 0.001 -28"><span class='ocrx_word' id='word_1_311' title='bbox 171 4058 315 4120; x_wconf 83' lang='lat' dir='ltr'>terminis</span> <span class='ocrx_word' id='word_1_312' title='bbox 339 4057 400 4121; x_wconf 88' lang='lat' dir='ltr'>sibi</span> <span class='ocrx_word' id='word_1_313' title='bbox 425 4059 572 4144; x_wconf 84' lang='lat' dir='ltr'>inpositis</span> <span class='ocrx_word' id='word_1_314' title='bbox 596 4061 793 4124; x_wconf 89' lang='lat' dir='ltr'>terminatur.</span> <span class='ocrx_word' id='word_1_315' title='bbox 829 4061 909 4124; x_wconf 91' lang='lat' dir='ltr'>Inde</span> <span class='ocrx_word' id='word_1_316' title='bbox 933 4061 1032 4144; x_wconf 85' lang='lat' dir='ltr'>igitur</span> <span class='ocrx_word' id='word_1_317' title='bbox 1064 4063 1096 4126; x_wconf 89' lang='lat' dir='ltr'>in</span> <span class='ocrx_word' id='word_1_318' title='bbox 1121 4060 1300 4146; x_wconf 85' lang='lat' dir='ltr'>aquilonari</span> <span class='ocrx_word' id='word_1_319' title='bbox 1325 4071 1415 4145; x_wconf 85' lang='lat' dir='ltr'>parte</span> <span class='ocrx_word' id='word_1_320' title='bbox 1440 4056 1510 4123; x_wconf 88' lang='lat' dir='ltr'>luoo</span> <span class='ocrx_word' id='word_1_321' title='bbox 1528 4061 1691 4122; x_wconf 89' lang='lat' dir='ltr'>terminari</span> <span class='ocrx_word' id='word_1_322' title='bbox 1716 4057 1851 4138; x_wconf 87' lang='lat' dir='ltr'>videtur,</span> 
     </span>
     <span class='ocr_line' id='line_1_31' title="bbox 172 4163 1854 4252; baseline 0 -26"><span class='ocrx_word' id='word_1_323' title='bbox 172 4166 203 4226; x_wconf 92' lang='lat' dir='ltr'>in</span> <span class='ocrx_word' id='word_1_324' title='bbox 227 4163 360 4230; x_wconf 85' lang='lat' dir='ltr'>australi</span> <span class='ocrx_word' id='word_1_325' title='bbox 379 4188 435 4230; x_wconf 85' lang='lat' dir='ltr'>ora</span> <span class='ocrx_word' id='word_1_326' title='bbox 454 4175 550 4252; x_wconf 92' lang='lat' dir='ltr'>puteo</span> <span class='ocrx_word' id='word_1_327' title='bbox 575 4165 785 4232; x_wconf 79' lang='lat' dir='ltr'>concluditur.</span> <span class='ocrx_word' id='word_1_328' title='bbox 799 4203 1305 4216; x_wconf 57' lang='lat'>--------</span> <span class='ocrx_word' id='word_1_329' title='bbox 1342 4165 1384 4228; x_wconf 86' lang='lat' dir='ltr'>Et</span> <span class='ocrx_word' id='word_1_330' title='bbox 1406 4188 1465 4250; x_wconf 87' lang='lat' dir='ltr'>ego</span> <span class='ocrx_word' id='word_1_331' title='bbox 1496 4164 1662 4230; x_wconf 84' lang='lat' dir='ltr'>Jobannes</span> <span class='ocrx_word' id='word_1_332' title='bbox 1698 4165 1854 4228; x_wconf 86' lang='lat' dir='ltr'>iadrensis</span> 
     </span>
     <span class='ocr_line' id='line_1_32' title="bbox 173 4271 1853 4360; baseline 0 -27"><span class='ocrx_word' id='word_1_333' title='bbox 173 4273 317 4336; x_wconf 64' lang='lat' dir='ltr'>numnius</span> <span class='ocrx_word' id='word_1_334' title='bbox 341 4271 460 4338; x_wconf 88' lang='lat' dir='ltr'>ibidem</span> <span class='ocrx_word' id='word_1_335' title='bbox 485 4273 626 4355; x_wconf 85' lang='lat' dir='ltr'>interfui,</span> <span class='ocrx_word' id='word_1_336' title='bbox 658 4273 787 4360; x_wconf 89' lang='lat' dir='ltr'>quando</span> <span class='ocrx_word' id='word_1_337' title='bbox 820 4272 954 4338; x_wconf 86' lang='lat' dir='ltr'>Cosmas</span> <span class='ocrx_word' id='word_1_338' title='bbox 989 4275 1127 4360; x_wconf 80' lang='lat' dir='ltr'>ispanus</span> <span class='ocrx_word' id='word_1_339' title='bbox 1163 4272 1339 4338; x_wconf 85' lang='lat' dir='ltr'>monachus</span> <span class='ocrx_word' id='word_1_340' title='bbox 1363 4271 1528 4338; x_wconf 88' lang='lat' dir='ltr'>moriendo</span> <span class='ocrx_word' id='word_1_341' title='bbox 1557 4273 1853 4358; x_wconf 84' lang='lat' dir='ltr'>prenonominatem</span> 
     </span>
     <span class='ocr_line' id='line_1_33' title="bbox 173 4376 1799 4466; baseline -0.001 -26"><span class='ocrx_word' id='word_1_342' title='bbox 173 4387 287 4440; x_wconf 86' lang='lat' dir='ltr'>terram</span> <span class='ocrx_word' id='word_1_343' title='bbox 322 4378 409 4464; x_wconf 90' lang='lat' dir='ltr'>apud</span> <span class='ocrx_word' id='word_1_344' title='bbox 449 4376 623 4443; x_wconf 83' lang='lat' dir='ltr'>Camenani</span> <span class='ocrx_word' id='word_1_345' title='bbox 648 4379 788 4463; x_wconf 26' lang='lat' dir='ltr'>donauit*</span> <span class='ocrx_word' id='word_1_346' title='bbox 837 4380 967 4446; x_wconf 86' lang='lat' dir='ltr'>iubente</span> <span class='ocrx_word' id='word_1_347' title='bbox 1018 4381 1088 4466; x_wconf 90' lang='lat' dir='ltr'>ipso</span> <span class='ocrx_word' id='word_1_348' title='bbox 1129 4379 1248 4444; x_wconf 85' lang='lat' dir='ltr'>Cosma</span> <span class='ocrx_word' id='word_1_349' title='bbox 1282 4381 1399 4465; x_wconf 89' lang='lat' dir='ltr'>iupano</span> <span class='ocrx_word' id='word_1_350' title='bbox 1435 4380 1546 4465; x_wconf 89' lang='lat' dir='ltr'>seripsi</span> <span class='ocrx_word' id='word_1_351' title='bbox 1577 4389 1608 4441; x_wconf 88' lang='lat' dir='ltr'>et</span> <span class='ocrx_word' id='word_1_352' title='bbox 1638 4377 1799 4443; x_wconf 85' lang='lat' dir='ltr'>roboraui.</span> 
     </span>
    </p>
   </div>
   <div class='ocr_carea' id='block_1_11' title="bbox 329 4507 1725 4584">
    <p class='ocr_par' dir='ltr' id='par_1_11' title="bbox 329 4507 1725 4584">
     <span class='ocr_line' id='line_1_34' title="bbox 329 4507 1725 4584; baseline -0.001 -20"><span class='ocrx_word' id='word_1_353' title='bbox 329 4507 469 4564; x_wconf 81' lang='lat' dir='ltr'>Starinski</span> <span class='ocrx_word' id='word_1_354' title='bbox 493 4511 586 4582; x_wconf 89' lang='lat' dir='ltr'>prepis</span> <span class='ocrx_word' id='word_1_355' title='bbox 610 4529 646 4566; x_wconf 85' lang='lat' dir='ltr'>aa</span> <span class='ocrx_word' id='word_1_356' title='bbox 669 4511 831 4584; x_wconf 73' lang='lat' dir='ltr'>pergameni</span> <span class='ocrx_word' id='word_1_357' title='bbox 855 4530 872 4566; x_wconf 93' lang='lat' dir='ltr'>u</span> <span class='ocrx_word' id='word_1_358' title='bbox 896 4513 999 4566; x_wconf 84' lang='lat' dir='ltr'>arkivu</span> <span class='ocrx_word' id='word_1_359' title='bbox 1027 4512 1178 4582; x_wconf 81' lang='lat' dir='ltr'>gnbernija</span> <span class='ocrx_word' id='word_1_360' title='bbox 1201 4511 1376 4582; x_wconf 78' lang='lat' dir='ltr'>zadarslroga</span> <span class='ocrx_word' id='word_1_361' title='bbox 1399 4509 1525 4567; x_wconf 84' lang='lat' dir='ltr'>Cesseta.</span> <span class='ocrx_word' id='word_1_362' title='bbox 1552 4509 1588 4562; x_wconf 92' lang='lat' dir='ltr'>Il.</span> <span class='ocrx_word' id='word_1_363' title='bbox 1612 4509 1654 4564; x_wconf 88' lang='lat' dir='ltr'>br.</span> <span class='ocrx_word' id='word_1_364' title='bbox 1678 4510 1725 4562; x_wconf 81' lang='lat'>12.</span> 
     </span>
    </p>
   </div>
   <div class='ocr_carea' id='block_1_12' title="bbox 176 4717 1852 5018">
    <p class='ocr_par' dir='ltr' id='par_1_12' title="bbox 176 4717 1852 5018">
     <span class='ocr_line' id='line_1_35' title="bbox 176 4717 1849 4799; baseline 0.002 -21"><span class='ocrx_word' id='word_1_365' title='bbox 176 4719 209 4779; x_wconf 79' lang='lat' dir='ltr'>G.</span> <span class='ocrx_word' id='word_1_366' title='bbox 234 4717 330 4779; x_wconf 78' lang='lat'><strong><em>1167.</em></strong></span> <span class='ocrx_word' id='word_1_367' title='bbox 366 4719 548 4792; x_wconf 82' lang='lat' dir='ltr'>Lampradio</span> <span class='ocrx_word' id='word_1_368' title='bbox 581 4721 780 4793; x_wconf 75' lang='lat' dir='ltr'>naduistapt</span> <span class='ocrx_word' id='word_1_369' title='bbox 805 4721 1121 4782; x_wconf 79' lang='lat' dir='ltr'>DominttMauroeen</span> <span class='ocrx_word' id='word_1_370' title='bbox 1141 4724 1215 4782; x_wconf 70' lang='lat' dir='ltr'>lenes</span> <span class='ocrx_word' id='word_1_371' title='bbox 1230 4722 1513 4799; x_wconf 52' lang='lat' dir='ltr'>aodarskmoiedode,</span> <span class='ocrx_word' id='word_1_372' title='bbox 1527 4723 1849 4782; x_wconf 74' lang='lat' dir='ltr'>statoristsamostana</span> 
     </span>
     <span class='ocr_line' id='line_1_36' title="bbox 358 4824 1852 4906; baseline 0.003 -23"><span class='ocrx_word' id='word_1_373' title='bbox 358 4826 564 4898; x_wconf 81' lang='lat' dir='ltr'>kaludjeriealt</span> <span class='ocrx_word' id='word_1_374' title='bbox 593 4845 633 4885; x_wconf 83' lang='lat' dir='ltr'>so.</span> <span class='ocrx_word' id='word_1_375' title='bbox 678 4824 792 4902; x_wconf 82' lang='lat' dir='ltr'>Marije</span> <span class='ocrx_word' id='word_1_376' title='bbox 831 4847 852 4886; x_wconf 83' lang='lat' dir='ltr'>u</span> <span class='ocrx_word' id='word_1_377' title='bbox 876 4829 989 4906; x_wconf 82' lang='lat' dir='ltr'>Zodra,</span> <span class='ocrx_word' id='word_1_378' title='bbox 1025 4831 1141 4900; x_wconf 75' lang='lat' dir='ltr'>istinito</span> <span class='ocrx_word' id='word_1_379' title='bbox 1175 4831 1335 4902; x_wconf 70' lang='lat' dir='ltr'>dorononje</span> <span class='ocrx_word' id='word_1_380' title='bbox 1369 4831 1469 4902; x_wconf 66' lang='lat' dir='ltr'>rustili</span> <span class='ocrx_word' id='word_1_381' title='bbox 1503 4830 1647 4903; x_wconf 76' lang='lat' dir='ltr'>aemaljalr</span> <span class='ocrx_word' id='word_1_382' title='bbox 1670 4849 1691 4887; x_wconf 79' lang='grc'>11</span> <span class='ocrx_word' id='word_1_383' title='bbox 1721 4829 1852 4888; x_wconf 81' lang='lat' dir='ltr'>Obrovctr</span> 
     </span>
     <span class='ocr_line' id='line_1_37' title="bbox 360 4928 1622 5018; baseline 0.004 -28"><span class='ocrx_word' id='word_1_384' title='bbox 360 4928 525 5014; x_wconf 76' lang='lat' dir='ltr'>(Bruttiae)</span> <span class='ocrx_word' id='word_1_385' title='bbox 545 4935 609 5006; x_wconf 81' lang='lat' dir='ltr'>lsoje</span> <span class='ocrx_word' id='word_1_386' title='bbox 632 4935 714 4993; x_wconf 77' lang='grc'><strong>1111111</strong></span> <span class='ocrx_word' id='word_1_387' title='bbox 740 4931 836 4992; x_wconf 82' lang='lat' dir='ltr'>Peter</span> <span class='ocrx_word' id='word_1_388' title='bbox 863 4935 1019 4994; x_wconf 83' lang='lat' dir='ltr'>Semiuitoo</span> <span class='ocrx_word' id='word_1_389' title='bbox 1042 4954 1078 4994; x_wconf 81' lang='lat' dir='ltr'>so</span> <span class='ocrx_word' id='word_1_390' title='bbox 1098 4937 1195 4994; x_wconf 80' lang='lat' dir='ltr'>sinaut</span> <span class='ocrx_word' id='word_1_391' title='bbox 1217 4937 1299 4994; x_wconf 78' lang='lat' dir='ltr'>Kree</span> <span class='ocrx_word' id='word_1_392' title='bbox 1331 4930 1451 5018; x_wconf 80' lang='lat' dir='ltr'>(Crine)</span> <span class='ocrx_word' id='word_1_393' title='bbox 1473 4954 1503 5010; x_wconf 79' lang='lat' dir='ltr'>p.</span> <span class='ocrx_word' id='word_1_394' title='bbox 1529 4933 1622 4995; x_wconf 83' lang='lat'><em>1068.</em></span> 
     </span>
    </p>
   </div>
   <div class='ocr_carea' id='block_1_13' title="bbox 177 5061 1854 5474">
    <p class='ocr_par' dir='ltr' id='par_1_13' title="bbox 177 5061 1854 5474">
     <span class='ocr_line' id='line_1_38' title="bbox 338 5061 1849 5151; baseline 0.003 -26"><span class='ocrx_word' id='word_1_395' title='bbox 338 5061 402 5126; x_wconf 84' lang='lat' dir='ltr'>Nos</span> <span class='ocrx_word' id='word_1_396' title='bbox 442 5101 482 5111; x_wconf 88' lang='lat'>—</span> <span class='ocrx_word' id='word_1_397' title='bbox 522 5063 734 5150; x_wconf 83' lang='lat' dir='ltr'>Lampredius</span> <span class='ocrx_word' id='word_1_398' title='bbox 758 5064 1019 5151; x_wconf 81' lang='lat' dir='ltr'>archiepiscopus</span> <span class='ocrx_word' id='word_1_399' title='bbox 1055 5075 1086 5129; x_wconf 89' lang='lat' dir='ltr'>et</span> <span class='ocrx_word' id='word_1_400' title='bbox 1121 5065 1313 5130; x_wconf 88' lang='lat' dir='ltr'>Dominious</span> <span class='ocrx_word' id='word_1_401' title='bbox 1349 5064 1562 5131; x_wconf 87' lang='lat' dir='ltr'>Maurooenus</span> <span class='ocrx_word' id='word_1_402' title='bbox 1594 5088 1710 5144; x_wconf 87' lang='lat' dir='ltr'>eomes,</span> <span class='ocrx_word' id='word_1_403' title='bbox 1735 5075 1766 5131; x_wconf 90' lang='lat' dir='ltr'>et</span> <span class='ocrx_word' id='word_1_404' title='bbox 1794 5065 1849 5130; x_wconf 90' lang='lat' dir='ltr'>alii</span> 
     </span>
     <span class='ocr_line' id='line_1_39' title="bbox 177 5167 1854 5259; baseline 0.004 -28"><span class='ocrx_word' id='word_1_405' title='bbox 177 5167 294 5233; x_wconf 89' lang='lat' dir='ltr'>nobiles</span> <span class='ocrx_word' id='word_1_406' title='bbox 316 5171 376 5233; x_wconf 89' lang='lat' dir='ltr'>viri</span> <span class='ocrx_word' id='word_1_407' title='bbox 403 5169 606 5234; x_wconf 89' lang='lat' dir='ltr'>-iubemus</span> <span class='ocrx_word' id='word_1_408' title='bbox 631 5171 699 5235; x_wconf 89' lang='lat' dir='ltr'>lieri</span> <span class='ocrx_word' id='word_1_409' title='bbox 717 5171 872 5236; x_wconf 83' lang='lat' dir='ltr'>cartulam</span> <span class='ocrx_word' id='word_1_410' title='bbox 894 5173 1123 5237; x_wconf 87' lang='lat' dir='ltr'>reeordationis</span> <span class='ocrx_word' id='word_1_411' title='bbox 1150 5172 1328 5259; x_wconf 68' lang='lat' dir='ltr'>inpletum,</span> <span class='ocrx_word' id='word_1_412' title='bbox 1357 5173 1442 5257; x_wconf 89' lang='lat' dir='ltr'>quod</span> <span class='ocrx_word' id='word_1_413' title='bbox 1478 5171 1641 5236; x_wconf 87' lang='lat' dir='ltr'>abbatissa</span> <span class='ocrx_word' id='word_1_414' title='bbox 1658 5175 1758 5236; x_wconf 87' lang='lat' dir='ltr'>saneti</span> <span class='ocrx_word' id='word_1_415' title='bbox 1783 5173 1854 5237; x_wconf 85' lang='lat' dir='ltr'>Pla-</span> 
     </span>
     <span class='ocr_line' id='line_1_40' title="bbox 177 5275 1854 5364; baseline 0.003 -26"><span class='ocrx_word' id='word_1_416' title='bbox 177 5277 255 5340; x_wconf 89' lang='lat' dir='ltr'>tonis</span> <span class='ocrx_word' id='word_1_417' title='bbox 279 5275 408 5352; x_wconf 76' lang='lat' dir='ltr'>Vrania,</span> <span class='ocrx_word' id='word_1_418' title='bbox 435 5288 545 5342; x_wconf 84' lang='lat' dir='ltr'>eontra</span> <span class='ocrx_word' id='word_1_419' title='bbox 569 5276 764 5360; x_wconf 86' lang='lat' dir='ltr'>Scemosam,</span> <span class='ocrx_word' id='word_1_420' title='bbox 798 5289 908 5344; x_wconf 86' lang='lat' dir='ltr'>sancte</span> <span class='ocrx_word' id='word_1_421' title='bbox 933 5279 1037 5344; x_wconf 87' lang='lat' dir='ltr'>Marie</span> <span class='ocrx_word' id='word_1_422' title='bbox 1060 5279 1268 5362; x_wconf 85' lang='lat' dir='ltr'>abbatissam,</span> <span class='ocrx_word' id='word_1_423' title='bbox 1303 5279 1342 5344; x_wconf 89' lang='lat' dir='ltr'>de</span> <span class='ocrx_word' id='word_1_424' title='bbox 1364 5282 1468 5362; x_wconf 86' lang='lat' dir='ltr'>terris,</span> <span class='ocrx_word' id='word_1_425' title='bbox 1492 5303 1554 5364; x_wconf 88' lang='lat' dir='ltr'>que</span> <span class='ocrx_word' id='word_1_426' title='bbox 1577 5279 1763 5344; x_wconf 84' lang='lat' dir='ltr'>inBrauizo</span> <span class='ocrx_word' id='word_1_427' title='bbox 1794 5281 1854 5344; x_wconf 85' lang='lat' dir='ltr'>site</span> 
     </span>
     <span class='ocr_line' id='line_1_41' title="bbox 177 5383 1853 5474; baseline 0.003 -27"><span class='ocrx_word' id='word_1_428' title='bbox 177 5393 254 5468; x_wconf 85' lang='lat' dir='ltr'>sunt,</span> <span class='ocrx_word' id='word_1_429' title='bbox 278 5383 491 5471; x_wconf 77' lang='lat' dir='ltr'>placitabant3</span> <span class='ocrx_word' id='word_1_430' title='bbox 527 5407 606 5470; x_wconf 87' lang='lat' dir='ltr'>ques</span> <span class='ocrx_word' id='word_1_431' title='bbox 631 5383 744 5449; x_wconf 89' lang='lat' dir='ltr'>Petrus</span> <span class='ocrx_word' id='word_1_432' title='bbox 779 5385 924 5450; x_wconf 75' lang='lat' dir='ltr'>Semiuiti</span> <span class='ocrx_word' id='word_1_433' title='bbox 949 5387 1043 5466; x_wconf 79' lang='lat' dir='ltr'>fitius,</span> <span class='ocrx_word' id='word_1_434' title='bbox 1076 5410 1138 5451; x_wconf 84' lang='lat' dir='ltr'>una</span> <span class='ocrx_word' id='word_1_435' title='bbox 1170 5410 1241 5451; x_wconf 88' lang='lat' dir='ltr'>cum</span> <span class='ocrx_word' id='word_1_436' title='bbox 1278 5385 1352 5450; x_wconf 89' lang='lat' dir='ltr'>liliis</span> <span class='ocrx_word' id='word_1_437' title='bbox 1377 5385 1474 5450; x_wconf 84' lang='lat' dir='ltr'>Crine</span> <span class='ocrx_word' id='word_1_438' title='bbox 1509 5397 1540 5448; x_wconf 91' lang='lat' dir='ltr'>et</span> <span class='ocrx_word' id='word_1_439' title='bbox 1569 5388 1634 5450; x_wconf 87' lang='lat' dir='ltr'>suis</span> <span class='ocrx_word' id='word_1_440' title='bbox 1666 5389 1853 5474; x_wconf 90' lang='lat' dir='ltr'>propinquis</span> 
     </span>
    </p>
   </div>
   <div class='ocr_carea' id='block_1_14' title="bbox 178 5489 1855 5630">
    <p class='ocr_par' dir='ltr' id='par_1_14' title="bbox 178 5489 1855 5630">
     <span class='ocr_line' id='line_1_42' title="bbox 178 5489 1855 5584; baseline 0.005 -33"><span class='ocrx_word' id='word_1_441' title='bbox 178 5493 392 5572; x_wconf 85' lang='lat' dir='ltr'>prenominato</span> <span class='ocrx_word' id='word_1_442' title='bbox 416 5491 550 5556; x_wconf 82' lang='lat' dir='ltr'>cenobio</span> <span class='ocrx_word' id='word_1_443' title='bbox 574 5489 738 5554; x_wconf 86' lang='lat' dir='ltr'>dederant.</span> <span class='ocrx_word' id='word_1_444' title='bbox 769 5491 838 5556; x_wconf 88' lang='lat' dir='ltr'>Hee</span> <span class='ocrx_word' id='word_1_445' title='bbox 863 5515 1001 5578; x_wconf 86' lang='lat' dir='ltr'>namque</span> <span class='ocrx_word' id='word_1_446' title='bbox 1025 5503 1111 5558; x_wconf 88' lang='lat' dir='ltr'>terra</span> <span class='ocrx_word' id='word_1_447' title='bbox 1134 5495 1248 5580; x_wconf 83' lang='lat' dir='ltr'>insipit</span> <span class='ocrx_word' id='word_1_448' title='bbox 1272 5517 1290 5556; x_wconf 87' lang='lat' dir='ltr'>a</span> <span class='ocrx_word' id='word_1_449' title='bbox 1314 5495 1473 5558; x_wconf 87' lang='lat' dir='ltr'>territorio</span> <span class='ocrx_word' id='word_1_450' title='bbox 1498 5495 1598 5557; x_wconf 84' lang='lat' dir='ltr'>saneti</span> <span class='ocrx_word' id='word_1_451' title='bbox 1650 5491 1855 5584; x_wconf 70' lang='lat' dir='ltr'>Chrisogoni,</span> 
     </span>
     <span class='ocr_line' id='line_1_43' title="bbox 1691 5599 1708 5630; baseline 0 0"><span class='ocrx_word' id='word_1_452' title='bbox 1691 5599 1708 5630; x_wconf 64' lang='grc'><strong>4</strong></span> 
     </span>
    </p>
   </div>
   <div class='ocr_carea' id='block_1_15' title="bbox 0 0 2160 5922">
    <p class='ocr_par' dir='ltr' id='par_1_15' title="bbox 0 0 2160 5922">
     <span class='ocr_line' id='line_1_44' title="bbox 0 0 2160 5922; baseline 0 0"><span class='ocrx_word' id='word_1_453' title='bbox 0 0 2160 5922; x_wconf 95' lang='lat' dir='ltr'> </span> 
     </span>
    </p>
   </div>
  </div>
 </body>
</html>
