4254 5922
1726 423 1787 494 lii

128 623 186 692 filio
203 621 356 702 Naiesda,
371 621 524 688 Dimitrio
540 619 609 688 filio
626 620 773 704 Stucolle,
791 619 952 710 quondam
968 619 1130 704 Racinieo,
1147 629 1179 688 et
1194 623 1301 690 omnia
1316 645 1378 710 que
1395 622 1457 690 illis
1474 625 1633 711 pertinent
1643 621 1790 688 dedimus

127 733 157 796 in
178 733 418 817 sempiternum.

277 835 429 922 Denique
453 836 514 900 emi
548 845 632 900 terra
663 834 704 898 de
738 833 904 921 Tominay,
936 843 967 900 et
997 833 1038 900 de
1060 834 1159 902 fratre
1182 857 1239 900 suo
1263 834 1372 919 Sbina,
1394 836 1426 900 in
1458 835 1528 901 loco
1552 836 1606 903 ubi
1630 835 1747 902 dicitur
1769 859 1790 900 a

124 926 240 1028 Belay,
257 965 300 1007 ex
323 965 386 1006 uno
412 951 552 1006 torrente
576 963 677 1028 usque
700 939 742 1006 ad
765 939 874 1022 alium,
900 962 957 1026 pro
981 952 1139 1006 trecentos
1161 941 1284 1006 vellere
1315 941 1355 1006 de
1382 939 1464 1021 lana,
1502 951 1533 1008 et
1555 944 1790 1030 quinquaginta

15 1043 18 1114 Ϊ
124 1045 193 1111 dedi
212 1047 262 1112 eis
285 1069 343 1133 pro
366 1049 437 1114 fine.
458 1031 502 1111 Et
525 1047 638 1112 eedem
662 1046 714 1112 die
738 1047 922 1132 eomparaui
954 1045 995 1112 de
1026 1045 1191 1130 Vilemiro,
1215 1055 1248 1112 et
1278 1046 1318 1112 da
1341 1045 1439 1114 fratre
1459 1070 1517 1112 suo
1540 1048 1645 1114 Preda
1668 1059 1789 1112 curtem

125 1155 155 1216 in
174 1151 377 1236 Sirnouniaa,
393 1165 426 1219 et
440 1157 537 1220 vinea
555 1155 588 1218 in
607 1152 742 1236 Peruno,
760 1176 816 1239 pro
833 1175 896 1220 unc
913 1175 1005 1240 equo.
1029 1151 1114 1217 Ante
1130 1153 1322 1240 presentiam
1338 1151 1451 1220 horum
1472 1157 1616 1220 testium:
1634 1154 1802 1240 presbiter*

127 1257 268 1342 Vilcana,
287 1259 459 1324 .Tecdorus
482 1259 639 1340 Pudisini,
656 1258 785 1341 Sauida,
809 1269 841 1323 et
863 1257 929 1324 filio
951 1257 1059 1341 Malla,
1090 1269 1122 1324 et
1145 1258 1211 1324 filio
1232 1257 1382 1343 Souinna,
1415 1271 1446 1324 et
1469 1261 1535 1326 filiu
1558 1263 1627 1326 eius
1644 1259 1786 1343 Rusello,
1836 1327 1843 1344 ,

15 1419 16 1424 ,
124 1362 308 1450 Vecemiro,
332 1377 365 1430 et
386 1368 451 1432 fiiio
487 1367 556 1430 eius
581 1365 786 1451 Oernugnuo,
827 1375 858 1430 et
891 1387 1002 1430 omnes
1036 1375 1186 1450 parentes
1221 1367 1300 1432 eius.
1331 1365 1375 1430 Et
1410 1365 1534 1432 comedi
1565 1387 1638 1432 oum
1658 1365 1789 1453 prefatis

15 1477 16 1486 ‘
124 1470 257 1536 testibus
281 1494 377 1536 unam
400 1468 542 1558 pe'rcam,
564 1481 596 1536 et
620 1495 717 1538 unum
734 1469 876 1536 modium
899 1471 939 1536 de
955 1469 1067 1551 farina,
1092 1481 1124 1536 et
1144 1471 1313 1538 duodecim
1336 1470 1459 1556 galetas
1484 1474 1560 1556 vini,
1585 1473 1617 1536 in
1638 1472 1709 1538 loco
1732 1473 1788 1538 ubi

15 1651 17 1690 k
123 1575 282 1748 diciiturpa
303 1575 489 1750 gobilacbe,
510 1579 551 1644 de
584 1577 708 1644 duobus
740 1579 935 1644 emtionibus
958 1579 1011 1642 isti
1043 1579 1255 1664 prenominati
1279 1589 1354 1644 sunt
1374 1588 1481 1662 testes,
1505 1588 1538 1644 et
1560 1579 1600 1644 de
1623 1579 1788 1666 Tominay,

15 1695 17 1744 a
122 1692 154 1748 et
195 1705 212 1748 e
266 1707 301 1750 re
326 1708 355 1750 a.

277 1833 307 1888 ln
330 1832 459 1906 regestah
482 1837 642 1888 samostana
665 1849 703 1886 sr.
727 1831 812 1888 Petra
833 1833 1026 1907 gumajskoga,
1050 1833 1164 1908 rukupis
1186 1835 1251 1892 XII.
1277 1835 1359 1892 rieka
1379 1851 1399 1890 u
1421 1833 1520 1890 arkiru
1542 1835 1658 1908 keptola
1681 1835 1783 1906 Spliet·

123 1921 217 1996 stega,
241 1927 292 1976 etr.
326 1923 363 1990 1.,
393 1928 421 1977 te
448 1923 473 1976 ia
503 1921 617 1993 neriJ'eg
646 1920 793 1992 rukopisa:
824 1921 1012 1978 Instrumenta
1042 1940 1136 1980 manse
1165 1925 1421 1997 archiepiscopatus
1452 1924 1625 1996 Spalatensis
1650 1943 1666 1980 u
1690 1925 1779 1996 birioj

15 2013 17 2044 2
123 2011 202 2082 mojoj
227 2010 316 2066 sbirci
338 2009 398 2082 broj
425 2009 497 2065 287.
525 2017 574 2064 str.
598 2009 649 2064 43.

822 2261 964 2372 ccxl,
991 2261 1106 2346 rosa.

15 2447 16 2510 3
122 2421 268 2486 Sseaimir
290 2425 370 2498 ba&
403 2423 537 2484 tractati
569 2423 674 2520 donee
706 2421 868 2486 fflstttertu
902 2431 994 2500 opatu
1027 2427 1184 2502 sptjetstoq
1217 2431 1388 2488 samostonu
1420 2445 1463 2488 su.
1495 2427 1648 2502 Stjauaac,
1684 2427 1791 2500 semtju

890 2533 1032 2593 Ruduua.

279 2695 317 2761 [n
339 2696 467 2761 nomine
484 2703 593 2760 sancte
610 2705 641 2761 et
657 2695 823 2763 indiuidua
837 2699 993 2763 trinitatis.
1011 2695 1105 2762 Anno
1122 2697 1356 2762 incarnacionis
1377 2697 1537 2763 dominice
1560 2694 1786 2765 MLXXXIII.

123 2801 295 2868 indictione
327 2811 431 2866 sexta.
462 2799 534 2886 Ego
566 2801 767 2885 Suinimirus,
799 2801 849 2868 dei
879 2805 982 2889 gratia
1013 2825 1072 2868 rex
1095 2801 1306 2868 Obroatorum
1327 2813 1423 2892 atque
1447 2803 1680 2870 Dalmatarum.
1707 2803 1790 2869 Cum

20 2918 23 2927 '
125 2909 278 2995 singulari
299 2907 351 2974 dei
376 2907 531 2974 beneficio
564 2911 664 2994 quies,
703 2917 734 2974 et
756 2908 970 2996 tranquillitas
992 2909 1110 2996 ubique
1133 2911 1243 2995 vigeat
1263 2912 1295 2974 in
1318 2931 1418 2996 regno
1443 2933 1523 2994 mec,
1558 2909 1693 2976 ecclesie
1720 2933 1791 2998 pre·

16 4427 21 4466 l

16 4473 20 4493 r

15 4534 24 4618 ,r

128 3015 249 3081 sidente
274 3013 432 3101 Gregorio
457 3037 549 3102 papa,
575 3013 653 3078 nibil
677 3018 839 3101 antiquius
872 3016 980 3098 habui,
1003 3039 1099 3104 quam
1125 3025 1159 3082 ut
1192 3040 1270 3103 erga
1301 3041 1393 3084 meos
1414 3016 1527 3084 fideles
1551 3017 1706 3101 subditos,
1731 3039 1788 3083 seu

125 3124 226 3209 potius
247 3145 324 3214 erga
347 3121 399 3187 dei
422 3121 570 3204 cultores,
596 3121 786 3188 benefacere
810 3124 1002 3212 inciperem;
1027 3125 1181 3211 optimum
1206 3123 1293 3190 factu
1314 3147 1385 3192 esse
1405 3126 1607 3208 existimans,
1631 3126 1790 3192 neminem

125 3240 274 3294 anostra
297 3229 508 3294 beneficentia
532 3227 670 3292 excludi.
700 3225 903 3316 Quapropter
933 3251 975 3294 ex
999 3229 1147 3294 omnibus
1179 3229 1239 3296 deo
1274 3229 1398 3297 deuotis
1420 3253 1464 3296 ac
1496 3229 1645 3297 fidelibus
1677 3233 1789 3316 seruis,

125 3356 220 3401 unum
244 3337 396 3424 precipue
419 3335 586 3422 seligimus
607 3333 827 3418 Gisilbertum,
861 3334 1011 3404 abbatem
1044 3335 1259 3424 spalatensem
1294 3339 1396 3403 sancti
1432 3336 1596 3425 Stephani,
1629 3339 1661 3404 in
1696 3361 1790 3425 quem

125 3453 230 3508 nostra
256 3442 411 3508 beneficia
427 3443 661 3526 conferremus3
684 3445 735 3508 cui
749 3445 840 3530 proin
863 3445 946 3529 grati
961 3444 1058 3508 animi
1077 3465 1174 3510 causa
1189 3442 1378 3510 donauimus
1395 3446 1589 3510 territorium
1605 3447 1637 3509 in
1654 3467 1691 3510 eo
1708 3445 1787 3528 loco,

125 3569 217 3635 quem
237 3547 335 3634 vulgo
359 3559 476 3614 vocant
498 3549 676 3630 Radunam,
712 3552 802 3614 cuius
827 3551 1060 3636 possessionem
1087 3573 1184 3636 penes
1208 3551 1314 3637 ipsum
1335 3560 1522 3638 perpetuam
1540 3551 1790 3635 essevolumus,

125 3677 193 3719 eum
218 3657 287 3720 iure
311 3655 454 3722 eiusdem
479 3656 648 3740 retinendi,
672 3655 873 3742 fruendique,
911 3665 943 3722 et
975 3658 1155 3744 cuicunque
1190 3656 1321 3723 libuerit
1353 3656 1504 3724 donandi.
1539 3657 1575 3724 Si
1610 3660 1681 3745 quis
1713 3680 1790 3723 vero

126 3781 241 3840 eorum,
265 3763 319 3848 qui
343 3771 415 3849 post
438 3784 496 3827 nos
520 3763 672 3850 deinceps
695 3765 890 3847 regnauerit,
920 3762 1001 3828 hano
1033 3773 1174 3830 nostram
1209 3763 1414 3828 donationem
1449 3764 1632 3830 rescindere
1663 3762 1789 3846 audeat,

125 3867 243 3932 insidat
257 3870 291 3933 in
310 3867 561 3954 indignationem
578 3871 716 3956 potentis
733 3869 794 3950 dei,
812 3871 1114 3956 execrationemque
1131 3879 1312 3935 sanctorum
1326 3881 1461 3958 patrum,
1479 3882 1510 3936 et
1527 3893 1597 3935 cum
1615 3869 1637 3936 J
1640 3870 1702 3934 uda
1719 3893 1790 3957 pro·

127 3972 225 4040 ditore
241 3985 382 4040 eternam
400 3975 484 4061 apud
501 3973 620 4039 inferos
637 3975 872 4040 damnationem
890 3975 1013 4041 subeat.
1030 3975 1092 4040 His
1108 3977 1187 4041 actis
1205 3985 1236 4041 et
1252 3977 1441 4058 constitutis,
1465 3985 1563 4042 testes
1579 3965 1791 4042 interfuerunt

126 4083 277 4166 primum:
300 4083 413 4167 regina
428 4081 525 4167 Lapa,
544 4089 577 4146 et
593 4080 787 4175 Redcuanps
804 4080 890 4146 filius
906 4083 1009 4166 regis,
1033 4079 1181 4148 Andreas
1199 4081 1358 4168 presbiter
1380 4091 1412 4147 et
1437 4083 1526 4168 regio
1563 4080 1680 4146 sacello
1719 4104 1788 4168 pre·

127 4189 254 4271 positus,
284 4185 395 4254 Dabro
417 4186 529 4270 abbas,
565 4186 712 4252 dominus
744 4185 817 4273 Ugo
849 4197 975 4252 curatur
1007 4187 1115 4253 sacelli
1139 4185 1409 4274 archiepiscpalis‚
1426 4187 1548 4253 Musica
1583 4185 1788 4274 posteluious,

127 4291 232 4358 Simon
266 4294 432 4380 presbiter,
456 4292 665 4380 Dragolubus
682 4291 877 4370 sacellarius,
905 4293 983 4359 Visa
1007 4294 1209 4360 ubrussarus.
1238 4294 1309 4379 Ego
1326 4317 1402 4359 vero
1420 4294 1607 4360 Theodorus
1627 4293 1786 4376 sacerdos,

127 4397 271 4487 idemque
293 4401 402 4486 regius
425 4401 542 4482 scriba,
566 4400 625 4465 heo
648 4399 791 4464 eiusdem
815 4401 902 4486 regis
925 4401 1014 4465 iussu
1038 4401 1164 4488 scripsi.

278 4550 308 4605 la
330 4549 426 4608 zbirlre
448 4549 564 4606 lietiualn
588 4555 748 4608 sumostena
771 4567 811 4608 sr.
834 4549 979 4622 Stjepana.
1002 4549 1109 4607 Farlati
1133 4549 1213 4623 Illyr.
1233 4567 1303 4608 sacr.
1320 4551 1354 4608 T.
1377 4549 1428 4607 111.
1452 4567 1479 4624 p.
1507 4549 1578 4609 154.

805 4841 970 4932 cuxll.
996 4843 1110 4932 1083.

177 5013 320 5086 teman
341 5021 422 5100 isra&
444 5020 579 5084 terruisti
600 5019 711 5095 durate
734 5021 827 5082 Locri
845 5021 1035 5094 uudbietupu
1058 5019 1248 5094 sptietrleomu
1270 5017 1377 5093 remlju
1399 5017 1573 5081 Kanastina
1598 5035 1619 5080 a
1641 5017 1745 5091 Sintai,

276 5197 314 5264 Iu
335 5198 465 5266 nomine
497 5207 606 5263 sancte
638 5205 671 5264 et
705 5193 870 5262 indiuiduo
900 5196 1060 5262 trinitatis.
1081 5192 1178 5260 Anno
1213 5191 1343 5280 quidem
1369 5191 1529 5260 dominice
1552 5193 1786 5258 incarnacionis

106 5301 290 5392 ‚millesimo
313 5305 509 5391 octogesimo
534 5305 643 5388 tercio,
668 5302 842 5370 indictione
873 5299 930 5366 VI.
963 5299 1035 5386 Ego
1065 5299 1229 5383 Suinimir,
1253 5299 1358 5386 gratia
1380 5298 1432 5364 dei
1456 5296 1669 5366 Chroatorum
1692 5309 1787 5385 atque

132 5405 376 5480 Delmatinorum
400 5433 471 5478 rex.
506 5407 589 5478 Cum
619 5433 670 5476 me
702 5407 754 5476 dei
785 5409 1011 5494 omnipotentis
1034 5408 1137 5494 pietas
1161 5427 1219 5472 sua
1252 5407 1456 5472 miseratione
1479 5407 1512 5472 in
1542 5404 1645 5490 regali
1667 5404 1788 5472 locaret

1646 5513 1688 5583 12
