4300 5930
1770 421 1812 490 91

140 613 268 690 Petrus,
291 637 363 678 cum
388 637 491 680 essem
516 637 684 702 possessor
706 615 843 681 ecclesie
867 619 969 682 sancti
995 617 1163 682 Michaelis
1186 618 1217 681 in
1242 613 1372 699 Sabulo,
1397 619 1488 702 quia'
1497 614 1679 702 pertinebat
1703 615 1814 680 adme

138 723 208 784 iure
233 721 499 807 predecessorum
524 745 679 803 meorum,
703 733 735 788 et
764 747 806 787 ex
838 721 1039 788 ordinatione
1074 725 1231 814 maiorum
1267 731 1460 804 nostrornm,
1496 731 1528 788 et
1563 743 1621 808 pro
1658 723 1816 786 memoria

14 835 15 842 ’
134 829 341 912 posterorum
360 836 551 906 nostrorum,
577 835 608 891 et
632 851 671 892 ne
696 841 792 894 exeat
815 853 835 892 a
859 831 996 914 posteris
1023 831 1139 894 nostris
1164 827 1301 892 ecclesia
1326 828 1394 908 hec,
1426 830 1488 894 emi
1518 835 1623 893 unum*
1649 838 1814 892 terrenum

133 953 231 1016 supra
255 931 427 998 ecclesiam
451 934 553 998 saneti
578 931 756 1014 Michaelis,
781 937 813 998 in
837 933 973 1000 collibus
998 934 1139 1000 denariis
1164 933 1253 998 VIII.
1277 957 1298 998 a
1320 931 1457 1017 Palline,
1481 933 1535 1020 qui
1560 933 1619 998 fuit
1642 932 1682 998 de
1708 933 1814 1019 Regu-

134 1037 229 1118 stina,
254 1045 287 1100 et
310 1036 399 1102 dedit
421 1037 500 1102 illud
520 1037 596 1104 huic
615 1038 761 1130 ecclesie.
954 1043 959 1053 '

286 1239 315 1292 Iz
338 1237 517 1310 pismohrane
541 1237 649 1332 obitelji
669 1240 865 1298 Cindrianshe.
891 1242 997 1300 Earlati
1022 1242 1098 1315 lllyr.
1124 1241 1201 1298 Sacr.
1224 1243 1258 1298 Τ.
1282 1241 1333 1296 111.
1357 1260 1384 1314 p.
1411 1239 1481 1297 196.

725 1535 926 1626 CXXIII.
953 1536 1223 1619 lita-lile.

347 1716 451 1788 Stanjc
482 1715 622 1790 Uporslce,
645 1717 796 1775 Hrnotslce
819 1717 830 1773 t
854 1715 1031 1788 Dalmacije,
1055 1733 1075 1773 a
1098 1717 1205 1775 errieme
1225 1717 1415 1790 trnljeuanjo
1438 1715 1510 1775 Bele
1534 1711 1602 1776 III.

274 1895 388 1988 ,Regni
414 1904 557 1988 Ungarie
579 1905 659 1968 fines
684 1913 715 1970 ot
739 1904 922 1970 dominatus
945 1903 1133 1990 amplitudo.
1157 1904 1192 1968 In
1218 1925 1318 1988 regno
1343 1903 1419 1968 Belo
1443 1907 1530 1989 regis
1562 1904 1708 1990 Ungarie
1741 1911 1816 1968 sunt

137 2005 175 2072 he
200 2017 301 2091 terre:
327 2009 471 2094 Ungaria
494 2021 590 2095 caput
614 2013 714 2096 regni,
740 2010 886 2093 Groneia,
916 2010 1082 2074 Dalmacia
1102 2019 1133 2074 et
1159 2011 1270 2074 Rama.
1297 2010 1335 2074 In
1360 2009 1505 2093 Unguria
1529 2021 1604 2073 sunt
1632 2009 1694 2073 dne
1722 2009 1816 2072 sedes

136 2112 437 2200 archiepiscopales,
463 2119 686 2200 strigoniensis
711 2127 743 2180 ct
766 2116 955 2207 colocensis.
982 2117 1179 2201 strigonium
1204 2117 1301 2180 habet
1325 2115 1364 2180 de
1389 2118 1486 2180 curia
1506 2118 1592 2200 regis
1620 2117 1660 2179 de
1690 2127 1818 2178 moneta

13 2271 18 2286 .
137 2217 192 2284 VI.
220 2219 307 2284 mille
331 2245 455 2285 marcas
480 2233 512 2285 et
534 2222 692 2285 decimam
718 2233 927 2302 monetarum,
954 2233 985 2285 et
1010 2235 1057 2284 est
1082 2220 1268 2306 metropolis
1293 2221 1447 2305 Ungarie.
1479 2221 1669 2286 Coloceusis
1703 2221 1817 2284 sedem

137 2324 233 2389 habet
266 2326 470 2390 bachiensem
502 2337 534 2391 ct
558 2327 655 2390 habet
679 2327 741 2391 duo
767 2327 868 2391 millia
893 2338 924 2390 et
947 2329 1141 2413 quingentas
1168 2350 1301 2391 marcas.
1327 2327 1529 2410 suffraganci
1555 2326 1674 2391 domini
1701 2328 1817 2409 strigo·

137 2433 258 2495 niensis
282 2442 373 2496 sunt:
399 2433 580 2518 Episcopus
613 2435 772 2517 agriensis
808 2432 930 2495 habens
966 2433 1025 2496 III.
1059 2432 1157 2496 inillia
1194 2455 1383 2496 marcarum.
1422 2431 1603 2518 Episcopus
1638 2433 1816 2496 woacsnsis

138 2537 262 2601 hahens
285 2541 505 2623 septingentas
530 2561 665 2603 marcas.
691 2539 873 2624 Episcopus
895 2538 1253 2624 quinqucecclosiensis,
1285 2538 1407 2602 habens
1438 2537 1524 2600 mille
1556 2547 1587 2602 et
1619 2538 1816 2623 quingentas

138 2666 273 2707 marcas.
299 2641 482 2731 Episcopus
506 2646 697 2730 geuriensis,
714 2643 837 2708 habens
857 2645 943 2710 mille
960 2668 1096 2710 marcas.
1114 2645 1295 2730 Episcopus
1312 2645 1571 2728 wesprimiensis,
1590 2643 1713 2706 habens
1731 2641 1817 2705 mille

136 2751 359 2834 septingentas
385 2773 517 2814 marcas.
542 2751 724 2836 Episcopus
749 2752 920 2832 nitriensis,
946 2749 1068 2814 habens
1093 2750 1180 2816 inille
1204 2759 1331 2812 centum
1350 2771 1484 2812 marcas.
1503 2737 1705 2831 Suffraganei
1727 2746 1813 2812 colo·
1908 2783 1910 2790 ·

139 2859 244 2920 censis
268 2867 359 2920 sunt:
383 2857 565 2944 Episcopus
589 2858 780 2922 sunadcnsis
805 2855 1074 2942 (chanadcnsisll
1099 2855 1150 2918 vel
1174 2879 1192 2918 a
1216 2855 1315 2920 fluuio
1351 2854 1588 2940 preterlabente
1618 2855 1816 2934 morisensis,

136 2959 258 3025 habens
280 2961 344 3027 duo
368 2962 468 3027 millia
493 2986 683 3028 marcarum.
707 2963 889 3049 Episcopus
915 2961 1037 3028 biarch.
1064 2963 1156 3026 cuius
1173 2961 1268 3026 sedes
1286 2960 1404 3026 dicitur
1420 2961 1592 3024 orosiensis
1610 2957 1813 3046 (blesiensis)

138 3065 262 3132 habens
287 3066 373 3132 mille
398 3091 534 3132 marcas.
558 3069 739 3154 Episcopus
762 3067 1022 3154 Vltrasyluanus,
1049 3065 1173 3132 habens
1198 3066 1385 3132 duo-millia
1410 3089 1599 3168 marcarum.
1631 3065 1813 3152 Episcopus
1855 3103 1859 3114 ι

140 3172 362 3256 zagrabiensis
393 3195 490 3260 super
512 3174 631 3238 flumen
657 3174 730 3256 Soa,
755 3173 878 3238 habens
905 3172 990 3238 mille
1015 3175 1209 3259 quingentas
1234 3195 1368 3237 marcas.
1400 3172 1435 3236 In
1461 3171 1632 3237 Dalmacia
1655 3183 1730 3236 sunt
1749 3171 1813 3236 duo

139 3277 452 3364 archiepiscopatus:
484 3279 643 3343 iadrensis
676 3281 882 3366 (iaceacnsis)
915 3279 1038 3344 habens
1063 3281 1256 3366 quingentas
1282 3301 1416 3360 marcas,
1444 3265 1666 3364 espalelensis,
1692 3277 1816 3341 habens

143 3381 395 3468 quadringentas
420 3407 553 3450 marcas.
580 3385 673 3450 Unde
703 3385 913 3471 espaletensis
945 3399 976 3448 et
1009 3385 1192 3448 insimiliter
1224 3385 1411 3470 (iadrensis)
1442 3384 1562 3450 habent
1594 3381 1819 3468 suffraganeos

139 3489 261 3554 decem.
284 3527 328 3538 —
348 3490 421 3554 'Rex
445 3491 590 3575 UngarIe
613 3491 652 3556 de
677 3491 782 3556 reditu
804 3503 931 3556 moneta
955 3515 1012 3555 sue
1037 3491 1134 3554 habet
1166 3493 1337 3574 sexaginta
1372 3488 1472 3554 millia
1509 3511 1634 3554 marcas
1671 3511 1729 3575 per
1763 3512 1817 3554 an·

136 3615 222 3658 num.
246 3595 336 3660 Idem
361 3595 521 3671 habetde
545 3597 612 3661 sale
637 3621 695 3662 suo
719 3595 811 3662 XVI.
837 3597 938 3661 millia
964 3621 1098 3662 marcas.
1124 3597 1213 3662 Idem
1238 3595 1336 3662 habet
1358 3595 1397 3660 de
1423 3595 1569 3682 pedagiis
1593 3605 1625 3660 et
1657 3595 1816 3680 passagiis

138 3713 170 3764 ct
191 3703 344 3766 mereatis
369 3725 425 3766 seu
448 3702 537 3784 soris,
562 3725 625 3788 qus
650 3706 757 3768 omnia
781 3713 864 3782 sunt,
890 3703 1001 3768 XXX.
1027 3702 1128 3766 millia
1153 3725 1346 3766 marcarum.
1370 3701 1460 3766 Idem
1496 3700 1593 3766 habet
1628 3699 1668 3764 de
1697 3700 1814 3770 ¹alienis

136 3805 319 3893 hospitibus
342 3810 428 3891 regis
453 3809 493 3872 de
513 3801 724 3895 ¹Ultrasyluus
748 3807 822 3874 XV.
849 3807 936 3872 milia
961 3831 1151 3873 marcarum.
1179 3807 1269 3872 Idem
1302 3805 1399 3872 habet
1434 3807 1474 3871 de
1509 3830 1567 3870 sua
1600 3807 1695 3870 tertia
1728 3817 1819 3892 parte

138 3911 178 3976 de
202 3916 407 3998 septuaginta
430 3913 556 3979 duobus
580 3913 752 3978 comitibus
776 3916 843 3978 suis
867 3913 906 3976 de
931 3913 1059 3977 redditu
1085 3937 1191 3978 annuo
1215 3911 1324 3979 XXV.
1362 3911 1462 3976 millia
1498 3935 1687 3976 marcarum.
1724 3911 1815 3976 Idem

138 4016 236 4082 habet
254 4017 293 4082 de
316 4019 397 4084 duce
421 4019 601 4102 Sclauonie,
624 4041 810 4105 perannum
824 4017 867 4084 X.
882 4018 969 4082 millo
995 4041 1128 4084 inarcas.
1144 4018 1374 4105 Unusquisque
1388 4019 1539 4082 comitum
1557 4017 1697 4083 LXXII.
1715 4017 1816 4082 semel

143 4125 175 4187 in
199 4147 284 4188 anno
308 4147 416 4207 regern
442 4124 585 4209 Ungarie
610 4135 767 4211 procurat,
793 4136 824 4188 et
847 4135 920 4188 ante
944 4147 1040 4210 qnam
1057 4125 1097 4189 de
1117 4149 1227 4189 mense
1245 4136 1365 4210 surgat,
1382 4124 1467 4188 dona
1483 4123 1538 4188 dat
1556 4127 1670 4187 munus
1688 4135 1817 4190 centum

140 4252 331 4310 marcarum,
357 4241 394 4294 et
411 4231 528 4316 aliquis
553 4253 662 4295 eorum
688 4231 729 4296 Il.
756 4228 792 4296 O.
817 4253 951 4294 marcas.
975 4229 1011 4294 In
1036 4232 1154 4316 quibus
1177 4231 1327 4294 adminus
1352 4229 1548 4316 presumitur
1572 4251 1699 4296 sumnia
1716 4228 1817 4293 solius

139 4338 227 4419 regis
252 4335 342 4419 larga
358 4325 602 4421 'computatione
626 4336 668 4404 X.
692 4336 779 4402 mille
804 4359 993 4401 marcarum.
1018 4337 1060 4400 Et
1085 4347 1191 4422 preter
1215 4335 1274 4400 heo
1300 4335 1510 4420 donarcgine
1527 4347 1559 4401 et
1574 4335 1712 4402 liliorum
1731 4336 1819 4418 regis

124 4443 309 4524 magneio
334 4453 479 4526 argento,
504 4465 560 4507 scu
585 4445 708 4528 pannis,
735 4445 847 4508 sericis
871 4451 902 4506 et
923 4445 1026 4528 equis.
1051 4442 1094 4507 Et
1115 4451 1220 4528 preter
1245 4441 1306 4508 hec
1341 4442 1514 4506 tricesima.
1551 4441 1694 4528 Populus
1732 4451 1817 4506 torre

138 4548 209 4631 regi
233 4546 311 4612 lacit
330 4549 450 4612 victum
476 4548 667 4634 plenarium.

290 4747 383 4818 Fejsr.
408 4748 504 4803 Codex
529 4749 737 4820 Diplomaticus
760 4751 850 4825 Regni
874 4749 1030 4822 Hungarie.
1054 4749 1088 4807 Τ.
1114 4749 1151 4808 ΙΙ.
1176 4767 1204 4820 p.
1238 4749 1310 4806 217.
1348 4749 1382 4805 E.
1418 4747 1516 4804 codice
1543 4750 1632 4822 Regio
1665 4745 1820 4806 Parisiensi

138 4852 202 4891 nro.
227 4837 320 4891 6238.
339 4836 390 4892 fol.
417 4839 468 4896 20.
