4350 5932
305 419 347 484 58

197 668 201 682 .
296 615 492 700 ignoramus.
518 617 688 706 Tantoque
712 642 768 705 pro
791 629 917 685 vestrae
943 619 1055 702 salutis
1079 622 1225 688 custodia
1243 623 1413 687 instantius
1435 619 1570 705 vigilare
1596 617 1771 700 valcamus,
1796 625 1929 705 quanto,
1952 623 1989 681 nt

298 721 468 787 confirmet
491 722 552 788 hoo
577 724 666 804 deus,
692 725 776 811 quod
807 735 965 812 operatus⁴
982 727 1078 791 estin
1096 727 1198 808 nohis,
1217 730 1343 793 enixius
1360 728 1454 793 nohis
1478 726 1655 814 optandum
1680 735 1737 808 est,
1755 737 1787 789 et
1803 723 1986 788 districtius

296 849 315 890 a
341 827 433 892 nobis
457 827 611 894 diuinitus
639 830 852 914 exigendum3
870 830 988 896 clarius
1007 835 1135 914 scimus,
1154 837 1180 898 si
1194 835 1280 898 circa
1296 834 1538 898 instructionem
1555 843 1587 897 et
1604 831 1814 896 munitionem
1838 839 1986 894 vestram

297 930 435 1014 desides,
461 933 546 1020 quod
571 934 666 1015 absit,
691 935 846 1000 fuerimus
879 938 1010 1002 inuenti.
1033 938 1244 1002 Reuertimini
1270 960 1348 1022 ergo
1372 939 1412 1002 ad
1439 939 1565 1002 beatum
1599 938 1729 1001 Petrum
1762 933 1987 1022 apostolorum

194 1058 197 1062 ·
299 1039 446 1122 primum,
471 1061 566 1124 quem
591 1043 732 1122 amastis,
757 1064 852 1127 quem
874 1039 1026 1126 elegistis,
1045 1065 1139 1129 quem
1161 1044 1343 1130 quaesistis,
1369 1045 1524 1129 cuiusque
1547 1045 1580 1106 in
1603 1040 1850 1106 necessitatibus
1877 1043 1996 1126 patro·'

296 1144 413 1206 oinium
440 1145 637 1230 percepistis,
662 1155 694 1210 et
724 1145 845 1211 fluenta
868 1147 1033 1212 doctrinae
1057 1147 1229 1214 salubriter
1253 1159 1284 1212 et
1308 1151 1537 1212 conuenienter
1560 1147 1721 1228 hausistis,
1742 1147 1900 1232 cuiusque
1924 1165 1985 1207 vos

296 1250 484 1334 protectioni
510 1271 583 1314 cum
607 1251 761 1316 subiectis
785 1252 936 1318 omnibus
968 1253 1216 1318 commendastis
1240 1262 1273 1318 et
1296 1253 1483 1318 tradidistis.
1522 1252 1609 1316 Bene
1634 1251 1764 1338 qnidam
1789 1250 1985 1350 currebatis,
2093 1313 2097 1318 .

297 1375 369 1418 cum
394 1353 538 1440 apostolo
563 1353 746 1421 clamamus.
773 1355 854 1436 Quis
890 1381 947 1422 vos
972 1358 1143 1424 fascinauit
1165 1359 1292 1424 veritati
1317 1381 1380 1422 non
1412 1357 1571 1422 obedire?
1606 1356 1670 1422 Sed
1702 1367 1735 1422 et
1762 1359 1832 1442 ipse
1866 1377 1986 1442 perse

298 1457 446 1524 dominus
470 1459 566 1526 dicit:
603 1460 706 1526 Nemo
742 1465 870 1527 mittens
907 1487 1035 1528 manum
1060 1487 1150 1528 suam
1175 1466 1207 1527 in
1232 1473 1374 1528 aratrum
1398 1473 1430 1528 et
1460 1485 1639 1528 conuersus
1673 1472 1860 1542 retrorsum,
1886 1469 1983 1547 aptus

296 1573 345 1627 est
368 1567 400 1626 in
423 1585 523 1648 regno
545 1563 717 1631 coelorum.
753 1567 826 1631 Non
861 1580 966 1634 autem
1001 1569 1146 1650 dicimus,
1171 1570 1257 1656 quod
1290 1592 1352 1634 non
1385 1591 1448 1634 una
1483 1571 1524 1634 sit
1555 1571 1643 1648 fides,
1678 1591 1777 1634 unum
1806 1567 1983 1652 baptisma,

182 1730 185 1736 ,
296 1691 380 1734 unus
403 1667 483 1734 deus
507 1681 625 1753 noster,
651 1673 770 1758 pariter
794 1683 826 1738 et
849 1673 985 1740 illorum.
1017 1673 1081 1740 Sed
1105 1677 1181 1762 quia
1203 1677 1235 1738 in
1260 1677 1306 1738 eis
1331 1697 1427 1760 saepe
1459 1673 1607 1770 praesule
1631 1671 1980 1759 constantinopolitano

293 1773 345 1837 vel
382 1775 574 1859 imperatore
609 1787 664 1840 suut
698 1776 887 1864 plerumque
923 1790 1057 1868 utroque
1098 1779 1181 1844 facto
1216 1781 1405 1861 haereseos,
1442 1779 1549 1866 plures
1584 1782 1640 1868 qui
1668 1779 1728 1845 sub
1779 1779 1858 1866 ipsis
1895 1793 1982 1859 sunt,

298 1877 493 1962 adulatione,
510 1889 566 1945 aut
585 1891 670 1946 certe
687 1883 812 1964 timore,
829 1882 892 1946 illis
909 1883 1093 1948 efficiuntur
1113 1883 1306 1964 consimiles,
1332 1893 1364 1948 et
1386 1907 1447 1949 vae
1470 1895 1547 1949 tunc
1570 1885 1616 1948 eis
1631 1893 1688 1964 est,
1712 1886 1766 1971 qui
1792 1883 1993 1948 societatem.

292 1999 473 2071 sequuntur
496 2009 616 2053 eorum.
641 1987 704 2052 Dic
726 1990 833 2074 itaque
859 2011 937 2074 rogo
961 1988 1132 2054 karissime
1157 1988 1210 2064 lili,
1245 1989 1321 2075 quid
1353 1988 1475 2054 faceres
1507 1998 1559 2070 tu,
1593 1989 1645 2054 vel
1677 1987 1815 2075 populus
1846 1997 1931 2068 tuus,
1956 1989 1984 2052 si

297 2097 441 2176 tempore
466 2092 744 2185 pneumatomachi
769 2091 952 2159 Macedonii
985 2096 1323 2182 constantinopolitani
1355 2097 1516 2178 antistitis,
1550 2093 1679 2181 quando
1709 2102 1741 2159 et
1764 2095 1884 2179 impius
1916 2091 1983 2156 illic

297 2193 478 2279 imperabat
502 2194 719 2279 Constantius,
737 2200 850 2263 essetis
867 2221 976 2264 eorum
994 2201 1145 2264 societate
1163 2200 1314 2265 fruentes
1334 2200 1460 2284 Nonne,
1478 2199 1596 2286 dogma
1613 2200 1681 2264 eius
1699 2207 1811 2264 contra
1834 2199 1983 2284 spiritum

297 2308 441 2364 sanetum
468 2299 693 2388 blasphemans
717 2325 790 2367 cum
815 2301 878 2368 illis
902 2305 1128 2390 sequeremini.
1166 2303 1260 2384 Quod
1286 2315 1462 2392 peccatum,
1487 2314 1658 2370 attestante
1682 2303 1812 2370 domino
1845 2323 1909 2367 non
1935 2323 1983 2366 re-

296 2405 431 2469 mittitur
455 2405 643 2492 nequeyhic,
667 2430 771 2494 neque
793 2409 825 2471 in
850 2407 966 2473 futuro.
996 2408 1119 2492 Nonne,
1151 2411 1177 2474 si
1211 2410 1322 2474 horum
1347 2409 1499 2496 pollutum
1533 2411 1718 2474 societatem
1752 2407 1926 2488 haberetis,
1951 2416 1984 2472 et
2039 2437 2045 2448 ·

296 2531 428 2595 prauam
461 2511 639 2590 doctrinam
672 2512 877 2578 nihilominus
909 2513 1093 2594 haberetis,
1127 2538 1165 2579 ac
1194 2537 1251 2600 per
1286 2516 1346 2579 hoc
1377 2524 1409 2579 et
1442 2537 1500 2578 vos
1533 2513 1692 2584 cumillis
1718 2515 1810 2600 quasi
1834 2511 1984 2576 fasciculi

297 2613 438 2699 colligati
463 2615 502 2680 ad
532 2615 801 2682 comburrendum
819 2630 949 2684 aeterno
974 2621 1039 2704 igni
1064 2621 1311 2685 reseruaremini
1335 2623 1368 2684 in
1392 2621 1444 2685 die
1469 2619 1581 2685 iudicii
1605 2619 1782 2684 cruciandi.
1807 2615 1983 2682 Credimus

296 2732 403 2785 autem
428 2721 515 2806 quod
540 2723 603 2786 iam
628 2745 685 2787 vos
707 2745 770 2786 non
787 2722 893 2804 lateat,
913 2745 1076 2811 nunquam
1097 2725 1305 2810 apostolicam
1331 2725 1416 2790 beati
1441 2725 1660 2790 Petri·sedem
1686 2725 1727 2788 ab
1752 2721 1824 2788 aliis
1849 2721 1983 2788 sedibus

296 2825 535 2912 reprehensam,
561 2851 632 2892 oum
659 2829 729 2914 ipsa
750 2828 830 2893 alias
856 2852 976 2910 omnes,
1002 2839 1033 2894 et
1058 2833 1230 2918 praecipue
1258 2830 1635 2918 constantinopolitanam
1659 2833 1848 2917 saepissime
1872 2851 1982 2917 repre·

296 2930 451 3007 hendens,
476 2944 531 2996 aut
555 2933 595 2997 ab
620 2956 728 2998 errore
752 2933 947 3008 liberauerit,
971 2945 1025 2998 aut
1054 2938 1193 3000 certain
1219 2937 1280 3018 his,
1305 2941 1356 3022 qui
1383 2940 1573 3023 resipiscere
1596 2935 1775 3010 noluerunt,
1800 2935 1983 3012 sententiae

295 3058 372 3100 suae
393 3037 511 3102 iudicio
528 3037 800 3103 condemnauerit.
818 3039 893 3105 Noli
908 3063 985 3124 ergo
1003 3043 1093 3128 sequi
1111 3040 1264 3124 Graecos,
1282 3042 1328 3106 lili
1344 3041 1526 3124 karissime,
1544 3043 1620 3128 quia
1638 3042 1837 3126 argumentis
1854 3061 1985 3125 semper

295 3139 465 3208 fallacibus
495 3143 639 3226 student,
680 3167 806 3231 semper
845 3145 965 3210 dolosis
1001 3145 1207 3212 intenduntur
1246 3148 1404 3229 versutiis,
1435 3170 1474 3210 ne
1505 3146 1585 3211 forte
1621 3145 1731 3229 vobis,
1764 3145 1850 3233 quod
1893 3145 1982 3230 genti

296 3235 433 3332 contigit
452 3246 642 3331 Gothorum,
667 3253 827 3335 contigat,
852 3275 1029 3338 quaecum
1061 3275 1081 3316 a
1105 3275 1301 3340 paganorum
1326 3275 1433 3318 errore
1458 3263 1590 3338 cuperet
1614 3250 1757 3334 liberari,
1790 3249 1983 3336 Christique
2074 3293 2076 3296 -

294 3352 370 3416 fidei
395 3355 521 3436 sociari,
546 3357 604 3434 (in)
621 3357 805 3442 episcopum
830 3346 943 3421 incidit
965 3357 1100 3422 formam
1124 3360 1252 3444 pietatis
1276 3355 1634 3438 habent0m‚'virtutem
1659 3367 1765 3421 autem
1790 3359 1861 3421 eius
1882 3354 1982 3420 abne-

293 3466 441 3542 gantem;
464 3461 518 3545 qui
543 3481 607 3540 eos,
630 3459 706 3525 dum
731 3483 750 3525 a
772 3463 959 3548 paganismo
999 3461 1122 3542 liberat,
1152 3463 1223 3528 Arii
1254 3461 1462 3546 blasphemiis
1496 3462 1657 3549 implicat,
1689 3463 1800 3549 sicque
1827 3461 1874 3526 illi
1904 3461 1981 3524 dum

295 3563 422 3628 incaute
446 3575 605 3650 quaerunt
629 3588 769 3630 errorem
794 3565 915 3651 fugere,
939 3568 971 3630 in
993 3589 1135 3632 errorem
1161 3569 1322 3648 incidunt3
1348 3577 1380 3638 et
1403 3590 1533 3638 coecum
1558 3567 1672 3633 ducem
1693 3577 1876 3654 sequentes,
1901 3589 1976 3631 cum

295 3665 350 3732 illo
373 3673 461 3733 coeci
496 3669 581 3752 facti,
605 3673 638 3736 in
663 3670 805 3736 Arianae
821 3674 988 3758 prauitatis
1012 3675 1201 3758 praecipitia
1215 3673 1421 3753 dilabuntui3
1447 3681 1479 3738 et
1501 3672 1563 3738 hoc
1584 3682 1645 3755 est,
1667 3673 1752 3738 unde
1777 3671 1980 3737 Graecorum

296 3773 442 3838 cauenda
467 3797 538 3840 esse
562 3775 786 3860 praedicamur
809 3777 979 3842 consortia.
1005 3776 1265 3862 Corrumpuntur
1287 3779 1382 3860 enim,
1406 3789 1441 3842 ut
1467 3775 1584 3843 Paulus
1604 3777 1769 3863 apostolus
1793 3778 1848 3859 ait,
1873 3797 1980 3840 mores

291 3875 399 3943 bonos
430 3879 593 3968 colloquia
623 3881 716 3946 mala.
748 3882 816 3963 Qui
846 3884 905 3947 etsi
937 3881 1110 3968 aliquando
1143 3883 1315 3968 loquuntur
1343 3881 1465 3968 aliquid
1501 3881 1588 3964 boni,
1612 3881 1676 3946 noli
1701 3883 1821 3964 mirari,
1846 3881 1925 3968 quia
1948 3889 1980 3944 et

294 3981 469 4050 daemones
490 3986 728 4052 confitebantur
761 3987 860 4054 filium
892 3987 952 4052 dei.
979 3987 1043 4052 Sed
1067 3988 1135 4073 ipse
1166 3987 1238 4052 illos
1261 3987 1364 4070 potius
1393 3999 1500 4053 tacere
1521 3987 1748 4074 praecipiebat,
1773 4009 1813 4051 ne
1844 3989 1981 4072 quiens

296 4088 524 4156 audiretvera
547 4093 781 4179 praedicantes,
814 4095 1006 4181 'sequeretur
1029 4103 1184 4158 errantes.
1210 4092 1442 4158 Conuertimini
1477 4095 1577 4178 igitur
1607 4093 1649 4158 ad
1681 4093 1810 4158 beatum
1844 4091 1975 4156 Petrum

223 4263 230 4276 ,
295 4195 513 4282 apostolorum
531 4201 718 4284 principem,
736 4201 791 4286 qui
809 4202 932 4286 primus
948 4201 1101 4283 cognouit
1116 4209 1148 4263 et
1165 4198 1329 4264 confessus
1346 4207 1396 4264 est
1411 4197 1509 4266 filium
1528 4197 1598 4281 dei;
1622 4200 1677 4284 qui
1699 4219 1776 4262 oues
1800 4197 1980 4262 dominicas

296 4301 616 4390 regendas'aocepit‚
640 4313 672 4369 et
697 4315 730 4368 ut
754 4303 811 4370 bas
843 4305 883 4368 ad
908 4303 1056 4370 aeternae
1088 4327 1207 4390 pascua
1232 4306 1316 4368 vitae
1340 4304 1542 4369 introducere
1574 4313 1693 4390 posset,
1717 4311 1749 4367 et
1770 4301 1825 4367 hic
1847 4301 1978 4388 legendi

295 4405 508 4496 soluendique
533 4411 743 4496 potestatem,
777 4421 809 4474 et
839 4409 905 4475 illie
936 4411 1100 4474 reserandi
1133 4411 1180 4474 eis
1214 4409 1323 4474 claues
1356 4409 1505 4474 coelestis
1537 4411 1628 4494 regni
1660 4410 1848 4496 promeruit.
1873 4407 1978 4492 Igitur

295 4513 408 4580 scitote
429 4513 611 4595 karissime,
637 4517 663 4580 si
687 4537 729 4580 ex
752 4513 814 4581 hcc
836 4515 877 4580 ad
902 4515 1055 4596 Graecos,
1090 4514 1176 4602 quod
1200 4523 1325 4579 auertat
1348 4513 1505 4597 dominus,
1528 4517 1696 4580 conuersio
1728 4524 1839 4578 vestra
1869 4512 1976 4593 fuerit,

295 4613 419 4706 partem
452 4631 594 4685 vostram
626 4619 781 4686 diuinitus
803 4643 874 4686 cum
893 4620 941 4684 his
967 4620 1157 4706 ponendam,
1182 4623 1235 4706 qui
1270 4621 1404 4705 primam
1428 4619 1523 4683 fidem
1549 4621 1671 4684 irritam
1697 4619 1828 4701 faciunt,
1851 4627 1884 4684 et
1902 4639 1976 4682 oum

297 4723 348 4789 his
360 4747 496 4812 quorum
517 4724 653 4791 libenter
669 4725 899 4812 amplectimini
913 4727 1090 4811 portionem
1125 4725 1223 4790 Porro
1239 4725 1265 4788 si
1286 4747 1344 4789 nos
1360 4724 1535 4806 audieritis,
1561 4733 1592 4789 et
1614 4723 1655 4789 ad
1672 4726 1774 4788 sancti
1796 4723 1884 4789 Petri
1908 4745 1979 4808 gre·
2075 4728 2081 4738 '

294 4833 393 4896 mium
416 4833 584 4911 redieritis,
610 4843 644 4896 ut
667 4831 751 4897 filios
786 4855 845 4899 vos
869 4831 1105 4896 amantissimos
1137 4832 1289 4918 expansis
1314 4831 1437 4896 sinibus
1470 4831 1671 4916 recipiemus,
1696 4839 1728 4894 et
1747 4831 1871 4895 exertis
1907 4828 1978 4894 bra·

293 4937 374 5002 chiis
397 4937 637 5024 amplectemur,
661 4949 692 5002 et
715 4941 746 5003 in
771 4937 951 5004 visceribus
979 4935 1100 5002 Christi
1116 4937 1296 5004 dilectionis
1321 4959 1446 5023 semper
1468 4935 1669 5001 babebimus.
1693 4935 1787 5000 Etsi
1812 4957 1877 5022 qua
1901 4943 1976 5000 sunt

294 5053 414 5125 sancta,
439 5044 466 5106 si
490 5065 554 5129 qua
577 5043 728 5127 salubria,
755 5047 781 5108 si
805 5025 869 5130 qua
893 5041 1152 5129 congrua,vobis
1177 5051 1208 5106 et
1232 5063 1289 5127 pro
1315 5041 1406 5106 vobis
1436 5039 1550 5105 offerre
1576 5050 1672 5126 atque
1700 5039 1888 5126 impendere
1912 5063 1976 5105 non

293 5147 502 5213 cessabimus.
527 5148 668 5214 Xeniu'm
694 5151 785 5214 nobis
810 5169 852 5214 ex
884 5148 976 5214 vobis
998 5137 1232 5227 transmissum,
1257 5145 1395 5232 quodam
1428 5144 1569 5232 religiosi
1600 5144 1738 5226 habitus,
1764 5143 1849 5210 Urso
1884 5145 1971 5210 defe-

293 5262 392 5336 rente,
418 5257 636 5342 suscepimus,
661 5255 700 5320 de
725 5279 788 5343 quo
813 5255 1003 5340 benignitati
1026 5262 1152 5317 vestrae
1177 5253 1297 5336 gratias
1333 5261 1475 5334 agentes,
1501 5251 1594 5315 deum
1619 5249 1836 5334 laudabimus,
1860 5252 1915 5338 qui
1941 5257 1971 5314 te

294 5359 387 5424 nobis
411 5359 527 5424 deuote
552 5383 667 5425 munus
702 5361 807 5426 oferre
831 5360 949 5442 docuit,
974 5367 1073 5423 temet
1094 5359 1200 5444 ipsum
1226 5358 1290 5422 cito
1318 5365 1432 5440 totum,
1461 5365 1495 5422 ut
1518 5355 1719 5441 confidimus,
1744 5365 1776 5421 et
1799 5356 1985 5458 perfectum·
