4310 5918
1701 465 1705 472 -
1804 397 1869 486 ’75

188 609 334 691 reddere,
358 631 442 696 quae
466 610 505 676 de
530 614 596 676 suis
618 622 743 678 nostros
767 621 928 680 constaret
962 615 1099 698 habere3
1123 623 1282 702 qnatenus
1306 637 1348 680 ex
1372 613 1435 678 illis
1455 635 1585 678 securos
1614 635 1671 677 nos
1688 612 1868 692 redderent,

189 723 219 778 et
240 715 362 778 tamdiu
388 717 525 802 spatium
563 717 684 798 darent,
709 717 863 804 quamdiu
885 719 1147 804 Longobardiam
1179 720 1271 784 nobis
1308 721 1427 784 intrare
1450 727 1481 781 et
1502 740 1554 782 res
1578 719 1680 782 sancti
1703 717 1791 782 Petri
1815 716 1867 781 de-

186 819 327 902 tendere,
351 821 570 908 populumque
594 822 803 888 christianum
827 824 937 890 diuino
960 825 1119 890 adiutorio
1147 825 1305 891 redimere
1332 823 1452 889 liceret.
1476 822 1520 888 Et
1543 845 1602 888 nec
1626 825 1731 909 ipsum
1755 823 1797 887 ab
1821 823 1868 886 eis

184 922 306 990 babere
329 928 490 1010 potuimus
493 975 606 994 .....

345 1107 459 1164 Hansia.
482 1109 634 1166 Germania
656 1127 736 1166 sacra
758 1111 792 1166 Τ.
817 1112 838 1166 l.
862 1118 911 1167 etr.
938 1113 1009 1168 176.
1025 1112 1118 1184 Fejer.
1141 1109 1172 1168 C.
1196 1112 1273 1184 Dipl.
1300 1111 1322 1172 Ι.
1345 1118 1393 1167 str.
1420 1113 1491 1168 229.

491 1393 737 1476 LXXXIX.
764 1397 853 1478 919.
880 1397 1069 1530 mjeseca
1095 1397 1308 1499 proslnca.
1342 1396 1379 1480 U
1408 1397 1581 1482 Zadru..

724 1589 857 1665 Andrs'jn
879 1593 968 1666 prior
989 1593 1132 1652 eodcralci
1153 1593 1214 1653 dini
1237 1593 1382 1668 operatu.

345 1762 384 1825 In
400 1763 527 1826 nomine
544 1761 663 1826 domini
681 1764 781 1828 nostri
797 1761 876 1826 Jesu
891 1761 1010 1827 Christi
1035 1772 1066 1826 et
1088 1763 1231 1828 eiusdem
1256 1766 1485 1828 incarnationis
1499 1785 1585 1828 anno
1602 1760 1863 1830 Ducocvtlu.

185 1862 513 1952 (Dccccxvllll.)
530 1867 704 1931 indictione
717 1867 791 1931 Vll.
815 1867 1135 1932 menseDecembris.
1160 1868 1341 1955 imperante
1363 1869 1492 1934 domino
1516 1879 1624 1933 nostro
1652 1867 1866 1932 Constantino

182 1970 315 2054 piisimo
338 1993 377 2035 ac
401 1982 554 2056 perpetuo
579 1981 725 2058 augusto.
760 1972 797 2036 In
822 1973 951 2038 ciuitate
975 1972 1105 2039 Jadera.
1139 1975 1265 2040 Maturo
1298 1999 1437 2062 nemque
1470 1985 1502 2040 et
1537 1974 1659 2040 salubri
1691 1971 1825 2050 consilio
1848 1995 1869 2036 a

182 2071 364 2138 maioribub
390 2078 553 2162 prouisum
580 2086 637 2158 est,
668 2087 703 2140 ut
727 2079 830 2140 omnis
870 2076 964 2141 homo
1003 2089 1076 2142 ante
1101 2079 1288 2165 dispensare
1312 2090 1345 2146 et
1367 2079 1547 2144 deliberare
1588 2101 1662 2144 suas
1698 2076 1868 2143 facultates

184 2178 307 2243 debeat
330 2181 429 2265 prius,
454 2203 548 2266 quam
574 2183 740 2267 repentine
769 2182 964 2252 calamitatis
990 2205 1065 2246 casu
1089 2183 1232 2270 periculo
1257 2187 1426 2272 ingruente
1451 2184 1570 2248 morbis
1595 2194 1681 2248 metu
1706 2191 1867 2267 urgeatur,

183 2307 226 2347 ne
249 2283 418 2349 differente
441 2285 588 2351 liberatio
614 2297 669 2351 aut
691 2288 861 2354 articulum
879 2288 987 2374 lingue
1010 2289 1170 2376 loquende
1186 2300 1299 2356 careat
1316 2313 1386 2372 usu,
1410 2297 1467 2356 aut
1490 2281 1680 2355 distributor
1699 2291 1732 2354 in
1756 2289 1868 2354 ultima

184 2391 332 2475 corporis
355 2394 505 2476 angustia
532 2393 653 2476 positus
678 2393 737 2458 sub
762 2395 857 2458 celeri
882 2396 1007 2458 tremite
1032 2405 1141 2482 optata
1158 2397 1286 2461 sibimet
1301 2398 1463 2462 testationi
1479 2395 1643 2482 explicare
1667 2416 1729 2459 non
1759 2403 1869 2480 queat.

183 2493 313 2558 Idcirco
338 2516 398 2579 ego
420 2495 565 2560 tantillus
590 2507 740 2582 peccator
763 2497 913 2562 Andreas
937 2501 1032 2586 prior,
1058 2500 1168 2564 diuino
1192 2502 1356 2566 iuuemine
1378 2501 1489 2584 fretus,
1514 2501 1637 2586 positus
1671 2501 1703 2563 in
1735 2497 1868 2562 infirmi-

183 2607 250 2661 tate
274 2602 419 2685 corporis
443 2603 518 2664 inve
544 2624 647 2665 meum
665 2601 862 2666 decumbens
881 2603 1006 2686 lectulo,
1035 2603 1110 2668 licet
1126 2607 1249 2668 viribus
1263 2608 1406 2692 corporis
1431 2605 1602 2686 inualidus,
1629 2614 1735 2668 tamen
1760 2611 1867 2668 mente

185 2702 320 2768 domino
344 2705 520 2769 auxiliante
545 2716 640 2788 tutus,
666 2707 739 2772 volo
763 2717 796 2774 et
818 2708 913 2772 iubeo
936 2709 1066 2774 domino
1090 2721 1230 2792 auctore,
1256 2721 1288 2776 et
1311 2711 1459 2776 omnibus
1484 2711 1603 2774 sanctis
1628 2711 1714 2775 eius:
1748 2709 1780 2772 in
1804 2709 1866 2794 pri·

171 2831 275 2870 ,mum
302 2817 338 2873 ut
361 2809 490 2874 domum
511 2811 543 2874 in
568 2833 631 2897 quo
656 2814 761 2876 iussus
793 2836 862 2877 sum
888 2816 998 2879 viuere
1023 2837 1094 2879 cum
1119 2817 1251 2880 introitu
1275 2825 1307 2881 et
1330 2817 1419 2880 exitu
1437 2824 1521 2898 'suo,
1554 2813 1674 2878 habeat
1705 2812 1772 2878 filio
1797 2834 1868 2888 meo

184 2913 327 2992 Andrea,
353 2925 384 2980 et
407 2917 620 3002 domumque
654 2917 714 2981 fuit
743 2918 782 2982 de
814 2917 996 2984 Theodorio
1021 2920 1149 2984 tribuno
1173 2923 1215 2984 sit
1247 2921 1353 3007 Agapi
1380 2919 1444 2984 filie
1469 2943 1539 2985 mee
1562 2929 1594 2985 et
1625 2921 1717 2984 matri
1758 2941 1866 2984 eorum

184 3042 259 3083 cum
285 3021 375 3106 ipsis.
400 3020 542 3086 Domum
567 3044 682 3086 nouam
703 3033 735 3088 et
758 3023 852 3088 aliam
887 3025 1017 3088 domum
1049 3027 1140 3090 iuxta
1171 3039 1282 3090 sancto
1306 3021 1481 3096 Laurentio
1506 3050 1577 3091 cnm
1601 3037 1632 3090 et
1656 3035 1725 3090 orto
1748 3023 1866 3087 ibidem

184 3125 303 3189 etalio
327 3135 397 3190 orto
421 3149 483 3213 que
507 3129 599 3192 iuxta
622 3137 679 3208 est,
704 3149 767 3216 que
791 3132 853 3194 emi
877 3130 916 3193 de
937 3129 1091 3194 Jobanne
1119 3131 1185 3194 lilio
1211 3131 1382 3208 Teudorie,
1407 3131 1481 3195 uolo
1501 3141 1537 3195 ut
1560 3131 1700 3197 habeant
1722 3129 1781 3201 filii
1806 3128 1867 3192 mei

181 3229 366 3315 Nicelorus,
389 3232 503 3296 Petrus
528 3241 559 3296 et
583 3231 752 3313 Dobroeia,
779 3243 939 3298 ettamen
967 3245 1001 3299 ut
1023 3235 1152 3300 insimul
1177 3235 1271 3300 umbo
1302 3237 1418 3300 fratres
1453 3247 1485 3300 et
1521 3235 1683 3300 Dobroeia
1719 3235 1869 3298 edificent

185 3339 258 3422 ipsa
281 3337 377 3402 domo
401 3340 492 3402 iuxta
508 3348 619 3403 sancto
643 3339 818 3404 Laurentio
850 3349 882 3404 et
905 3343 1039 3425 recipiat
1063 3364 1131 3405 eam
1157 3341 1319 3406 Dobroeia
1349 3341 1413 3408 lilia
1444 3364 1526 3406 mea.
1559 3341 1626 3404 Ista
1655 3339 1751 3402 domo
1784 3359 1869 3401 noua

186 3465 260 3506 cum
285 3444 416 3506 introitu
441 3466 498 3508 suo
522 3444 641 3508 abeant
663 3445 758 3510 ambo
784 3445 899 3510 fratres
922 3445 1093 3511 Niceforus
1117 3459 1148 3509 et
1172 3447 1296 3528 Petrus,
1318 3457 1349 3511 et
1373 3448 1503 3511 domum
1525 3468 1588 3531 que
1614 3446 1702 3508 veuit
1725 3441 1801 3506 mibi
1827 3441 1867 3505 de

186 3569 299 3611 socero
325 3570 394 3612 meo
418 3547 587 3612 Niceforus
621 3548 695 3613 trib.
719 3571 791 3614 cum
824 3553 954 3615 introitu
978 3561 1010 3616 et
1034 3554 1124 3616 exitu
1148 3574 1206 3616 suo
1242 3552 1316 3616 volo
1348 3561 1383 3616 ut
1417 3550 1534 3615 habeat
1567 3549 1737 3614 filia'mea
1760 3546 1866 3627 Anna,

185 3663 218 3717 et
242 3673 299 3738 pro
324 3675 361 3717 eo
385 3653 469 3738 quod
503 3675 567 3717 non
597 3664 648 3718 est
678 3656 748 3740 ipsa
771 3654 865 3720 domo
887 3657 970 3720 sicut
993 3656 1052 3721 bec
1075 3657 1146 3738 alie,
1182 3657 1322 3742 adiungo
1346 3660 1375 3721 ei
1399 3659 1526 3720 vineam
1551 3677 1614 3741 que
1637 3655 1699 3717 emi
1723 3652 1764 3716 de
1790 3673 1862 3715 con·

183 3759 244 3821 iux
278 3758 408 3822 Auluci.
449 3757 585 3823 Vineam
607 3781 746 3846 namque
780 3759 819 3824 de
845 3760 979 3846 Pultago
1003 3775 1035 3825 et
1057 3762 1152 3826 aliam
1180 3764 1307 3827 vineam
1342 3760 1381 3826 de
1413 3769 1523 3826 sancto
1556 3759 1704 3843 Johanne
1736 3756 1808 3820 volo
1833 3763 1868 3819 ut

185 3862 329 3927 babeant
350 3861 407 3926 filii
425 3865 485 3927 mei
503 3871 535 3928 et
550 3863 615 3928 filie
631 3885 711 3944 mee,
734 3887 796 3951 que
819 3865 900 3930 abeo
920 3867 1081 3954 deprime
1100 3891 1201 3934 uxore
1235 3867 1280 3932 Et
1295 3869 1421 3932 niueam
1440 3866 1480 3930 de
1503 3863 1608 3930 Uculo
1632 3874 1664 3927 et
1686 3861 1750 3926 alia
1772 3863 1868 3926 uinea

188 3972 221 4032 in
247 3967 420 4032 (tornareto
443 3968 519 4032 volo
542 3979 578 4033 ut
600 3969 741 4034 habeant
765 3971 850 4036 filius
875 3995 965 4036 meus
1000 3973 1148 4037 Andreae
1181 3983 1213 4038 et
1243 3973 1310 4037 lilia
1337 3995 1409 4036 mea
1442 3971 1547 4056 Agapi
1575 3992 1648 4034 curn
1682 3978 1867 4031 matresua

185 4073 300 4155 Maria,
327 4083 358 4136 et
381 4075 408 4137 si
432 4074 620 4138 custodierit
641 4074 757 4140 lectum
777 4099 880 4140 meum
900 4079 941 4141 sit
961 4080 1120 4164 particeps
1145 4080 1291 4157 cumeis,
1316 4088 1347 4140 et
1371 4079 1398 4140 si
1421 4099 1485 4140 non
1510 4075 1710 4154 custodierit,
1732 4071 1866 4136 cedente

184 4203 225 4243 ea
248 4179 321 4265 quie
345 4179 385 4240 de
409 4181 488 4248 meis
512 4187 587 4244 tunc
610 4181 774 4266 prefuerit,
800 4185 943 4266 priuotur
973 4207 1020 4265 ea,
1045 4195 1076 4247 et
1109 4183 1271 4248 subtracte
1303 4187 1397 4247 vinee
1426 4205 1464 4246 ac
1500 4192 1588 4246 terre
1622 4202 1684 4266 que
1716 4178 1867 4244 videntur

184 4285 285 4348 luisse
310 4283 351 4347 de
375 4287 477 4370 prima
501 4307 603 4349 uxore
620 4309 691 4350 mea
715 4285 831 4372 Agapi.
857 4287 972 4352 Ontere
992 4291 1085 4352 vinee
1109 4311 1171 4374 que
1191 4299 1265 4353 sunt
1281 4287 1433 4353 diuidant
1450 4308 1561 4351 omnes
1584 4285 1642 4348 filii
1666 4283 1729 4347 mei
1753 4292 1785 4347 et
1800 4281 1866 4346 filie

185 4413 266 4471 mee,
292 4389 387 4453 etde
411 4391 513 4475 prima
537 4412 638 4454 uxore
674 4391 768 4455 etde
793 4390 993 4478 subsequens
1018 4417 1128 4474 uxore,
1162 4405 1192 4457 et
1222 4385 1346 4458 conium¹
1374 4389 1445 4456 mea
1478 4391 1583 4455 Maria
1613 4387 1760 4452 diuidant
1791 4409 1864 4450 cum
1952 4391 1959 4396 '

185 4498 275 4582 ipsis.
301 4495 403 4559 Terre
427 4518 503 4560 vero
527 4519 589 4582 qne
614 4499 797 4582 comparaui
824 4500 853 4560 in
880 4497 1030 4564 Cabrona
1052 4511 1084 4563 et
1108 4500 1225 4564 ibidem
1250 4498 1312 4563 alie
1336 4509 1420 4562 terre
1444 4520 1506 4583 que
1532 4494 1628 4560 michi
1654 4495 1801 4558 euenerit
1825 4492 1865 4555 de

187 4611 289 4664 matre
314 4623 396 4682 mea,
418 4611 449 4664 et
471 4603 503 4664 in
528 4600 712 4684 Obrauicio‚
737 4625 800 4688 que
825 4606 968 4667 euenerit
1000 4604 1095 4667 michi
1119 4605 1159 4668 de
1183 4614 1283 4669 matre
1309 4626 1388 4682 mea,
1413 4601 1487 4666 volo
1511 4612 1546 4666 ut
1568 4599 1709 4664 habeant
1725 4597 1782 4662 tilii
1805 4597 1866 4660 mei

185 4717 219 4770 et
237 4705 302 4770 filie
317 4729 386 4769 mee
410 4729 472 4791 que
486 4715 560 4769 sunt
573 4706 613 4770 de
630 4709 733 4792 prima
748 4729 859 4772 uxore.
879 4707 979 4773 Terre
999 4732 1126 4795 quoque
1142 4733 1204 4796 que
1219 4709 1402 4794 comparaui
1427 4710 1459 4770 in
1484 4706 1620 4771 Sicirani
1644 4716 1675 4768 et
1697 4703 1759 4768 alie
1783 4713 1867 4766 terre

185 4812 306 4900 ibidem
333 4833 395 4896 que
420 4809 517 4874 michi
534 4814 678 4875 euenerit
695 4811 734 4875 de
753 4823 854 4876 matre
878 4835 949 4877 mea
972 4813 1046 4878 volo
1070 4826 1104 4878 ut
1124 4816 1242 4880 abeant
1265 4815 1350 4878 filius
1373 4835 1464 4878 meus
1485 4811 1633 4876 Andreas
1657 4819 1688 4873 et
1711 4808 1778 4872 filia
1796 4829 1867 4871 mea

187 4918 294 5002 Agapi
311 4939 384 4980 cum
410 4926 510 4980 matre
528 4937 585 4980 sua
601 4916 712 4980 Maria.
731 4915 781 4979 De
804 4907 928 5002 peculio
952 4929 1058 4982 autem
1075 4929 1217 4984 trecenta
1241 4921 1347 5005 capita
1371 4917 1444 4981 volo
1468 4927 1503 4981 ut
1526 4917 1644 4980 abeant
1668 4913 1725 4978 filii
1750 4913 1812 4976 mei
1836 4921 1868 4974 et

187 5021 251 5085 filie
265 5044 346 5103 mee,
372 5043 434 5106 que
458 5031 532 5085 sunt
554 5022 594 5086 de
619 5023 720 5106 prima
744 5043 855 5102 uxore,
880 5035 912 5087 et
934 5023 996 5087 alia
1019 5033 1162 5087 trecenta
1186 5023 1292 5109 capita
1315 5023 1355 5087 de
1372 5020 1497 5108 peculio
1510 5021 1651 5085 habeant
1673 5017 1758 5082 lilius
1776 5035 1866 5078 meus

187 5139 219 5190 et
239 5127 304 5192 lilia
329 5148 409 5207 mea,
432 5148 502 5189 cum
528 5137 708 5191 matresua
745 5127 857 5194 Maria.
884 5128 933 5192 De
957 5137 1086 5214 pastore
1108 5127 1237 5214 quidem
1261 5127 1357 5193 Petro
1382 5125 1498 5192 etalio
1523 5125 1617 5189 Petro
1641 5133 1674 5188 et
1697 5120 1866 5186 Desiderio

187 5232 304 5296 abeam
327 5230 415 5294 filius
436 5253 526 5296 meus
550 5253 622 5295 cum
646 5230 713 5295 lilia
736 5253 806 5296 mea
830 5245 903 5298 cuin
927 5241 1109 5296 matresua
1133 5231 1246 5296 lllaria.
1271 5230 1419 5296 Ominico
1443 5229 1605 5297 cumlilio
1637 5237 1668 5291 et
1690 5225 1757 5290 filia
1772 5225 1866 5289 Desi-

187 5337 270 5402 tlona
292 5337 414 5402 abeant
437 5335 500 5398 alio
523 5334 582 5400 tilii
605 5346 636 5400 et
660 5335 725 5400 filie
749 5357 828 5400 mee.
866 5337 1022 5402 Armenta
1044 5359 1182 5421 namque
1206 5335 1352 5402 diuidant
1375 5357 1486 5399 omnes
1509 5333 1566 5397 filii
1589 5341 1621 5396 et
1637 5332 1700 5398 lilie
1731 5351 1811 5410 mee,
1835 5339 1867 5392 et
