4350 5932
290 375 309 438 8

289 567 549 654 praesumpserit,
582 587 616 630 se
653 566 897 651 participatione
930 566 1164 630 communionis
1197 586 1305 628 sacrae
1338 563 1463 628 nouerit
1498 587 1570 630 esse
1592 566 1762 650 priuatum.
1787 565 1838 629 Tu
1861 566 1972 649 igitur,
2000 537 2021 556 ῃ

289 670 388 736 trater
410 671 585 750 carissime,
609 691 812 756 nequaquam
849 691 906 732 nos
930 668 1068 755 amplius
1093 677 1258 754 prouoces,
1283 690 1322 732 ne
1347 669 1445 750 duros
1464 667 1557 736 valde
1581 672 1613 734 in
1637 671 1809 756 asperitate
1835 673 1968 750 sentias,

290 797 370 860 quos
395 797 472 860 erga
494 783 525 838 tc
550 775 670 860 positos
692 776 722 838 in
749 776 881 838 caritate
899 776 1088 838 contemnis.
1102 774 1261 838 Restituto
1279 775 1376 859 igitur
1392 773 1462 839 loco
1484 797 1542 840 suo
1558 773 1724 839 Honorato
1741 774 1971 840 archidiacono

289 881 478 944 instructam
503 889 673 964 perso'nam
691 879 750 944 sub
774 878 977 944 festinatione
992 879 1179 953 transmitte,
1204 881 1258 965 qui
1283 878 1359 942 mihi
1377 879 1437 944 hoc
1453 879 1571 945 debere
1594 903 1637 946 ex
1659 882 1783 944 ratione
1805 881 1875 944 fieri
1899 881 1969 944 suis

278 986 391 1070 possit
415 983 664 1068 allegationibus
696 985 926 1048 demonstrare.
957 983 1117 1048 Eumdem
1142 1006 1279 1070 namque
1293 983 1553 1050 archidiaconum
1577 985 1618 1050 ad
1641 1007 1700 1050 nos
1724 987 1835 1050 venire
1860 985 1972 1049 decre-

292 1090 407 1171 uimus,
440 1099 475 1153 ut
491 1089 646 1174 quidquid
663 1093 790 1168 iustum,
810 1088 967 1175 quidquid
983 1090 1193 1175 omnipotenti
1219 1088 1280 1153 deo
1294 1088 1445 1175 placitum
1462 1089 1565 1172 luerit,
1583 1092 1720 1175 cognitis
1736 1091 1970 1156 assertionibus

290 1195 429 1280 partium
454 1193 675 1268 decernamus,
699 1193 765 1258 Nos
790 1197 874 1258 enim
900 1193 1022 1258 nullum
1040 1216 1097 1279 pro
1122 1193 1282 1280 personali
1303 1216 1412 1258 amore
1436 1194 1648 1276 defendimus,
1674 1195 1730 1260 sed
1755 1204 1884 1261 auctore
1908 1195 1971 1260 deo

293 1281 438 1362 normani
463 1299 610 1380 iustitiae,
634 1301 810 1384 postposita
833 1297 1004 1363 cuiuslibet
1027 1317 1183 1384 personae
1206 1302 1401 1386 acceptione,
1427 1299 1635 1366 custodimus.

449 1480 540 1535 Mansi
565 1479 712 1536 Collectio.
736 1478 843 1536 Concil.
867 1482 901 1536 T.
925 1482 975 1537 lX.
996 1488 1045 1537 str.
1072 1483 1165 1537 1090.
1214 1472 1218 1480 ’

816 1747 931 1830 xlv.
961 1747 1051 1832 592.
1080 1753 1265 1852 nrjoseca
1283 1750 1455 1850 otnjlsa.

292 1921 393 2008 (trpur
419 1919 443 1980 I.
461 1925 561 1998 justia
587 1925 742 1998 obturem
764 1927 988 1987 dalmatiuskim
1004 1929 1114 1988 totoue
1129 1929 1164 2002 Je
1184 1927 1338 2000 aapoojedi
1349 1927 1479 2000 podjelto
1502 1929 1629 2002 aalma
1651 1930 1831 1989 sotinstomu
1854 1922 1975 1988 Notata

691 2033 800 2105 paracta·
822 2037 968 2106 seronato
992 2033 1185 2107 aadeohonu
1207 2033 1355 2106 soltastoq
1382 2031 1549 2092 Honorata.
1945 2029 1952 2036 “

606 2201 794 2287 Gregorius,
810 2206 969 2269 universis
994 2205 1153 2290 episcopis
1177 2226 1235 2294 per
1254 2202 1448 2267 Dalmatiam
1466 2205 1655 2269 constitutis.

338 2327 346 2336 ”
448 2323 694 2390 Fraternitatem
718 2337 857 2392 vestram
881 2327 955 2392 licet
971 2327 1191 2392 desideremus
1208 2328 1335 2412 scriptis
1351 2327 1604 2394 discurrentibus
1620 2329 1804 2416 frequenter
1828 2331 1971 2410 visitare,

260 2515 262 2523 y
290 2438 397 2494 tamen
421 2440 597 2516 praeterea,
636 2454 708 2496 cum
741 2455 791 2496 res
825 2435 934 2518 exigit,
968 2443 1103 2519 utraque
1137 2434 1282 2517 cupimus
1314 2435 1432 2512 negotii
1456 2436 1550 2498 unius
1578 2437 1745 2499 occasione
1777 2433 1974 2521 persoluere,

289 2545 324 2600 ut
346 2544 377 2600 et
397 2535 556 2602 fraternos
580 2536 620 2602 de
643 2539 829 2602 visitatione
846 2538 1026 2602 releuemus
1051 2539 1184 2616 animos,
1208 2545 1241 2601 et
1257 2558 1339 2624 quae
1355 2541 1596 2623 superveniunt,
1619 2563 1659 2604 ne
1684 2549 1821 2604 mentem
1846 2541 1975 2625 possint

146 2720 149 2728 Ι
263 2643 436 2730 ¹ignorata
466 2643 672 2725 confundere,
699 2643 851 2708 subtilius
883 2641 1093 2728 explicemus.
1118 2641 1233 2706 Frater
1253 2644 1360 2728 itaque
1382 2653 1490 2708 noster
1513 2643 1645 2726 Natalis,
1670 2644 1867 2709 salonitanae
1891 2647 1972 2710 civi-

287 2749 361 2811 tatis
385 2749 563 2834 episcopus,
581 2771 654 2812 cum
671 2747 881 2830 Honoratum,
900 2747 1163 2812 archidiaconum
1178 2747 1264 2811 sedis
1283 2771 1369 2828 suae,
1387 2747 1426 2812 ad
1445 2748 1589 2814 ordinem
1610 2749 1852 2836 presbyteratus
1871 2749 1973 2814 vellet

289 2852 477 2938 provehere,
502 2876 540 2918 ac
563 2853 715 2940 deinceps
747 2853 801 2916 ille
834 2854 876 2918 ad
908 2852 1128 2920 sublimiorem
1160 2852 1293 2936 gradum
1326 2875 1470 2918 crescere
1494 2853 1679 2935 declinaret,
1704 2878 1722 2918 a
1746 2865 1875 2918 sanctae
1902 2879 1967 2920 me·

289 2959 410 3022 moriae
423 2957 592 3022 decessore
609 2981 679 3023 meo
697 2960 795 3023 missa
812 2957 1045 3043 supplicatione
1061 2966 1260 3043 poposcerat,
1278 2979 1317 3021 ne
1334 2959 1374 3023 ad
1388 2959 1473 3024 hunc
1485 2961 1630 3025 ordinem
1651 2961 1770 3026 inuitus
1788 2961 1971 3026 accederet.

250 3117 255 3129 .
288 3061 361 3128 Hoc
385 3065 468 3126 eninr
492 3063 560 3126 lieri
586 3064 647 3128 sibi
672 3087 734 3128 non
761 3062 959 3149 prouehendi
985 3065 1098 3145 gratia,
1132 3061 1189 3125 sed
1212 3085 1309 3128 causa
1331 3064 1571 3147 ingratitudinis
1596 3065 1793 3152 perhibebat.
1819 3067 1973 3154 Proque

289 3190 325 3230 rc
350 3177 426 3230 tunc
457 3169 520 3230 iam
543 3177 673 3232 sanctae
697 3168 872 3232 memoriae
896 3165 1047 3230 decessor
1070 3175 1178 3230 noster
1201 3167 1319 3252 scripta
1343 3167 1449 3232 Natali
1466 3169 1557 3234 fratri
1582 3171 1837 3258 coepiscopoque
1860 3181 1973 3236 nostro

289 3270 461 3354 direxerat,
486 3273 681 3336 interdicens
714 3295 753 3336 ne
778 3271 976 3358 praedictum
995 3271 1195 3350 Honoratum
1219 3271 1479 3338 archidiaconum
1504 3275 1639 3340 invitum
1664 3275 1863 3360 proueberet,
1887 3299 1974 3344 neue

290 3377 432 3442 dolorem
465 3389 638 3464 conceptae
673 3377 914 3462 ingratitudinis
949 3379 980 3440 in
1011 3376 1107 3441 corde
1133 3399 1190 3440 suo
1214 3379 1376 3444 retineret.
1400 3377 1546 3465 Cumque
1572 3389 1644 3443 eta
1670 3381 1877 3468 uobissaepe
1900 3405 1973 3446 cor-

289 3491 400 3569 reptus
431 3482 543 3565 fuerit,
575 3493 607 3547 et
638 3481 719 3547 haec
746 3481 851 3546 eidem
892 3503 1096 3566 summopere
1137 3481 1257 3546 fuerint
1285 3483 1474 3562 interdicta,
1510 3506 1572 3548 non
1600 3483 1702 3548 solum
1735 3485 1887 3550 mandata
1918 3487 1974 3562 dei
2047 3485 2054 3502 ⁸

289 3589 468 3675 negligens,
490 3589 546 3653 sed
570 3599 602 3652 et
626 3591 744 3674 scripta
770 3599 878 3652 nostra
904 3597 1123 3664 contemnens,
1148 3587 1328 3672 praelatum
1355 3587 1626 3671 archidiaconum,
1653 3599 1686 3653 ut
1708 3589 1833 3671 dicitur,
1858 3603 1974 3656 contra
2087 3625 2095 3638 ·

289 3717 409 3760 morem
435 3696 527 3781 quasi
551 3695 591 3758 ad
616 3695 780 3762 fortiorem
805 3693 961 3756 honorem
978 3691 1169 3779 prouehens,
1186 3702 1318 3756 conatus
1335 3701 1384 3758 eat
1405 3691 1519 3758 callide
1537 3692 1724 3777 degradare.
1742 3693 1837 3759 Unde
1861 3699 1973 3762 actum

290 3811 349 3882 est,
373 3810 408 3864 ut
431 3823 468 3864 eo
489 3799 528 3863 de
552 3799 832 3864 archidiaconatus
857 3795 928 3863 loco
954 3797 1111 3880 submoto,
1134 3796 1233 3861 alium
1257 3797 1461 3879 adscisceret,
1487 3799 1549 3883 qui·
1563 3799 1595 3860 in
1617 3795 1686 3860 loco
1703 3797 1841 3883 depositi
1865 3799 1973 3864 archi·

291 3905 418 3969 diaconi
442 3905 647 3969 ministraret.
673 3903 778 3982 Quem
803 3903 926 3968 scilicet
949 3903 1150 3967 Honoratum
1174 3903 1368 3966 arbitramur
1383 3903 1516 3966 antistiti
1540 3924 1598 3966 suo
1615 3911 1783 3987 propterea
1799 3903 1974 3990 displicere

290 4013 444 4098 potuisse,
465 4009 553 4097 quod
576 4033 648 4074 eum
674 4021 753 4074 uasa
784 4033 877 4076 sacra
906 4011 972 4074 suis
996 4009 1072 4073 dare
1104 4007 1290 4094 parentibus
1315 4006 1514 4094 prohibebat.
1539 4003 1644 4084 Quam
1668 4029 1814 4072 caussam
1839 4020 1871 4074 et
1894 4020 1974 4075 tunc

241 4197 243 4202 Ι
291 4125 421 4182 sanctae
445 4117 618 4180 memoriae
650 4115 801 4180 decessor
832 4139 933 4196 meus,
965 4125 997 4178 et
1030 4137 1113 4178 nunc
1144 4137 1204 4199 ego
1235 4099 1345 4180 subtili
1375 4111 1535 4177 voluimus
1559 4111 1764 4196 indagatione
1788 4114 1970 4198 discutere;

276 4221 349 4285 aad
371 4222 398 4285 is
422 4221 491 4306 ipsc
516 4219 577 4284 sibi
601 4222 759 4302 conscius,
777 4243 947 4306 personam
963 4220 1004 4284 ad
1021 4219 1369 4304 iudiciumpostposuit
1392 4217 1561 4297 destinare,
1593 4239 1633 4280 ne
1662 4227 1790 4282 actuum
1813 4221 1882 4284 eius
1907 4221 1973 4286 dis-

293 4348 389 4392 cussa
410 4327 568 4411 potuisset
591 4327 710 4390 veritas
733 4349 900 4412 apparere.
925 4325 992 4390 Nos
1016 4329 1123 4410 itaque
1148 4333 1194 4388 tot
1217 4325 1279 4387 iam
1301 4323 1427 4407 scriptis
1444 4321 1642 4384 admonitum
1666 4331 1698 4384 et
1720 4319 1874 4388 hactenus
1899 4348 1972 4411 per-

290 4431 440 4494 tinaciter
464 4427 659 4493 obstinatum
684 4432 951 4516 scriptisriterum
984 4429 1115 4493 directis
1146 4450 1204 4514 per
1232 4427 1446 4512 praesentium
1481 4423 1614 4490 latorem
1648 4411 1835 4492 curarimus
1858 4428 1972 4496 admo-

291 4533 443 4610 nendum,
468 4545 625 4620 quatenus
647 4535 848 4600 Honoratum
884 4533 1148 4612 archidiaconum
1181 4532 1396 4614 coniungente
1429 4530 1534 4594 statim
1571 4533 1788 4614 praesentium
1813 4533 1914 4598 latore
1936 4538 1971 4600 in

290 4635 397 4728 priore
421 4639 491 4705 loco
516 4643 703 4726 susciperet.
738 4641 801 4720 Qui
835 4643 897 4704 iam
931 4639 1089 4704 obdurato
1121 4635 1227 4700 adhuc
1259 4634 1355 4699 corde
1388 4634 1617 4698 contumaciter
1646 4634 1687 4699 ad
1718 4658 1792 4700 eum
1815 4659 1973 4705 reuocare

291 4745 427 4831 gradum
453 4746 478 4808 si
502 4744 584 4810 forte
608 4755 826 4832 postponeret,
860 4769 919 4810 usu
943 4767 1015 4809 eum
1049 4742 1147 4828 pallii,
1173 4741 1226 4827 qui
1257 4739 1299 4803 ab
1323 4739 1383 4804 hac
1407 4739 1483 4804 sede
1507 4761 1678 4804 concessus
1703 4749 1752 4803 est
1774 4763 1832 4826 pro
1856 4754 1972 4808 contu·
2046 4775 2047 4779 ¹

292 4852 395 4914 mucia
426 4859 473 4915 tot
502 4851 629 4917 vicibus
661 4851 804 4917 admissa
839 4851 961 4936 privari
993 4849 1218 4935 praecipimus.
1252 4844 1387 4910 sivero
1423 4846 1518 4908 etiam
1542 4845 1660 4908 amisso
1685 4844 1782 4930 pallio
1805 4845 1914 4912 adhuc
1937 4852 1972 4914 in

291 4956 404 5021 eadem
429 4958 604 5042 pertinacia
639 4959 907 5043 perseveraverit,
931 4980 949 5018 a
973 4955 1129 5019 dominici
1153 4973 1281 5038 quoque
1306 4951 1451 5034 corporis
1482 4971 1522 5014 ac
1552 4951 1718 5036 sanguinis
1742 4973 1814 5014 eum
1839 4950 1997 5039 pertici?

289 5062 419 5148 patione
442 5059 635 5126 submoueri.
661 5061 810 5148 Aequum
836 5063 920 5125 enim
939 5069 996 5144 est,
1023 5067 1057 5122 ut
1079 5080 1211 5142 aspiros
1229 5056 1268 5119 de
1293 5057 1412 5120 iustitia
1432 5055 1557 5133 sentiat,
1581 5076 1661 5138 quos
1686 5077 1763 5138 erga
1786 5080 1821 5121 se
1846 5063 1972 5144 positos

291 5168 323 5230 in
340 5174 472 5232 caritate
489 5169 689 5254 contempsit.
707 5168 774 5232 Nos
792 5170 900 5253 itaque
912 5189 953 5230 ne
969 5187 1055 5230 nuno
1071 5162 1201 5248 quidem
1218 5185 1238 5224 a
1254 5161 1401 5238 iustitiae,
1418 5181 1513 5245 quam
1532 5160 1693 5244 praefatus
1709 5163 1844 5226 antistes
1856 5163 1972 5250 despe-

290 5273 349 5353 xit,
375 5273 490 5336 semita
513 5271 705 5354 deuiamus3
727 5273 785 5337 sed
813 5273 961 5338 restituto
984 5271 1015 5333 in
1045 5267 1150 5333 locum
1175 5289 1266 5332 suum
1292 5289 1340 5345 eo,
1364 5266 1455 5330 cuius
1478 5263 1572 5328 nobis
1596 5262 1691 5351 culpa
1712 5267 1844 5330 minime
1868 5273 1976 5354 patuit
