4292 5926
1791 395 1832 458 31

308 585 388 650 ltem
413 584 503 652 dedit
525 584 673 672 predium
697 583 737 650 de
760 583 850 665 Zala,
875 583 961 670 quod
983 583 1045 648 sibi
1070 583 1159 647 dedit
1184 606 1251 666 rex,
1276 585 1419 669 quesitor
1442 607 1561 669 aroge
1586 584 1736 650 dominus
1761 605 1831 671 pre·
1906 628 1909 643 ·

140 687 271 752 ataldus
295 689 474 776 Seraphim,
497 690 597 755 frater
621 691 699 772 eius,
725 689 780 754 ubi
804 688 914 753 datum
939 697 988 753 est
1012 687 1074 752 sibi
1090 687 1169 753 illud
1187 689 1344 775 predium,
1364 689 1579 756 interfuerunt
1603 690 1634 754 hi
1660 713 1828 776 proceres:

139 791 225 874 Iula,
250 794 401 860 Salamon
423 799 577 878 centurio,
603 796 667 862 San
692 797 848 878 centurio,
873 794 976 860 keneu
1001 793 1124 876 Petrus,
1149 795 1218 858 istis
1236 795 1301 858 dati
1319 807 1393 858 sunt
1409 797 1496 860 numi
1516 798 1545 859 in
1564 797 1831 861 recordationem.

139 899 273 964 Ibidem
297 911 372 966 suut
394 900 458 965 duo
482 912 589 966 aratra
612 924 685 966 cum
710 924 769 965 sex
801 899 1023 966 mansionibus
1057 908 1089 963 et
1118 897 1233 970 decem
1269 899 1429 982 domibus,
1466 910 1503 986 et
1533 902 1676 966 seruiant
1708 901 1828 984 abbati,

140 1005 286 1092 qualiter
311 1008 499 1094 preceperit,
523 1006 579 1071 sed
604 1007 632 1070 si
655 1007 764 1071 abbati
789 1005 955 1093 placuerit,
981 1004 1059 1069 dent
1081 1002 1164 1067 filias
1189 1003 1300 1068 liberis
1324 1015 1355 1067 et
1380 1005 1499 1070 ducant
1522 1005 1562 1070 de
1594 1005 1715 1087 liboris,
1749 1029 1826 1093 quo-

139 1123 217 1175 rum
242 1114 372 1176 nomina
395 1112 474 1176 heo:
499 1112 673 1195 Donamer,
698 1135 769 1176 cum
794 1111 921 1176 duobus
946 1110 1030 1184 filiis,
1055 1108 1160 1173 Didae
1176 1131 1248 1172 cum
1264 1109 1348 1192 filiis,
1363 1109 1514 1193 Radosta,
1533 1111 1683 1193 Dracem,
1703 1110 1832 1196 Sudem,

132 1213 277 1281 Blasius
306 1217 391 1282 tilius
420 1215 540 1304 Grapo,
567 1215 662 1300 Oace,
686 1217 835 1299 Budissa,
860 1214 1010 1292 Pribizla,
1031 1213 1138 1280 Odila.
1163 1215 1314 1279 Predium
1339 1215 1465 1280 Fertew
1490 1240 1561 1282 oum
1588 1240 1651 1282 uno
1674 1229 1780 1282 aratro
1801 1229 1831 1283 et

142 1321 253 1385 tribus
277 1322 508 1400 mansionibus,
533 1321 679 1408 predium
703 1321 829 1403 Gelani,
853 1319 940 1408 quod
964 1319 1053 1384 dedit
1076 1341 1135 1384 rex
1166 1343 1224 1406 pro
1256 1343 1313 1384 suo
1346 1321 1468 1407 predio,
1494 1322 1617 1387 scilicet
1640 1321 1831 1410 Sar,'quod
1940 1351 1944 1358 ·

144 1427 259 1490 datum
283 1437 332 1491 est
355 1429 506 1514 episcopo
531 1426 764 1514 (zagrabiensi)
787 1425 968 1508 Macellino,
1001 1425 1090 1490 dedit
1123 1429 1315 1490 monasterio
1347 1450 1418 1490 cum
1453 1427 1563 1492 decem
1596 1428 1830 1494 mansionibus.

144 1579 153 1596 .
181 1580 189 1596 .
216 1579 225 1599 .
249 1531 394 1614 Terram,
418 1555 514 1619 quam
540 1509 621 1596 emit·
638 1556 659 1597 a
677 1530 838 1618 Symeone
859 1529 925 1594 filio
949 1529 1084 1594 Nicolau
1101 1532 1236 1613 comitis,
1254 1531 1336 1595 ultra
1353 1531 1509 1612 Dravum,
1535 1543 1662 1596 centum
1678 1535 1785 1620 pensis
1803 1543 1835 1598 et

144 1636 277 1702 dnobus
300 1624 597 1720 dextrariissdedit
619 1637 823 1701 monasterio.
848 1635 982 1699 Terram
1007 1658 1102 1722 quam
1128 1634 1240 1700 habuit
1264 1639 1367 1723 gratia
1392 1636 1546 1723 Stephani
1571 1637 1643 1724 (ll.)
1676 1639 1762 1722 regis
1796 1639 1829 1702 in

142 1741 352 1827 zagrabiensi
376 1741 538 1828 parochia,
573 1741 696 1806 scilicet
727 1741 871 1824 Samene,
903 1742 1047 1827 quesitor
1064 1739 1226 1825 Georgius
1262 1763 1379 1824 comes,
1415 1742 1499 1808 filius
1524 1741 1611 1825 Saul,
1643 1743 1842 1830 pristevdus‘

145 1847 268 1932 Weng,
291 1845 378 1912 filius
401 1846 544 1912 Radoan.
570 1856 630 1913 eto.

195 2079 198 2082 -
298 2026 399 2099 (litare
422 2045 519 2099 listina
537 2042 644 2114 priobdi
668 2045 814 2100 Bernardo
838 2045 902 2112 Per,
926 2043 1021 2100 (lodex
1045 2044 1115 2116 dipl.
1134 2045 1169 2103 T.
1193 2045 1246 2103 VI.
1264 2046 1316 2100 eol.
1343 2046 1415 2102 355.
1439 2045 1464 2099 iz
1488 2045 1629 2116 knjitnice
1660 2047 1829 2102 admontske

146 2131 157 2185 i
181 2132 267 2202 Fejer
290 2131 359 2187 cod.
383 2132 454 2203 dipl.
476 2132 511 2188 R.
534 2133 630 2204 Huug.
654 2132 688 2186 Τ.
706 2133 743 2186 Il.
767 2139 817 2190 etr.
843 2133 894 2191 88.

849 2441 1004 2524 XLIV.
1030 2441 1139 2524 1138.

149 2617 228 2682 Bato
251 2617 300 2682 ΙΙ.
324 2620 406 2694 trolj
427 2617 563 2680 tractati
583 2621 596 2679 t
617 2619 742 2694 reparati
766 2618 882 2695 daruje,
913 2619 1120 2692 aauutseuprjr
1148 2619 1302 2692 sptjctstoj
1329 2619 1420 2680 aava
1446 2637 1489 2681 so.
1517 2620 1633 2694 Marus
1662 2639 1684 2681 u
1707 2621 1823 2682 Solimi.

306 2828 343 2892 In
364 2828 497 2892 nomine
521 2825 642 2891 domini
667 2828 768 2891 nostri
790 2825 892 2890 Jhesu
917 2825 1048 2890 Christi.
1077 2825 1168 2889 Anno
1193 2823 1234 2888 ab
1250 2826 1471 2890 incarnatione
1489 2825 1633 2890 eiusdem
1653 2826 1823 2892 millesimo

149 2931 373 3000 CXXXVIII.
397 2933 572 2998 indictione
597 2933 710 3017 prima.
736 2931 807 3018 Ego
833 2930 941 3017 B(ela)
965 2933 1019 3001 dei
1042 2931 1152 3014 gracia
1174 2929 1351 3015 Hungarie,
1377 2929 1556 3013 Dalmacie,
1581 2927 1743 3009 Obroatis,
1767 2933 1829 2996 Ra·

146 3063 264 3127 meque
287 3062 357 3118 rex,
381 3039 423 3103 do
447 3037 582 3102 ecclesie
606 3037 790 3123 spalatensi,
814 3059 871 3122 pro
894 3037 1037 3101 remedio
1060 3041 1166 3101 anime
1191 3059 1261 3101 mee
1285 3021 1494 3122 meorumque
1527 3060 1761 3120 successorum,
1794 3051 1827 3102 et

148 3147 208 3222 tibi
234 3145 361 3210 Gaudio
385 3143 529 3230 predicte
554 3143 665 3206 matris
688 3141 824 3206 ecclesis
848 3141 1102 3228 archiepiscopo,
1127 3142 1297 3206 ecclesiam
1322 3157 1431 3207 sancte
1455 3143 1567 3218 Mario,
1603 3166 1666 3230 que
1696 3155 1746 3208 est
1770 3146 1827 3210 Sa·

148 3251 232 3332 lone,
256 3273 328 3314 cum
353 3247 503 3314 omnibus
528 3247 728 3334 appendiciis
752 3249 829 3328 suis,
855 3257 919 3312 tam
944 3246 1120 3330 mobilium,
1133 3270 1229 3334 quam
1254 3247 1468 3312 immobilium
1485 3271 1602 3330 rerum,
1620 3259 1652 3314 et
1669 3271 1741 3313 cum
1762 3271 1830 3313 mo·

148 3357 353 3422 lendinorum
378 3353 567 3436 redditibus,
592 3363 628 3416 ut
649 3351 728 3416 nulli
761 3354 891 3417 omnino
922 3351 1098 3432 hominum,
1132 3355 1194 3416 nisi
1226 3355 1446 3438 prenominata
1479 3352 1615 3418 ecclesie
1641 3353 1829 3439 spalatensi,

146 3462 303 3527 reddatur
322 3460 487 3525 tributum.
513 3457 555 3522 Et
578 3459 774 3544 quicumque
799 3469 907 3523 nostro
932 3459 1101 3544 priuilegio
1126 3458 1335 3543 (conttrarius
1359 3462 1509 3524 assistere
1534 3459 1681 3541 voluerit,
1707 3463 1825 3524 iratum

146 3567 267 3634 habeat
288 3567 407 3630 trinum
432 3575 464 3628 et
483 3585 581 3629 unum
607 3563 712 3647 deum,
740 3573 772 3628 et
794 3562 912 3628 habeat
936 3563 1194 3628 maledictionem
1229 3575 1412 3627 sanctorum
1450 3575 1586 3650 patrum,
1611 3567 1743 3662 iusuper
1773 3587 1828 3628 no-

147 3683 247 3740 stram
272 3674 353 3737 iram
378 3673 579 3736 incessanter
602 3669 754 3752 incurrat,
777 3679 809 3734 et
843 3667 953 3734 decem
986 3668 1085 3734 libras
1117 3671 1185 3732 auri
1219 3681 1400 3754 componat,
1426 3669 1630 3734 medietatem
1662 3672 1694 3733 in
1726 3669 1829 3754 regali

148 3778 279 3866 palatio,
310 3759 348 3841 et
373 3776 578 3842 medietatem
602 3773 749 3858 ecclesie,
780 3777 830 3838 cui
856 3775 1050 3839 iniusticiam
1078 3774 1198 3854 fecerit,
1230 3784 1262 3837 et
1293 3773 1352 3837 hec
1387 3774 1510 3838 cartula
1539 3785 1668 3839 maneat
1704 3776 1736 3838 in
1771 3797 1830 3838 sua

147 3885 372 3951 roboracione.

297 4080 397 4154 Prepis
420 4099 437 4136 o
460 4080 626 4152 spljstskom
650 4077 760 4137 arkivu.
781 4077 880 4136 Mensa
903 4075 1094 4151 episcopalis.
1120 4109 1124 4118 ·

539 4387 670 4474 XLV.
699 4389 808 4474 1138.
835 4389 899 4474 24.
925 4389 1108 4492 svtunja
1138 4388 1174 4474 U
1202 4391 1433 4473 Lateranu.

146 4590 303 4654 laooencio
328 4585 373 4651 ΙΙ.
392 4605 487 4666 popo,
506 4587 670 4661 podjetjaje
692 4585 884 4658 nadotskupu
906 4585 1098 4658 spuetsromu
1124 4584 1270 4664 caedua,
1301 4586 1384 4660 ptas't
1414 4603 1456 4644 na
1478 4582 1577 4646 motha
1608 4587 1709 4660 trotio
1737 4604 1826 4661 apar-

860 4709 951 4783 stopa
973 4708 1045 4769 Bcle
1068 4709 1117 4770 II.

298 4899 503 4966 innocentius
527 4921 641 4964 seruus
665 4919 832 4962 seruorum
867 4895 929 4977 dei,
958 4895 1135 4961 venerabili
1167 4895 1266 4960 fratri.
1290 4894 1469 4961 salonitano
1501 4895 1743 4983 archiepiscopo
1776 4919 1823 4960 sa-

144 5007 245 5075 lutem
271 5015 305 5072 ot
327 5003 537 5093 apostolicam
563 5002 830 5069 benedictionem.
855 5002 945 5067 Siout
968 5001 1052 5066 beati
1079 5000 1227 5086 Gregorii
1251 5011 1390 5066 testatur
1412 5007 1596 5082 auctoritas,
1622 5011 1740 5066 ettam
1765 5023 1824 5063 ve·

30 5127 33 5132 '
144 5125 250 5182 terum
276 5134 374 5200 quam
399 5111 624 5175 modernorum
649 5119 812 5194 gestorum
837 5117 1042 5172 monumenta
1064 5107 1238 5180 declarant,
1264 5109 1460 5170 examinatio
1489 5121 1520 5170 et
1544 5108 1743 5170 consecratio
1768 5129 1816 5168 ss-

145 5219 279 5288 lonitani
309 5215 543 5303 archiepiscopi
579 5238 621 5281 ex
654 5216 786 5300 antiqua
815 5215 1014 5279 institutione
1044 5212 1086 5276 sd
1116 5205 1284 5276 romanum
1318 5211 1502 5298 pontificem
1535 5211 1717 5297 specialiter
1748 5233 1817 5298 per-
