4292 5926
442 574 566 640 Datum
592 573 772 639 Beneuenti
804 597 863 662 per
894 596 1008 640 manus
1045 574 1220 660 Grisogoni
1252 585 1363 642 sancte
1390 597 1526 644 romane
1554 577 1694 643 ecclesie
1727 578 1857 644 diaconi
1888 575 1997 642 cardi-

295 680 387 762 nalis,
415 703 454 746 ac
485 679 723 747 bibliothecarii
754 681 830 746 IIlI.
853 681 1010 746 kalendas
1041 681 1194 762 octobris,
1226 679 1403 750 indictione
1435 681 1527 748 XIV.
1557 685 1793 749 incarnacionis
1825 683 1996 750 dominice

295 809 379 852 anno
402 784 561 852 MOXXI.
587 786 794 874 pontificatue
818 797 926 852 autem
951 787 1073 853 domini
1098 786 1218 852 Calixti
1243 789 1377 854 secundi
1401 811 1484 876 pape
1513 812 1598 855 anno
1621 789 1665 856 H.

444 917 544 988 Prapis
570 919 620 974 13.
635 917 720 974 siclus
742 937 779 974 na
795 920 958 990 pergameni
984 935 1003 972 u
1026 917 1112 974 sbirci
1136 919 1673 994 110111101110300101011011001011001110,
1698 921 1852 976 ssisedcm
1876 920 1994 991 pedatju

298 1005 416 1076 kaptola
441 1005 654 1078 dubrovadkog.
681 1007 726 1062 Na
749 1007 833 1078 kraju
855 1007 950 1062 listina
972 1007 1055 1076 stoji:
1082 1007 1198 1073 „Habet
1220 1009 1366 1080 ngusina
1389 1009 1510 1065 ecclesia
1534 1009 1895 1082 priuilegia·Romanornm
1922 1025 1997 1078 pcn-

297 1091 404 1148 rifirum
427 1093 574 1150 Benedicti
599 1096 702 1163 octeni,
723 1112 819 1152 unum.
840 1093 972 1167 Gregorii
988 1095 1101 1167 septimi
1124 1113 1220 1150 anum.
1244 1095 1373 1152 Peucolis
1394 1097 1512 1152 secundi
1540 1115 1637 1166 unam,
1661 1096 1766 1154 calixti
1788 1097 1907 1152 secundi
1925 1096 1994 1160 duo.

298 1181 455 1238 Innocentii
479 1184 607 1258 secundi,
643 1201 738 1238 unum.
762 1183 907 1239 Anastasii
929 1185 1030 1255 quarti,
1064 1201 1159 1238 unum.
1184 1184 1337 1240 Alexandri
1371 1185 1460 1255 tercii,
1498 1203 1596 1241 unum.
1627 1185 1738 1242 Vrbani
1770 1185 1860 1254 tercii,
1892 1201 1995 1240 unum.

303 1269 457 1327 Clementis
480 1271 569 1340 tercii,
594 1289 689 1328 unum.
714 1270 845 1342 Gregorii
868 1272 945 1340 noni,
969 1272 1057 1331 (100.1
1087 1273 1257 1330 Bullatium.
1281 1272 1363 1332 dubr.
1388 1280 1437 1331 011.
1467 1276 1495 1332 1.

660 1407 866 1490 xxxlv.
895 1409 1091 1492 111118.
1119 1409 1263 1509 rujuu.
1291 1407 1328 1489 U
1358 1410 1625 1492 Beneventu.

299 1535 440 1595 Kalilrsto
463 1535 513 1594 II.
535 1552 626 1609 papa,
650 1534 756 1595 1101010
780 1531 936 1608 br'slrapom
950 1537 1055 1608 pornje
1074 1535 1241 1608 Dalmacr'p'e
1263 1535 1299 1594 ita·
1315 1534 1423 1612 Dabla,
1446 1536 1487 1595 da
1498 1537 1654 1610 prianadu
1677 1553 1715 1596 aa
1732 1553 1822 1611 sarpa
1838 1537 1995 1612 0111001109

767 1625 887 1698 partire
913 1623 1048 1683 (1110-1010
1077 1625 1271 1697 nadbialsapa
1294 1619 1510 1698 110110υαῦ1109.

442 1739 590 1808 calixtus
615 1745 787 1830 epiecopus
812 1766 925 1809 seruus
950 1765 1117 1809 seruorum
1142 1741 1204 1823 dei,
1237 1740 1386 1806 omnibus
1419 1745 1579 1829 episcopis
1605 1746 1782 1830 superioris
1804 1743 1995 1824 Dalmacie,

295 1868 352 1911 seu
373 1847 512 1932 Diocles,
548 1847 742 1914 salutemet
779 1849 991 1936 apostolicam
1023 1849 1293 1928 benedictionem.
1318 1847 1432 1913 Omnis
1468 1851 1661 1914 ammonicio
1691 1849 1852 1929 salutaris,
1888 1874 1992 1937 quam

296 1953 425 2018 domiuo
449 1955 609 2021 credimus
632 1957 796 2042 aspirante
813 1956 1013 2042 contingere,
1038 1958 1071 2019 in
1096 1954 1278 2020 mercedem
1299 1955 1426 2040 proficit
1451 1957 1619 2020 monitoris
1643 1965 1675 2021 et
1698 1957 1820 2020 moniti.
1846 1955 1889 2022 Ε1
1914 1955 1992 2021 ideo

293 2081 352 2122 nos
376 2060 437 2125 hoc
464 2061 601 2127 libenter
616 2064 800 2148 arripimus,
825 2064 978 2148 quoniam
995 2060 1124 2149 placere
1141 2060 1201 2126 deo
1220 2071 1328 2126 nostro
1348 2084 1411 2126 non
1428 2061 1533 2126 solum
1556 2066 1684 2143 nostris,
1709 2062 1816 2127 sedet
1838 2067 1989 2128 omnium

293 2165 427 2232 fratrum
452 2169 784 2254 consacerdotumque
809 2178 991 2234 nostrorum
1017 2167 1144 2232 actibus
1161 2167 1359 2232 festinamus.
1385 2167 1424 2233 In
1449 2179 1590 2232 nostram
1613 2191 1729 2254 nempe
1752 2173 1891 2234 recurrit
1915 2193 1991 2254 gra·

292 2275 386 2355 ciam,
411 2275 437 2337 si
457 2274 593 2339 ecclesie
618 2277 665 2339 sic
689 2285 852 2360 regantur,
877 2284 911 2338 01
935 2273 1044 2338 001100
1070 2275 1281 2360 querimoniis
1297 2273 1404 2338 aditus
1428 2285 1597 2339 reseretur.
1622 2273 1671 2340 Sit
1687 2277 1795 2362 itaque
1819 2275 1991 2341 dilectioni

223 2417 225 2422 ·
295 2392 412 2462 vestre,
437 2379 554 2446 fratres
579 2380 753 2462 karissimi,
784 2380 888 2445 dulcis
913 2392 945 2446 01
964 2380 1106 2445 iucunda
1130 2383 1310 2466 precepcio,
1346 2403 1442 2468 quam
1476 2381 1561 2445 sedis
1585 2381 1761 2468 apostolice
1792 2385 1991 2448 auctoritate

299 2499 436 2568 seruata,
468 2488 610 2551 caritatis
634 2487 744 2572 gracia
779 2509 909 2551 manere
941 2489 1092 2552 noscatis.
1118 2487 1188 2552 Nec
1224 2488 1317 2551 vobis
1346 2487 1469 2574 aliquid
1493 2490 1572 2552 iuris
1597 2489 1736 2553 credatis
1772 2491 1934 2570 imminui,
1961 2493 1989 2554 si

296 2605 360 2658 tam
378 2594 592 2680 presentibus,
617 2615 713 2680 quam
730 2591 847 2658 futuris
864 2593 961 2659 rebus
978 2591 1126 2674 videatis,
1152 2615 1192 2656 110
1209 2591 1329 2657 illicitis
1348 2594 1651 2679 presumpcionibus
1672 2607 1834 2660 reseretur
1862 2597 1987 2675 aditus,

293 2703 472 2787 precaueri.
507 2699 671 2785 Exigentc
702 2699 763 2765 hcc
787 2723 807 2766 a
829 2699 923 2766 nobis
954 2701 1095 2776 domiuo,
1124 2701 1180 2786 qui
1211 2699 1387 2785 apostolice
1420 2701 1586 2784 dignitatis
1621 2702 1805 2767 beatissimo
1836 2701 1988 2788 apostolo

294 2805 392 2870 Petro
417 2809 588 2888 primatum
612 2828 669 2892 pro
692 2805 767 2872 fidei
791 2829 849 2870 sue
873 2807 1140 2871 remuneracione
1165 2807 1335 2886 commisit,
1368 2805 1584 2870 uniuersalem
1617 2806 1787 2872 ecclesiam
1812 2809 1844 2870 in
1868 2807 1988 2872 funda-

292 2914 392 2976 menti
416 2914 518 2999 ipsius
543 2911 704 2977 soliditate
737 2915 943 2988 constituens,
973 2915 1200 2978 necessitatem
1232 2911 1470 2992 sollicitudinis,
1507 2936 1604 3000 quam
1637 2912 1794 2978 habemus
1825 2914 1986 2996 cumbis,

293 3021 348 3106 qui
372 3019 464 3083 nobis
489 3017 617 3103 collegii
640 3017 781 3083 karitate
804 3021 903 3083 iuncti
927 3033 1011 3101 sunt,
1043 3021 1212 3085 sociamus.
1235 3019 1424 3084 Annuentes
1449 3021 1548 3105 igitur
1573 3020 1788 3106 peticionibus
1811 3019 1984 3086 karissimi

292 3123 352 3188 filii
376 3134 408 3189 et
430 3125 538 3189 fratris
561 3127 663 3190 nostri
680 3123 821 3206 Girardi,
847 3148 944 3212 quem
967 3128 1085 3191 nostris
1103 3137 1269 3213 tamquam
1287 3127 1374 3190 beati
1391 3125 1479 3190 Petri
1504 3128 1653 3191 manibus
1670 3125 1833 3192 Rachusie
1855 3129 1985 3192 ciuitati

291 3231 570 3318 archiepiscopum
592 3255 649 3319 per
672 3232 724 3296 dei
741 3233 879 3318 gratiam
896 3235 1170 3315 consecrabimus,
1195 3241 1228 3297 et
1251 3232 1293 3296 ad
1317 3231 1486 3318 exemplar
1513 3233 1780 3318 predecessorum
1796 3243 1984 3300 nostrorum

294 3338 428 3404 eandem
454 3337 623 3404 ecclesiam
640 3337 804 3426 priuilegii
828 3341 928 3404 nostri
948 3340 1066 3424 pagina
1082 3340 1363 3418 communiuimus,
1391 3348 1586 3403 statuentes:
1611 3349 1646 3403 ut
1670 3362 1782 3403 omnes
1799 3339 1983 3424 parochias,

293 3468 374 3532 quas
390 3447 552 3532 preteritis
576 3446 777 3533 temporibus
801 3447 985 3532 possedisse
1011 3448 1227 3530 cognoscitur,
1252 3443 1357 3510 eidem
1382 3444 1625 3531 archiepiscopo
1651 3449 1758 3533 quiete
1775 3447 1806 3509 in
1836 3445 1984 3510 futurum

299 3561 330 3616 et
353 3553 479 3638 integre
504 3563 744 3618 conseruentur.
767 3552 906 3637 Insuper
921 3550 963 3617 ad
986 3553 1271 3618 conseruacionem
1294 3551 1539 3639 priuilegiorum
1565 3556 1669 3616 vicem
1689 3562 1832 3644 nostram
1849 3553 1879 3616 ei
1896 3575 1985 3617 ccm-

294 3659 441 3722 mieimus
468 3661 500 3722 111
525 3659 645 3723 eisdem
669 3658 891 3724 tantummodo
915 3659 1167 3745 episcopatibus,
1192 3659 1303 3743 quiin
1328 3657 1508 3743 priuilegiie
1532 3659 1599 3720 suis
1621 3657 1789 3742 leguntur;
1827 3658 1985 3724 videlicet

292 3769 326 3830 111
349 3787 449 3850 regno
470 3764 668 3848 Zacholmic,
692 3777 724 3830 et
747 3787 848 3850 regno
873 3763 1019 3846 Seruilia,
1044 3763 1264 3850 Tribuuieque
1286 3785 1394 3847 regno,
1429 3765 1559 3830 ciuitate
1591 3786 1720 3850 quoque
1744 3764 1981 3846 catharinensi,

293 3893 349 3936 eeu
384 3870 479 3947 Rose,
516 3869 717 3936 buduauensi
750 3871 951 3952 Autumnum,
990 3871 1200 3951 liciniatensi,
1237 3871 1456 3943 scodrinensi,
1494 3870 1707 3952 driuastensi,
1744 3883 1775 3936 et
1811 3871 1984 3958 polatensi,

297 4000 370 4042 curu
394 3977 549 4058 abbaciis,
585 3978 731 4044 ecclesiis
755 3989 787 4044 et
818 3977 980 4065 parochiis
1011 4000 1131 4058 earum,
1169 3979 1219 4042 cui
1254 3959 1287 4041 in
1319 3975 1385 4052 bis,
1418 3999 1480 4062 quc
1516 3976 1558 4040 ad
1592 3976 1845 4042 ecclesiasticam
1882 3982 1982 4065 perti-

293 4097 371 4148 nent
393 4084 606 4171 disciplinam,
640 4097 675 4151 01
698 4085 830 4150 dilectio
863 4097 973 4150 vestra
998 4097 1117 4171 pareat,
1150 4083 1370 4148 admonemus.
1397 4081 1469 4146 Non
1493 4085 1579 4146 enim
1614 4095 1679 4146 tam
1704 4083 1981 4169 illi·obtempera-

293 4191 379 4271 bitis,
404 4215 499 4279 quam
524 4192 628 4274 nobis,
664 4195 719 4278 qui
740 4191 802 4256 1100
826 4191 872 4255 1111
898 4215 954 4277 pro
979 4203 1089 4256 nostra
1110 4191 1314 4254 solicitudine
1338 4212 1395 4276 per
1419 4188 1506 4252 illam
1528 4191 1728 4274 prouinciam
1750 4193 1980 4276 cognoscimus

291 4300 502 4363 commisisse.
526 4298 578 4362 Ad
603 4297 763 4385 synodum
787 4301 982 4384 quicumque
1007 4307 1159 4362 00000100
1182 4297 1289 4378 100111,
1314 4307 1470 4377 00001101,
1505 4317 1565 4359 000
1589 4297 1835 4380 congregacioni
1860 4319 1896 4360 se
1922 4297 1981 4360 de·

293 4413 400 4489 neget,
427 4406 459 4468 in
483 4427 547 4490 qua
570 4403 612 4468 ad
636 4403 732 4468 deum
767 4405 964 4490 pertinentes
988 4425 1103 4468 000000
1127 4405 1252 4469 nouerit
1275 4425 1346 4466 esse
1370 4401 1569 4466 tractandas.
1605 4400 1772 4486 Quidquid
1796 4425 1982 4484 causarum,

292 4521 328 4576 ut
351 4510 478 4590 assolet,
515 4513 598 4576 inter
622 4510 871 4575 consacerdotes
897 4512 1051 4591 euenerit,
1077 4512 1155 4589 eius,
1188 4511 1240 4574 cui
1264 4511 1370 4572 vicem
1405 4518 1547 4570 nostram
1572 4509 1801 4590 commisimus,
1834 4511 1980 4574 examini

293 4626 486 4699 reseruetur,
524 4615 638 4681 utillo
665 4615 725 4680 sub
760 4619 876 4681 timore
901 4617 952 4680 dei
977 4613 1106 4702 presule
1130 4617 1233 4680 omnis
1268 4612 1464 4698 ambiguitas
1487 4615 1625 4678 finiatur.
1651 4611 1739 4676 Nihil
1762 4615 1795 4676 in
1820 4616 1901 4697 eius,
1923 4625 1981 4678 aut

295 4734 448 4804 nostram,
473 4733 585 4788 contra
608 4721 678 4804 hec,
701 4745 763 4809 que
780 4725 1020 4804 constituimus,
1046 4731 1249 4809 presumatur
1265 4723 1425 4799 iniuriam,
1450 4721 1519 4783 eius
1541 4719 1634 4784 uobis
1657 4717 1828 4801 relacione,
1852 4721 1980 4808 siquid

294 4829 502 4894 referendum
522 4830 629 4910 fucrit,
654 4830 844 4894 innotescat.
868 4829 918 4894 Ita
950 4831 1035 4892 enim
1059 4851 1118 4892 vos
1147 4829 1187 4891 ad
1212 4827 1297 4891 illius
1330 4830 1379 4890 ius
1403 4828 1564 4910 pertinere
1597 4823 1756 4905 volumus,
1795 4835 1830 4888 ut
1853 4826 1894 4890 ad
1920 4850 1980 4891 vos

294 4947 476 5002 vestrarum
500 4934 712 4999 ecclesiarum
745 4937 906 5020 pertinent
929 4934 1122 5000 sacerdotes.
1147 4933 1212 5016 Qui
1247 4957 1323 5018 ergo
1348 4936 1417 4998 1010
1441 4932 1504 4996 sibi
1527 4931 1636 4996 debito
1661 4935 1706 4995 uti
1732 4934 1875 5018 cupiunt,
1900 4957 1979 5019 apo-

292 5043 404 5108 stolice
429 5042 516 5108 sedis
542 5043 733 5106 auctoritate
757 5063 920 5122 concessa,
956 5063 1013 5126 per
1037 5064 1128 5105 suam
1163 5041 1396 5104 contumaciam
1432 5040 1622 5103 imminuere
1656 5061 1720 5102 non
1756 5041 1908 5103 nitantur.
1934 5039 1979 5104 Ut

294 5172 371 5215 vcro
396 5161 503 5215 vestre
527 5147 693 5212 dilectioni
724 5145 861 5210 ecclesie
885 5147 1050 5213 ordinacio
1077 5169 1134 5210 sue
1159 5147 1354 5232 permittitur
1388 5145 1604 5224 sacerdotum,
1644 5146 1688 5209 ita
1711 5143 1843 5210 fratrem
1867 5157 1900 5210 et
1923 5167 1976 5209 co·

293 5259 480 5341 episcopum
506 5263 653 5320 nostrum
671 5250 845 5316 Girardum
869 5251 909 5316 de
934 5251 1111 5317 ordinando
1128 5253 1270 5316 antistite
1294 5251 1444 5316 volumus
1461 5250 1645 5333 consultari,
1672 5254 1721 5316 001
1747 5233 1974 5338 episcoporum
