4310 5918
18 11 298 209 Γ

1765 443 1835 512 Ἰ39

148 661 223 704 meo
249 637 448 708 Chresimiru
470 665 558 728 rege,
582 652 614 710 et
636 646 706 730 ipse
729 646 890 710 concessit
913 644 996 724 mihi,
1013 644 1099 710 hanc
1122 643 1230 712 lacere
1252 646 1476 715 donacionem.
1510 649 1594 716 Aeta
1617 659 1691 717 sunt
1719 643 1780 717 heo
1802 653 1836 718 in

151 748 287 812 ciuitate
302 747 477 833 Belgrado,
498 772 605 814 coram
623 751 694 837 ipso
712 750 842 816 domino
859 773 930 818 meo
948 749 1146 816 Chresimiro
1162 775 1250 838 rege,
1267 764 1300 817 et
1316 753 1365 818 his
1382 775 1490 820 eoram
1507 757 1663 824 testibus:
1679 757 1837 844 Drugona

150 861 316 934 santonos,
340 856 442 936 testis,
466 854 603 922 Michael
626 858 726 932 testis,
749 855 915 922 Johannes
940 855 1136 944 capellanus,
1153 860 1253 924 testis.
1278 858 1394 947 Etego
1409 855 1602 928 Domiuieus
1620 862 1791 952 presbyter
1807 875 1842 930 et

151 958 335 1024 monachus
360 962 449 1027 iussu
473 961 635 1028 donatoris
659 986 755 1030 manu
779 985 852 1030 mea
877 965 1008 1052 propria
1028 966 1156 1052 scripsi.

365 1160 395 1216 Is
417 1159 538 1234 kstnjeg
559 1162 684 1235 prepisa.
707 1162 735 1222 U
755 1162 823 1236 gub.
846 1163 948 1222 arkiru
969 1120 1146 1227 sadamkom.
1170 1164 1256 1237 Capu.
1280 1165 1304 1224 1.
1329 1165 1426 1226 Masso
1448 1166 1486 1228 Η.
1510 1159 1564 1225 Nr.
1591 1167 1620 1228 'l.

739 1403 932 1488 CLXIII.
959 1403 1050 1487 (llio
1077 1427 1116 1505 g.
1142 1403 1259 1488 1070.

149 1562 259 1624 chro
283 1569 354 1638 opat
376 1569 550 1626 eouwstouo
572 1566 833 1641 beneditts'nekopa
854 1583 898 1630 su.
921 1565 1071 1640 Stjepauu
1092 1583 1115 1627 a
1137 1565 1254 1638 Setina,
1276 1567 1385 1642 danais
1417 1585 1472 1628 sao
1502 1569 1566 1643 sooj
1587 1568 1698 1630 imetuk
1728 1569 1838 1630 morou

905 1676 1090 1734 semestrua.

319 1825 357 1892 In
380 1829 511 1892 nomine
533 1829 656 1893 aeterni
680 1827 733 1894 dei
757 1837 790 1893 et
811 1815 982 1894 saluatoris
1005 1827 1107 1892 nostri
1126 1825 1207 1892 Jesu
1241 1823 1373 1894 Christi.
1404 1826 1477 1912 Ego
1508 1825 1656 1893 Dabrion
1689 1828 1840 1924 indiguus

154 1931 276 2014 abbas,
300 1955 378 2017 egro
403 1955 547 2016 corpore,
573 1943 679 1999 mente
701 1943 809 1999 tamen
830 1933 936 1998 adhuc
960 1955 1048 2008 sana,
1071 1942 1263 2018 vegetoque,
1288 1943 1361 2020 post
1384 1932 1484 1998 multa
1496 1931 1648 2018 pericula,
1664 1943 1697 1998 et
1713 1933 1842 1998 calami-

151 2045 249 2118 tates,
278 2060 361 2124 quas
385 2041 465 2103 meis
489 2039 617 2104 delictis
640 2050 790 2126 acceptas
810 2039 889 2114 fero,
913 2061 986 2104 cum
1010 2038 1089 2104 mibi
1113 2035 1243 2104 tandem
1267 2039 1377 2104 diuina
1401 2039 1623 2104 misericordia
1646 2037 1680 2103 id
1712 2061 1844 2104 conces·

153 2145 245 2225 serit,
273 2145 362 2230 quod
384 2167 588 2232 summopere
612 2157 761 2232 precatus
786 2169 867 2228 sum,
891 2145 987 2212 etde
1011 2145 1145 2210 consilio
1169 2147 1345 2210 amicorum
1362 2167 1444 2208 onus
1468 2144 1509 2208 ad
1526 2145 1702 2230 perniciem
1718 2143 1844 2208 animae

153 2269 251 2314 meae
277 2261 464 2337 susceptum
486 2249 701 2338 deposuerim,
726 2275 828 2339 eaque
851 2252 981 2317 demum
1004 2254 1113 2317 omnia
1146 2251 1346 2338 perfecerIm‚
1378 2272 1461 2336 quae
1493 2249 1593 2314 multo
1626 2259 1722 2314 antea
1758 2247 1844 2312 efflei

156 2358 388 2442 praestarique
411 2361 596 2444 oportebet3
620 2381 706 2424 nuuc
729 2359 808 2424 mihi
831 2369 863 2424 et
885 2359 982 2424 rebus
1007 2361 1086 2422 meis
1108 2357 1278 2442 consulere
1303 2357 1399 2420 statui
1416 2377 1474 2441 pro
1490 2377 1539 2434 eo,
1563 2377 1602 2418 ac
1616 2352 1671 2418 lex
1687 2351 1798 2420 diuina
1813 2361 1846 2420 et

153 2459 273 2545 regula
298 2463 401 2526 sancti
417 2462 585 2528 Benedicti
603 2464 795 2549 praeseribit
811 2467 843 2529 iu
855 2463 917 2528 hoc
931 2465 1088 2530 caenobio
1104 2465 1207 2529 sancti
1220 2461 1384 2550 Stephani,
1398 2463 1482 2526 inter
1498 2462 1589 2526 euius
1606 2461 1754 2524 alumnos
1771 2481 1843 2544 ego,

152 2568 311 2651 quamuis
333 2567 497 2652 indignus,
521 2591 725 2634 annumeror.
750 2571 864 2657 ltaque
888 2593 939 2634 res
964 2593 1075 2634 omnes
1098 2569 1225 2650 abdico,
1246 2589 1329 2654 quae
1347 2565 1399 2631 vel
1415 2575 1544 2630 nostrae
1561 2574 1635 2629 sunt
1650 2563 1702 2629 vel
1717 2576 1865 2629 nostrae·

154 2672 265 2736 videri
293 2685 439 2757 possunt,
463 2673 516 2739 vel
540 2675 633 2740 uobis
658 2679 850 2741 commissae
874 2675 1014 2752 fuerunt,
1036 2697 1181 2763 quasque
1205 2697 1224 2738 a
1248 2673 1425 2738 maloribua
1449 2673 1568 2740 nostris
1591 2671 1714 2758 accepi,
1743 2681 1810 2734 tum
1826 2691 1847 2734 a

155 2775 262 2842 Paulo
283 2777 539 2866 archiepiscopo,
564 2791 631 2844 tum
655 2805 675 2844 a
698 2781 811 2846 Dabra
834 2791 936 2847 matre
961 2803 1032 2846 mea
1055 2780 1220 2867 adoptiua.
1245 2779 1326 2845 Item
1350 2779 1504 2847 renuncio
1528 2775 1684 2846 eeclesiae
1714 2785 1845 2842 sanctae

155 2881 287 2948 Mariae
299 2885 334 2946 in
346 2882 480 2966 Palude,
493 2895 525 2950 et
541 2886 691 2952 omuibus
708 2888 778 2951 eius
793 2886 1036 2974 appendicibus,
1055 2886 1257 2972 caeterisque
1274 2883 1423 2950 omnibus
1438 2881 1546 2966 rebus,
1559 2903 1642 2968 quae
1653 2880 1706 2946 rel
1718 2891 1848 2946 nostrae

156 2988 317 3053 videntur
339 3011 432 3073 esse,
456 2990 508 3056 vel
531 2992 574 3056 ad
597 3013 656 3056 nos
681 2993 928 3080 quoquomodo
952 2994 1125 3079 pertIuent,
1149 2990 1324 3056 mobilibus
1349 2991 1469 3076 pariter
1492 2997 1588 3074 atque
1615 2985 1847 3051 immobilibus.

158 3091 256 3172 Quae
281 3095 391 3159 omnia
407 3095 440 3160 in
456 3097 507 3160 ius
522 3107 779 3186 potestatemque
794 3098 953 3172 transfero
970 3099 1114 3164 eiusdem
1133 3097 1328 3180 monasterii,
1349 3105 1384 3159 ut
1399 3094 1557 3159 arbitratu
1572 3115 1631 3158 suo
1648 3091 1711 3156 illis
1730 3093 1762 3156 in
1778 3114 1849 3178 per·

159 3210 298 3284 potuum
323 3185 441 3283 utatur,
457 3199 615 3284 habendo,
633 3204 836 3290 possidendo.
854 3203 1076 3290 permutando.
1100 3203 1224 3288 Siquis
1243 3223 1320 3266 vero
1336 3211 1519 3266 nostrorum
1535 3200 1847 3284 consangulneorum

160 3304 330 3371 diabolico
350 3307 485 3372 instietu
508 3308 679 3394 impulsus,
702 3309 777 3373 huic
800 3319 929 3374 nostrae
953 3309 1117 3374 donationi
1146 3307 1310 3372 aduersari
1335 3305 1461 3378 audeat,
1497 3303 1602 3370 subsit
1635 3303 1848 3388 indignationi

161 3413 259 3476 unlus
283 3433 323 3476 ac
346 3414 421 3476 trini
445 3411 506 3490 dei,
528 3424 560 3478 et
582 3415 779 3480 anathemati
796 3425 1017 3480 trecentorum
1042 3425 1074 3479 et
1097 3413 1320 3497 duodeuiginti
1345 3420 1528 3475 sanctorum
1553 3419 1692 3495 patrum.

316 3515 404 3581 Huic
428 3518 592 3584 donationi
615 3529 714 3585 testes
737 3519 930 3584 adfuerunt:
954 3517 1150 3585 venerabilis
1169 3517 1363 3582 Laurentius
1380 3514 1653 3600 archiepiscopus,
1669 3511 1850 3598 Gregorius

163 3625 350 3710 epiecopus,
375 3622 525 3688 dominus
550 3623 745 3691 Benedictus
769 3625 881 3707 abbas,
905 3625 1020 3691 Petrus
1036 3623 1292 3705 archidiaconus,
1310 3622 1459 3685 domiuus
1476 3619 1561 3683 Urso
1577 3616 1689 3700 abbas,
1707 3617 1851 3682 Joannes

162 3727 366 3810 sacellarius,
391 3727 506 3794 Petrus
530 3731 721 3818 praesbyter
744 3743 776 3796 et
802 3732 976 3798 cardinalis
996 3731 1052 3820 (I),
1082 3731 1170 3817 prior
1201 3727 1412 3814 traguriensis
1438 3725 1586 3790 dominus
1610 3724 1726 3788 Petrus
1750 3721 1851 3802 Bella,

162 3833 312 3898 loannes
336 3835 537 3920 praesbyter,
562 3847 594 3899 et
618 3837 766 3902 dominus
791 3839 905 3904 Petrus
926 3837 1078 3904 decanus.
1785 3839 1786 3846 ἵ

319 3938 391 4024 Ego
413 3963 492 4006 vero
516 3939 706 4008 Theodorus
729 3946 921 4034 praesbyter
945 3945 1060 4030 scripsi
1083 3955 1116 4008 et
1135 3945 1227 4008 testis
1250 3939 1351 4004 adfui.
1444 3956 1448 3963 ·

320 4139 431 4198 Listina
454 4159 508 4196 cra
530 4143 690 4212 prevcdena
710 4145 742 4213 je
764 4145 789 4198 iz
812 4144 1005 4214 talijauskcga
1026 4141 1152 4212 prevoda
1174 4158 1212 4195 ne
1235 4137 1350 4194 latiuski
1373 4153 1410 4206 po
1437 4135 1562 4202 Parlatu,
1584 4135 1630 4203 koj
1650 4135 1684 4203 ju
1707 4133 1791 4202 uadje
1832 4149 1850 4185 u

167 4233 335 4282 samostanu
358 4247 401 4286 av.
425 4229 562 4300 Stjepaua
584 4231 721 4300 dePInia
742 4249 760 4286 u
784 4233 902 4304 Splietu.
926 4231 1043 4297 Ferlati,
1066 4230 1212 4303 Illyricum
1234 4244 1344 4282 sacrum
1371 4223 1482 4282 T.'Ill.
1507 4232 1557 4280 str.
1584 4223 1655 4276 153.

644 4435 646 4440 ’
758 4451 943 4536 ccxlv.
971 4407 1067 4534 ouo
1088 4473 1126 4550 g.
1153 4402 1257 4531 roro

331 4617 401 4674 Isau
423 4619 529 4690 djakon
552 4620 671 4692 prodaje
694 4621 774 4691 aroju
797 4619 898 4689 remlju
921 4635 940 4672 n
963 4615 1103 4686 Obrovcu,
1126 4619 1289 4670 samoetanu
1314 4629 1353 4666 su.
1378 4608 1528 4664 Krlevana
1549 4623 1568 4660 u
1591 4605 1696 4660 Zadru.

322 4785 395 4872 Ego
418 4787 584 4854 Johannes
602 4789 767 4867 diaconus,
785 4787 885 4852 frater
900 4785 1031 4850 Dimitri
1048 4783 1239 4870 presbyteri,
1255 4779 1312 4844 tibi
1330 4777 1461 4842 domino
1485 4773 1580 4838 Petro
1603 4771 1714 4838 abbati
1742 4771 1845 4834 sancti

175 4889 363 4978 Grisogoni,
385 4893 426 4957 ad
451 4915 532 4980 opus
555 4907 683 4960 tuorum
708 4893 854 4973 fratrum,
877 4891 1007 4956 vendIdi
1032 4901 1149 4953 terram
1173 4889 1205 4948 in
1231 4886 1301 4949 loco
1332 4883 1387 4968 qui
1423 4890 1557 4944 vocatur
1589 4877 1763 4956 Obrouizo,
1799 4897 1856 4960 pro

173 5021 233 5064 sex
269 4999 392 5064 solidos
422 5023 547 5078 aureos,
578 5004 797 5066 continentem
830 4999 965 5063 sementi
997 4995 1106 5060 modia
1136 5015 1238 5078 usque
1258 4991 1372 5076 viginti
1406 4997 1552 5072 quatuor,
1586 5007 1649 5070 que
1681 4990 1730 5047 est
1763 4981 1856 5043 iuxta

176 5114 293 5170 terram
319 5109 420 5170 vestri
443 5106 581 5187 cenobii,
603 5107 667 5172 hoc
690 5107 821 5193 quidem
845 5117 973 5168 tenore:
995 5114 1030 5166 ut
1054 5103 1079 5164 si
1102 5099 1219 5185 aliquIs
1245 5115 1386 5160 meorum
1420 5091 1470 5156 vel
1503 5102 1731 5156 extraneorum
1763 5082 1856 5148 vobis

177 5213 260 5278 bane
283 5225 403 5279 terram
423 5183 629 5277 me⁰viuente
653 5209 843 5277 subtrahere
866 5209 1012 5289 voluerit,
1036 5228 1100 5290 ego.
1121 5227 1171 5268 me
1192 5213 1386 5288 anteponam
1411 5197 1498 5260 illam
1528 5193 1568 5258 ad
1600 5189 1856 5256 deffendendum.

175 5329 322 5410 Quodsi
347 5349 418 5392 eam
442 5321 628 5389 deffendere
652 5321 837 5404 nequiuero,
863 5317 1011 5402 promitto
1037 5323 1086 5376 me
1111 5321 1253 5374 vestrum
1279 5305 1375 5370 vobis
1392 5301 1538 5384 reddere,
1556 5299 1616 5362 nisi
1634 5305 1744 5360 vestra
1760 5291 1857 5358 michi
