4276 5934
320 388 386 455 200

319 584 450 647 sitiones
474 583 565 666 regni
589 585 638 647 sui
655 583 730 648 licet
753 633 952 650 .......
977 594 1009 649 et
1032 585 1219 670 disponere;
1244 583 1318 650 hinc
1341 583 1498 668 estquod
1523 605 1581 646 nos
1608 581 1801 646 Dalmatiam
1821 581 1990 670 perambu-

318 685 429 768 lantes,
454 689 635 752 inuenimns
661 690 881 774 episcopatum
907 689 1099 775 pharensem
1122 713 1180 754 suo
1207 699 1333 773 pastore
1355 697 1535 754 vacantem.
1562 687 1610 750 Ne
1644 689 1744 771 igitur
1766 689 1828 751 iuri
1860 685 1991 752 ecclesi·

318 791 419 855 astice
448 793 480 854 in
501 791 609 877 aliquo
646 793 864 876 derogaretur,
890 794 1036 878 diligenti
1074 797 1292 880 inquisitione,
1330 797 1382 858 cui
1420 793 1716 879 archiepiscopatui
1753 793 1994 875 suffraganatus

318 896 508 976 subiaceret,
530 896 686 962 relatione
710 921 787 962 vero
813 898 973 962 Dalmatio
999 901 1233 986 episcoporum,
1258 911 1289 964 et
1309 901 1534 963 uniuersorum
1561 897 1777 962 Chroatorum
1811 898 1993 982 principum

318 1003 531 1086 percepimus,
557 1001 643 1087 quod
668 1025 711 1065 ex
734 1004 865 1087 antiqua
890 1007 1117 1068 constitutione
1147 1005 1206 1068 sub
1241 1003 1416 1089 spalatensi
1449 1003 1729 1088 archiepiscopatu
1764 1002 1890 1066 fuisset.
1927 1001 1994 1066 Nos

320 1129 396 1171 vero
422 1107 569 1172 relationi
595 1131 704 1172 eorum
730 1115 942 1183 attendentes,
970 1119 1172 1194 pretaxaturu
1197 1111 1509 1195 archiepiscopatum
1541 1107 1672 1172 cuidam
1697 1108 1870 1193 spalatensi
1901 1128 1993 1170 cano-

319 1213 391 1276 nico
415 1214 458 1278 M.
484 1215 687 1292 contulimus,
718 1237 756 1277 ac
789 1215 924 1278 eundern
958 1219 1175 1301 episcopatum
1211 1216 1385 1301 spalatensi
1416 1213 1553 1278 ecclesie
1584 1213 1857 1278 confirmauimus.
1887 1210 1993 1274 Huius

318 1325 424 1380 autem
449 1321 686 1382 constitutionis
711 1321 829 1404 pagina
852 1323 1033 1384 testimonio
1058 1323 1191 1385 istorum
1216 1320 1301 1384 facta
1326 1332 1392 1383 est:
1417 1320 1550 1384 Andrea
1570 1320 1663 1400 bauo,
1684 1319 1801 1383 comite
1817 1315 1992 1395 Macharia,

318 1425 434 1486 comite
457 1423 590 1508 Josepb,
615 1427 730 1488 comite
755 1425 876 1504 Marco,
901 1428 1017 1490 comite
1041 1427 1230 1490 Andronico
1254 1425 1320 1489 filio
1346 1425 1432 1506 bani,
1457 1426 1634 1488 camerario
1658 1423 1749 1486 ducis
1777 1420 1990 1502 Venceslauo,

319 1530 481 1613 preposito
520 1527 687 1610 Gutfrcdo,
727 1530 882 1613 Magistro
923 1531 1104 1596 theobaldo.
1141 1532 1258 1594 Datum
1298 1553 1354 1615 per
1389 1553 1502 1595 manus
1537 1529 1623 1592 Petri
1659 1527 1715 1592 filii
1760 1526 1862 1590 Milke
1898 1524 1988 1588 ducis

319 1632 393 1696 aule
417 1637 552 1700 notario.

466 1763 571 1817 Lucius
592 1763 636 1818 De
659 1765 756 1837 Regno
773 1766 866 1823 Dalm.
883 1773 912 1820 et
927 1766 1013 1822 Croat
1040 1768 1076 1820 Le
1090 1767 1141 1823 ΙΙΙ.
1160 1766 1228 1837 Cap.
1246 1766 1326 1822 XIII.
1344 1765 1449 1820 Farlati
1468 1764 1519 1822 111.
1536 1770 1585 1819 str.
1606 1763 1676 1818 228.
1694 1762 1730 1818 Τ.
1748 1761 1797 1815 lV.
1812 1769 1863 1817 stt.
1881 1757 1952 1816 245.

754 2056 946 2138 uuhxv.
975 2057 1325 2157 saugonnae.
1357 2057 1391 2138 U
1420 2057 1563 2138 Rimu.

321 2216 477 2275 lnorcncto
500 2217 569 2276 ΙΙΙ.
592 2236 683 2294 papa,
708 2219 812 2278 calade
844 2219 1034 2292 nudbistupu
1066 2220 1243 2288 butolicum,
1274 2221 1314 2276 du
1343 2220 1489 2277 mottastir
1523 2235 1544 2275 u
1566 2217 1733 2284 Kameniui,
1764 2215 1809 2273 sto
1843 2231 1882 2286 pc
1916 2211 1990 2284 tjete

643 2325 790 2397 utemeijio
813 2326 954 2396 qu'eooda
977 2325 1079 2402 Belus,
1104 2327 1131 2384 is
1155 2343 1231 2383 nova
1253 2343 1273 2382 u
1295 2325 1383 2382 dobro
1406 2325 1504 2396 stanjc
1522 2323 1655 2395 postas-t.

477 2459 647 2525 Colocensi
671 2461 924 2546 archiepiscopo.
949 2499 992 2508 -
1015 2461 1068 2524 Ad
1099 2462 1294 2524 audientiam
1328 2468 1467 2523 nostram
1504 2459 1633 2522 noueris
1671 2455 1867 2540 peruenisse,
1904 2449 1990 2536 quod

318 2565 427 2630 inclite
448 2555 682 2630 'recordationis
707 2568 775 2630 dux
800 2566 898 2630 Belus
924 2565 1000 2630 olim
1021 2570 1052 2630 in
1077 2566 1356 2650 archiepiscopatu
1379 2576 1442 2644 tuo,
1468 2567 1500 2627 in
1535 2564 1664 2648 proprio
1696 2559 1794 2624 fondo
1830 2577 1900 2638 suc,
1935 2556 1989 2640 qui

316 2670 496 2756 appellatur
520 2670 602 2752 Ksu,
629 2675 857 2736 monasterium
881 2675 912 2734 in
938 2673 1204 2758 prothomartyris
1229 2670 1385 2755 Stephani
1424 2669 1543 2732 honore
1573 2668 1766 2747 construxit,
1799 2665 1880 2728 adeo
1912 2659 1991 2724 illud

318 2775 434 2862 amplis
460 2775 729 2861 possessionibus,
750 2778 970 2862 reditibusque
994 2777 1116 2858 ditauit,
1142 2777 1226 2863 quod
1252 2775 1353 2838 XXX
1376 2773 1524 2838 monachi
1548 2777 1581 2838 in
1613 2796 1661 2852 eo,
1693 2771 1869 2836 secundum
1903 2767 1987 2832 beati

319 2880 486 2944 Benedicti
510 2881 656 2965 regulam
680 2883 809 2946 domino
831 2887 1018 2964 scrutantes,
1041 2886 1305 2947 sustentationem
1327 2879 1525 2944 sufficienter
1548 2877 1721 2957 habebant,
1746 2887 1779 2939 et
1795 2875 1939 2958 hospites
1963 2881 1993 2934 et

319 3007 476 3069 pauperes
499 2986 541 3049 ud
565 2987 671 3071 ipsum
697 2990 927 3050 monasterium
960 2987 1167 3066 diuertentes,
1197 2989 1456 3072 procurationem
1491 2983 1691 3070 recipiebant
1725 2981 1765 3046 de
1800 2978 1991 3044 necessariis

317 3099 570 3174 competentem3
595 3092 848 3175 quadringentas
869 3095 964 3156 etiarn
989 3116 1114 3156 marcas
1139 3097 1273 3177 argenti,
1298 3103 1406 3177 preter
1430 3113 1543 3156 cruces
1567 3101 1598 3154 et
1611 3088 1738 3168 calices,
1756 3087 1841 3150 idem
1864 3081 1990 3162 nobilis,

319 3195 422 3259 eidem
448 3196 517 3260 loco
542 3197 582 3260 ad
608 3198 709 3280 ipsius
734 3197 870 3262 ecclesie
895 3201 1056 3262 concessit
1079 3209 1236 3264 ornatum.
1262 3198 1436 3284 Quumque
1460 3207 1532 3282 post
1557 3195 1658 3258 multa
1681 3205 1827 3280 tempora
1855 3189 1991 3276 predicti

318 3299 433 3363 fratres
458 3322 548 3364 suum
575 3300 693 3366 ibidem
720 3300 953 3388 impendissent
975 3303 1105 3366 domino
1129 3303 1329 3382 famulatum,
1355 3303 1484 3367 tandem
1508 3301 1548 3365 de
1573 3300 1738 3365 voluntate
1773 3299 1872 3382 regia,
1907 3295 1988 3360 bone

318 3406 472 3468 memorie
495 3405 536 3469 A.
562 3405 790 3490 predecessore
814 3417 877 3488 tuo,
903 3431 995 3472 suum
1021 3411 1052 3471 iu
1079 3419 1168 3494 parte
1193 3409 1348 3493 prebente
1372 3429 1575 3486 consensum,
1593 3407 1758 3468 canonicis
1775 3412 1886 3466 sancte
1903 3399 1990 3462 Abre

318 3509 358 3573 de
382 3508 466 3572 valle
488 3509 598 3572 Ebron
623 3509 708 3574 idem
733 3512 903 3576 cenobium
928 3523 977 3576 est
1001 3513 1162 3590 collatum,
1189 3513 1241 3576 tali
1267 3512 1451 3576 conditione
1474 3512 1631 3597 apposita,
1656 3508 1818 3587 videlicet,
1850 3508 1878 3569 si
1906 3503 1990 3568 sedis

318 3616 493 3700 apostolice
518 3615 693 3679 moderatio
718 3617 960 3681 translationem
978 3618 1159 3698 huiusmodi
1184 3617 1379 3703 approbaret
1401 3627 1432 3681 et
1455 3618 1588 3680 duceret
1611 3613 1843 3680 sustinendam.
1870 3610 1988 3674 Verum

318 3721 394 3784 dicti
419 3724 578 3801 canonici,
604 3721 770 3785 monachis
795 3727 1024 3807 prenominatis
1046 3724 1197 3804 exclusis,
1220 3727 1411 3788 auctoritate
1434 3721 1615 3807 apostolica
1645 3719 1827 3784 nullatenus
1862 3737 1989 3800 compa·

316 3835 418 3906 rente,
443 3829 671 3890 monasterium
697 3830 801 3912 ipsum
828 3831 994 3906 intrarunt,
1018 3852 1075 3913 per
1097 3851 1232 3913 quorum
1266 3828 1576 3892 administrationem
1609 3823 1756 3890 inutilem
1791 3821 1873 3886 adeo
1907 3821 1989 3884 bona

316 3932 461 3995 eiusdem
485 3934 611 3996 cenobii
636 3932 813 4017 dilapidata
837 3944 1020 4012 noscuntur,
1039 3937 1322 4020 possessionesque
1340 3935 1503 4013 distracto,
1528 3933 1614 4019 quod
1638 3936 1743 4018 ipsum
1762 3929 1986 3994 monasterium

317 4047 448 4123 propter
471 4040 603 4103 nimiam
629 4049 849 4124 paupertatem
875 4039 1022 4104 deserere
1047 4051 1122 4105 suut
1145 4042 1258 4122 coacti,
1283 4041 1341 4104 vix
1365 4042 1395 4102 in
1420 4062 1458 4102 eo
1483 4039 1587 4103 tribus
1609 4036 1713 4101 solum
1730 4032 1986 4112 remanentibus,

318 4144 372 4226 qui
396 4165 468 4206 cum
491 4143 608 4207 rubore
632 4153 663 4206 et
686 4145 883 4208 verecundia
908 4145 1006 4209 multa
1029 4148 1063 4209 in
1088 4169 1135 4226 eo,
1158 4148 1242 4210 sicut
1266 4145 1393 4224 dicitur,
1425 4151 1674 4209 commorantur.
1706 4141 1792 4221 Quia
1825 4139 1923 4222 igitur
1948 4137 1986 4200 de

317 4249 419 4330 ipsius
445 4270 598 4332 processu
622 4251 742 4332 negotii
768 4248 860 4312 nobis
885 4250 979 4336 plene
1004 4275 1065 4314 non
1091 4254 1243 4331 constitit,
1267 4251 1452 4314 discretioni
1479 4258 1541 4330 tue,
1564 4247 1603 4311 de
1636 4269 1701 4332 qua
1734 4245 1826 4332 plene
1859 4242 1986 4307 confidi·

319 4375 399 4434 mus,
424 4353 524 4436 ipsius
549 4355 732 4417 monasterii
758 4353 991 4420 ordinationem
1016 4359 1208 4421 auctorita‘e
1232 4358 1428 4441 presentium
1453 4355 1685 4432 commitantes,
1711 4350 1904 4416 fraternitati
1935 4359 1986 4412 tue

318 4479 375 4541 per
397 4456 575 4541 apostolica
598 4461 718 4543 scripta
743 4459 940 4539 mandamus,
966 4475 1123 4548 quatenus
1148 4462 1291 4525 eiusdem
1316 4461 1441 4524 cenobii
1459 4461 1595 4522 utilitate
1613 4468 1754 4543 pensata,
1772 4455 1875 4519 solum
1894 4453 1987 4516 deum

317 4584 374 4648 pre
398 4561 500 4626 oculis
523 4561 656 4645 habens,
679 4564 835 4648 quidquid
861 4565 900 4628 de
924 4568 1026 4650 ipsius
1050 4569 1258 4647 institutione,
1283 4567 1352 4630 siue
1376 4565 1416 4629 de
1441 4565 1632 4628 reducendis
1665 4560 1829 4626 monachis
1860 4563 1891 4623 in
1925 4579 1985 4621 mo-

318 4669 491 4732 nasterium
515 4669 631 4753 ipsum,
655 4691 712 4732 ssu
735 4668 935 4734 dimittendis
958 4673 990 4735 in
1016 4695 1053 4736 eo
1078 4673 1241 4736 canonicis
1267 4674 1437 4734 nominatis
1461 4663 1637 4734 secundum
1661 4667 1757 4732 deum
1782 4665 1902 4729 videris
1925 4671 1984 4727 stu·

320 4771 483 4853 tuendum,
509 4776 698 4838 auctoritate
723 4789 840 4856 nostra,
866 4778 935 4840 sine
959 4779 1045 4840 omni
1069 4777 1329 4856 contradictione,
1355 4785 1387 4840 et
1409 4775 1624 4860 appellatione
1648 4771 1806 4848 obstante,
1824 4771 1985 4832 instituere

318 4901 381 4941 non
404 4879 611 4960 intermittas;
635 4881 679 4942 ita
703 4881 788 4964 quod
814 4881 897 4943 idem
924 4883 1151 4966 monasterium
1177 4883 1208 4944 iu
1235 4881 1398 4944 meliorem
1423 4893 1539 4944 statum
1565 4879 1674 4963 possit,
1698 4887 1753 4940 tua
1775 4872 1986 4938 sollicitudine

317 4983 465 5064 iaciente,
489 4983 609 5063 reduci,
633 4995 664 5048 et
689 5007 745 5049 nos
765 5007 863 5069 quum
889 4986 1095 5066 audierimus,
1121 4988 1354 5072 prouidentiam
1377 4998 1463 5050 tuam
1488 4987 1663 5050 debeamus
1685 4982 1792 5066 dignis
1812 4983 1845 5044 in
1861 4980 1985 5043 domino

318 5088 465 5154 laudibus
485 5089 720 5154 commendare.
746 5091 867 5155 Datum
891 5092 1003 5158 Rome.

466 5219 589 5276 Katona.
613 5220 687 5280 Hist.
715 5239 753 5276 cr.
776 5221 810 5277 R.
834 5221 927 5293 Hung.
952 5223 986 5280 Τ.
1011 5223 1061 5279 tv.
1085 5241 1114 5292 p.
1139 5222 1211 5276 512.

2109 505 2111 536 l

2109 569 2111 598 l
