4276 5934
115 650 221 734 ipsum
244 650 277 713 in
301 641 349 731 eo,
374 651 406 713 in
430 671 494 736 quo
516 671 601 714 nunc
626 657 684 730 est,
709 657 797 713 statu
820 650 889 712 sine
913 648 1118 712 contentione
1143 670 1272 712 manere
1297 650 1454 735 permisit.
1480 647 1592 737 In(de)
1607 649 1794 718 discretioni

115 765 225 819 vestre
248 777 306 840 per
329 754 507 841 apostolica
530 757 652 841 scripta
674 753 875 837 mandamus,
902 763 1071 840 quatenus,
1094 775 1167 818 cum
1192 753 1305 819 eadem
1328 753 1488 820 iadertina
1527 756 1666 821 ecclesia
1699 757 1796 822 fuerit
1885 783 1886 786 ¹
1929 779 1932 786 ‘
2026 749 2108 768 '¹

115 859 274 942 ordinata,
298 883 369 925 cum
397 861 523 924 nunciis
549 863 649 946 partis
673 861 821 941 aduersa,
846 859 888 926 ad
912 871 1055 924 nostram
1081 862 1277 944 presentiam
1301 860 1473 941 accedatis,
1497 870 1639 926 vestram
1662 886 1720 949 per
1736 885 1795 930 noa

115 967 280 1031 iustitiam.
297 968 474 1032 auxiliante
498 967 558 1032 deo
581 970 751 1054 recepturi.
775 967 885 1032 Parati
910 969 994 1032 enim
1018 989 1129 1032 sumus
1154 977 1186 1030 ot
1208 967 1242 1030 in
1265 965 1327 1031 boc
1347 977 1378 1032 et
1403 969 1436 1032 in
1455 967 1528 1031 aliis
1545 965 1660 1032 honori
1678 991 1717 1033 ac
1735 972 1795 1034 uri·

115 1070 197 1136 litati
220 1071 354 1137 ecclesie
380 1083 496 1152 vestre,
519 1083 673 1158 quantum
698 1074 877 1138 secundum
901 1073 1067 1138 dominum
1090 1075 1261 1160 possimus,
1284 1074 1465 1160 prouidere.
1489 1073 1655 1140 Nolumus
1686 1083 1793 1140 autem

114 1186 149 1242 ut
173 1180 363 1266 rescriptum
389 1179 520 1266 aliquod
546 1182 606 1244 iuri
631 1189 738 1245 vestro
763 1181 976 1267 preiudicium
1012 1181 1123 1262 iaciat,
1151 1204 1170 1243 a
1201 1179 1277 1246 sede
1311 1179 1490 1268 apostolica
1523 1182 1665 1264 ,veritate
1699 1183 1796 1246 tacita

115 1285 334 1371 impetratum.
357 1285 478 1350 Datum
502 1284 630 1350 Verona
654 1286 686 1352 ΙΙ
709 1285 782 1350 idus
805 1287 997 1352 decembris.

266 1484 384 1544 Farleti.
408 1484 487 1560 Illyr.
511 1484 588 1543 Sacr.
611 1485 693 1544 Tum.
717 1485 765 1542 IV.
790 1502 855 1562 pag.
880 1485 952 1546 245.

501 1781 710 1866 CCXCi'I.
741 1783 848 1866 1186.
879 1785 952 1884 ms.
980 1781 1178 1864 studens.
1206 1780 1241 1862 U
1270 1781 1409 1866 Krku

115 1960 195 2019 Ioon
219 1962 326 2035 bistrup
348 1963 432 2023 croti
454 1962 562 2037 doratio
585 1961 777 2022 mletotkomu
799 1967 974 2021 snmoetonu
996 1961 1045 2021 So.
1073 1957 1268 2039 inrs'p'ono,¹
1289 1963 1375 2034 euoju
1396 1963 1489 2022 ortua
1513 1980 1555 2022 so.
1572 1963 1682 2030 Iouna,
1699 1939 1794 2022 ledeia
1871 1987 1873 1992 ·

710 2068 769 2127 hod
785 2068 907 2142 porujit
929 2067 1038 2126 orotcis
1058 2083 1079 2124 u
1102 2067 1202 2127 Kriou.

264 2222 303 2286 In
328 2222 456 2288 nomine
479 2221 602 2286 domini
627 2223 727 2287 nostri
751 2221 830 2288 Jesn
855 2219 985 2294 Christi,
1007 2242 1091 2286 anno
1122 2219 1244 2284 domini
1276 2218 1447 2286 millesimo
1480 2222 1657 2286 centesimo
1687 2229 1794 2285 octua·
1850 2291 1851 2296 η

113 2327 240 2410 gesimo
270 2336 374 2409 sexto,
400 2331 519 2392 mensis
542 2327 737 2408 nouembris,
763 2326 937 2403 indictione
961 2335 1085 2411 quarta.
1110 2323 1206 2403 Quod
1230 2325 1428 2404 conceditur,
1453 2347 1493 2389 ne
1525 2325 1607 2391 forte
1638 2325 1793 2391 obliuioni

110 2431 267 2512 tradetur,
297 2455 339 2497 ex
348 2433 437 2518 pedit
460 2443 496 2497 ut
518 2435 675 2519 scripture
708 2431 837 2497 vinculo
873 2431 1089 2498 confirmetur.
1124 2427 1331 2517 Quapropter
1365 2453 1424 2515 ego
1460 2430 1592 2517 quidem
1627 2431 1794 2497 Johannes

111 2535 277 2621 veglensis
302 2537 440 2603 ecclesie
465 2541 647 2624 episcopus,
673 2561 729 2624 pro
752 2539 861 2602 diuino
886 2559 996 2602 amore
1019 2546 1051 2601 et
1071 2536 1216 2601 remedio
1239 2539 1347 2602 anime
1371 2559 1451 2618 mee,
1470 2548 1501 2601 et
1517 2537 1617 2622 patris
1635 2547 1667 2602 et
1683 2539 1795 2602 matris
1836 2579 1838 2584 ·

95 2665 197 2725 -mee,
222 2641 275 2708 vel
300 2653 467 2730 parentum
492 2667 647 2725 meorum,
672 2645 713 2709 ab
730 2642 885 2708 hodierno
908 2645 960 2706 die
983 2644 1017 2706 in
1039 2651 1144 2724 antea,
1170 2641 1221 2726 do,
1246 2642 1388 2708 concedo
1413 2651 1446 2708 et
1477 2643 1577 2708 offero
1609 2645 1669 2708 deo
1701 2651 1733 2708 et
1767 2667 1793 2710 s.

111 2745 300 2830 Benedicto,
324 2759 357 2813 et
379 2751 575 2814 monasterio
599 2751 703 2814 sancti
728 2747 883 2836 Cypriani
907 2748 948 2816 de
970 2746 1126 2830 Venetiis,
1157 2747 1311 2814 videlicet
1341 2771 1438 2814 unam
1470 2771 1575 2814 meam
1610 2749 1793 2830 ecclesiam,

113 2875 179 2938 que
204 2863 254 2918 est
277 2863 465 2920 consecrata
488 2855 528 2919 ad
553 2853 708 2921 bonorem
733 2857 784 2918 dei
808 2865 840 2920 et
865 2855 948 2919 beati
971 2852 1131 2919 Johannis
1157 2854 1305 2942 baptiste,
1329 2852 1513 2922 ¹secundum
1539 2855 1625 2942 quod
1658 2866 1707 2921 est
1738 2878 1792 2942 po·

115 2961 180 3024 sita
203 2982 304 3046 prope
328 2969 451 3047 portem
477 2961 662 3047 supradicte
685 2963 834 3043 ciuitatis,
858 2964 891 3025 in
915 2960 986 3025 loco
1010 2961 1065 3048 qui
1096 2967 1230 3024 vocatur
1263 2959 1363 3026 Porta
1397 2983 1491 3046 suso;
1528 2959 1682 3026 videlicet
1719 2983 1792 3026 cum

113 3075 184 3129 tota
207 3088 267 3130 sua
290 3068 386 3132 vinee
409 3076 441 3131 et
465 3077 546 3148 orto,
569 3075 692 3132 etcum
716 3067 866 3131 omnibus
891 3069 956 3130 suis
980 3065 1142 3131 habentiis
1166 3074 1198 3130 et
1221 3067 1433 3151 pertinentiis,
1458 3089 1522 3152 que
1538 3066 1660 3132 ibidem
1676 3067 1793 3131 adesse

112 3170 276 3235 videntur.
300 3171 345 3236 Et
368 3171 545 3238 secundum
572 3171 658 3260 quod
682 3197 701 3237 a
726 3196 776 3236 me
800 3170 998 3258 usquemodo
1022 3170 1188 3236 dominata
1212 3179 1244 3235 et
1267 3193 1418 3260 possessa
1442 3170 1513 3255 fuit,
1540 3173 1586 3236 ita
1617 3171 1733 3236 amodo
1758 3173 1792 3236 in

109 3286 207 3341 antea
229 3277 452 3364 plenissimam
476 3281 628 3344 virtutem
653 3287 685 3342 et
708 3287 898 3364 potestatem
916 3279 948 3342 in
965 3276 1119 3342 iratribus
1137 3276 1278 3342 eiusdem
1297 3277 1483 3342 monasterii
1501 3279 1603 3341 sancti
1625 3275 1792 3363 Cypriani,

115 3379 269 3466 habendi,
292 3383 433 3466 tenendi,
459 3393 491 3448 et
513 3386 557 3448 in.
570 3391 761 3470 perpetuum
782 3380 979 3468 possidendi,
1003 3393 1035 3446 et
1058 3381 1204 3446 diuinum
1221 3381 1365 3447 officium
1382 3383 1532 3448 diurnum
1552 3393 1583 3448 ot
1599 3392 1792 3447 nocturnum

110 3487 155 3552 ibi
179 3488 375 3555 faciendum.
396 3491 533 3576 Insuper
557 3500 664 3555 autem
690 3487 824 3554 absoluo
849 3511 919 3552 eam
943 3489 985 3553 ab
1009 3489 1098 3553 omni
1121 3489 1321 3554 subiectione
1338 3489 1523 3575 episcopali,
1542 3497 1688 3576 excepto,
1705 3488 1791 3576 quod

110 3593 144 3656 in
169 3595 257 3658 omni
280 3618 365 3661 anno
392 3596 557 3682 persoluat
579 3595 716 3660 ecclesie
741 3604 851 3660 sancte
876 3594 979 3658 Maris
1004 3603 1148 3658 nostrum
1172 3595 1371 3681 episcopium
1394 3594 1510 3660 libram
1536 3617 1633 3658 unam
1658 3595 1791 3659 incensi.

111 3697 271 3764 Similiter
291 3711 397 3764 autem
423 3701 464 3766 do
488 3691 529 3765 ad
554 3701 730 3788 predictam
756 3700 926 3766 ecclesiam
950 3703 1052 3765 sancti
1073 3698 1241 3782 Johannis,
1258 3700 1353 3765 aliam
1371 3723 1475 3766 meam
1492 3701 1638 3784 vineam,
1655 3702 1791 3787 positam

109 3805 141 3866 in
162 3803 234 3869 loco
258 3807 313 3890 qui
332 3805 450 3871 dicitur
466 3805 611 3871 Oeroclo.
636 3806 680 3872 Et
695 3809 827 3892 insuper
851 3805 891 3871 do
916 3807 945 3869 ei
967 3815 1088 3870 tantam
1112 3815 1240 3890 terram,
1265 3815 1421 3892 quantum
1445 3805 1595 3871 laborare
1612 3809 1715 3892 possit
1730 3807 1793 3870 tria

110 3911 202 3995 paria
225 3907 336 3994 boum,
356 3933 418 3997 que
441 3922 527 3976 terra
551 3923 600 3977 est
623 3915 740 4000 partim
763 3914 796 3976 in
821 3911 892 3976 loco
916 3913 971 3998 qui
997 3910 1114 3976 dicitur
1136 3910 1290 3996 Berguto,
1309 3913 1425 3997 partim
1452 3911 1493 3976 ad
1511 3911 1624 3976 lacum
1640 3911 1681 3976 de
1699 3905 1792 3976 Cam·

111 4016 170 4098 pis,
196 4024 229 4078 et
251 4018 348 4080 etiam
373 4027 440 4082 tota
463 4017 615 4083 animalia
638 4041 701 4105 quc
726 4017 766 4081 ad
792 4016 927 4082 eandem
951 4015 1123 4081 ecclesiam
1155 4019 1327 4102 pertinent.
1359 4015 1603 4100 Verumtamen,
1638 4025 1670 4082 et
1701 4018 1727 4081 si
1758 4018 1792 4080 in

109 4119 220 4208 aliquo
245 4131 388 4208 tempore
412 4147 484 4189 mee
508 4127 574 4189 vite
600 4125 697 4189 fuerit
721 4147 792 4189 mea
816 4123 963 4188 voluntas
988 4123 1139 4188 veniendi
1163 4133 1195 4188 et
1218 4121 1385 4188 habitandi
1409 4124 1442 4187 in
1464 4123 1611 4209 predicta
1641 4121 1792 4205 ecclesia,

110 4248 184 4290 cum
209 4225 363 4293 fratribus
390 4231 444 4316 qui
469 4229 589 4295 ibidem
613 4229 840 4310 habitauerint,
867 4229 974 4294 nullus
999 4229 1096 4294 debet
1119 4230 1197 4294 mihi
1223 4251 1294 4294 esse
1315 4231 1507 4310 contrarius,
1534 4229 1650 4293 necin
1682 4227 1791 4315 aliquo

110 4329 210 4395 debet
233 4354 284 4397 ms
308 4355 471 4419 superare,
496 4345 706 4420 permanente
729 4358 780 4399 me
806 4335 867 4400 sub
891 4334 1075 4400 obedientia
1108 4335 1217 4399 domni
1250 4335 1379 4400 abbatis
1415 4337 1518 4400 sancti
1556 4333 1724 4398 Benedicti
1761 4343 1792 4397 et

111 4439 230 4521 prioris
255 4441 359 4501 sancti
382 4437 550 4526 Cypriani.
575 4440 618 4506 Et
641 4444 667 4505 si
693 4443 765 4527 quis
789 4440 850 4504 boc
880 4440 1031 4524 frangere
1062 4441 1115 4504 vel
1150 4461 1357 4525 corrumpere
1392 4438 1540 4520 voluerit,
1574 4437 1693 4504 habeat
1728 4438 1790 4502 sibi

108 4545 308 4606 contrarium
329 4543 434 4624 deum,
459 4555 581 4629 patrem
604 4547 856 4632 omnipotentem
881 4555 913 4610 et
932 4544 1046 4610 iesum
1060 4543 1224 4611 Christum
1241 4544 1341 4610 filium
1359 4547 1437 4620 eius,
1453 4545 1619 4610 dominum
1635 4553 1790 4624 nostrum,

110 4671 185 4734 oum
210 4651 326 4734 spiritu
351 4659 473 4733 sancto,
499 4662 530 4714 et
554 4654 596 4716 sit
617 4651 678 4716 sub
702 4653 906 4716 anathemate
930 4661 1145 4716 trecentorum
1172 4651 1284 4716 decem
1308 4659 1340 4714 et
1370 4659 1443 4732 octo
1480 4635 1618 4736 patrum.
1653 4647 1697 4713 Et
1730 4648 1791 4711 hec

109 4757 331 4820 concessionis
356 4759 475 4841 pagina
498 4757 531 4820 in
556 4780 614 4822 sua
638 4757 789 4822 firmitate
813 4765 1012 4844 permaneat.

260 4877 332 4963 Ego
356 4879 522 4944 Johannes
546 4881 707 4947 veclensis
732 4881 868 4946 ecclesie
899 4881 1071 4966 episcopus
1105 4879 1181 4945 dedi
1217 4889 1250 4945 et
1284 4881 1483 4960 confirmaui,
1522 4888 1554 4942 et
1584 4900 1683 4943 manu
1720 4900 1791 4940 mea

110 4985 237 5070 scripsi,
262 4995 294 5048 et
318 4983 402 5050 hanc
425 4987 582 5051 cartulam
606 4988 785 5074 exemplari
810 4989 900 5051 iussi.
925 4985 991 5051 Nos
1015 4987 1146 5073 quidem
1171 4987 1322 5055 Pleraei
1353 4987 1544 5052 Dominicus
1577 4996 1608 5051 et
1639 4983 1789 5048 Andreas

111 5091 227 5154 fratres
248 5091 390 5177 episcopi
416 5092 554 5178 predicti
578 5092 749 5158 laudamus
774 5105 805 5158 et
828 5093 1069 5158 confirmamus.

111 5235 376 5251 ...-..--—-

266 5288 275 5324 ¹
300 5292 395 5354 Letao
415 5297 446 5368 Je
468 5313 505 5351 na
527 5293 614 5350 otoku
639 5293 767 5350 Murano.
