4350 5932
795 443 808 474 U

551 613 668 695 XLI.
696 613 787 697 598.
815 615 1001 716 mjesecs
1027 597 1191 722 srpmo.
1221 615 1256 698 U
1285 616 1429 699 Rima.

143 811 250 886 Grpur
273 813 302 872 1.
319 829 405 886 papa
427 809 533 871 1101011
564 811 723 882 Kastoriju
747 811 916 884 1111010110,
945 813 1023 870 nelca
1045 812 1174 884 bislaupu
1197 811 1376 870 solinstomu
1398 814 1563 886 1101101100,
1586 816 1642 873 ako
1666 831 1697 874 se
1721 817 1831 904 potale

140 933 181 978 aa
203 919 294 992 suoju
317 917 924 991 1100010111οεί1000100101110111101010,
947 919 1045 992 preda
1077 919 1258 990 atjes'tretjno
1285 920 1434 990 poptnslro
1459 921 1567 992 pisano,
1596 937 1615 978 a
1644 921 1769 993 aajedno
1793 923 1833 982 da

319 1025 415 1098 istopu
439 1023 591 1082 Multsima
610 1040 645 1080 sa
668 1023 821 1096 biskapom
844 1017 1051 1096 Saviniiaucm
1073 1023 1085 1080 1’
1108 1023 1326 1096 naddjaltonom
1348 1023 1531 1082 Honoratum
1553 1026 1661 1083 1011111.

728 1193 917 1280 Gregorius,
943 1193 1091 1260 Castoris
1115 1194 1248 1258 notario.

308 1371 438 1452 Quanto
461 1369 549 1434 credi
573 1367 630 1434 tibi
654 1393 674 1434 a
698 1371 790 1436 nobis
807 1381 839 1436 et
855 1353 1056 1438 neccesarius
1072 1372 1162 1437 vides
1186 1393 1316 1435 caussas
1339 1371 1471 1458 iniungi,
1496 1381 1583 1436 tanto
1608 1381 1640 1436 tc
1664 1381 1828 1440 strenuum

141 1475 246 1542 debes
272 1487 304 1542 et
327 1475 485 1541 solicitum
510 1473 674 1540 exhibere.
701 1475 841 1540 Proinde
865 1479 890 1542 si
913 1478 1077 1542 Maximus
1101 1475 1307 1564 salonitanus¹
1324 1479 1475 1570 praestito
1501 1487 1701 1542 sacramento
1723 1478 1830 1544 firma-

142 1583 230 1646 uerit
253 1604 288 1646 se
313 1583 489 1645 simoniaca
511 1578 638 1645 haeresi
663 1603 724 1644 oon
750 1583 982 1667 teneri-atque
1006 1581 1045 1646 de
1070 1580 1238 1668 aliisante
1255 1601 1371 1666 corpus
1388 1580 1585 1664 Apollinaris
1609 1584 1830 1652 tautummodo

142 1689 333 1773 requisitus,
358 1687 525 1750 innoxium
550 1709 584 1748 ss
609 1708 679 1750 esse
713 1688 925 1772 responderit,
952 1697 983 1751 01
1005 1687 1045 1750 de
1069 1686 1287 1750 inobedientia
1320 1709 1378 1750 sua
1408 1688 1647 1771 poenitentiam,
1672 1689 1755 1754 sicut
1776 1689 1830 1756 de·

142 1795 332 1878 putauimus
356 1793 475 1878 egerit3
499 1791 648 1856 volumus
672 1802 707 1856 ut
730 1791 771 1856 ad
795 1792 1027 1858 consolandum
1043 1791 1133 1856 illum
1152 1791 1330 1878 epistolam,
1347 1813 1443 1878 quem
1467 1791 1508 1854 ad
1533 1815 1605 1856 eum
1630 1795 1838 1880 scripsimus,

142 1896 200 1960 ubi
226 1899 255 1960 ei
281 1907 313 1961 et
336 1899 472 1982 gratiam
498 1907 638 1962 nostram
674 1907 706 1961 et
728 1877 984 1962 communionem
1010 1896 1280 1988 nosreddidissc
1310 1898 1517 1982 signauimus,
1551 1900 1751 1982 experientia
1776 1911 1831 1965 tua

142 2003 223 2068 dare
244 2004 371 2068 debeat.
397 2003 482 2084 Quia
506 2005 589 2068 sicut
612 2006 644 2069 10
669 2007 871 2069 contumacia
894 2005 1142 2090 persistentibus
1159 2025 1289 2068 seueros
1306 2025 1364 2068 nos
1382 2025 1452 2067 esse
1469 2007 1631 2083 conuenit,
1649 2007 1696 2068 sic
1712 2007 1826 2071 iterum

144 2107 323 2172 humiliatis
348 2121 379 2173 et
402 2110 640 2196 poenitentibus
660 2133 781 2194 negare
811 2108 914 2174 locum
933 2111 1047 2174 veniae
1065 2131 1129 2173 non
1146 2108 1312 2173 debemus.
1337 2107 1507 2171 Praeterea
1534 2108 1574 2172 de
1597 2108 1696 2174 fratre
1720 2121 1831 2199 nostro

145 2213 325 2279 Snuiniano
350 2217 500 2301 episcopo
526 2215 693 2298 iadertino,
718 2225 814 2302 atque
830 2215 997 2279 Honorato
1016 2212 1243 2278 archidiacono
1268 2211 1455 2294 salonitano,
1480 2211 1532 2276 vel
1555 2213 1627 2278 aliis
1651 2217 1705 2300 qui
1729 2239 1764 2280 se
1788 2217 1829 2282 ad

144 2320 258 2384 sedem
292 2319 501 2406 apostolicam
537 2321 750 2394 contulerunt,
779 2343 851 2384 cum
885 2320 997 2385 eodem
1030 2323 1172 2384 Maximo
1207 2321 1336 2383 omnino
1361 2317 1504 2382 studiose
1529 2319 1690 2404 agendum
1713 2332 1770 2404 est,
1795 2333 1830 2388 ut

144 2426 218 2489 illos
244 2427 276 2488 in
301 2448 340 2490 ea
363 2448 427 2510 qua
450 2425 542 2490 decet
563 2429 695 2490 caritate
720 2429 882 2511 suscipiat,
910 2435 942 2490 et
965 2427 1108 2490 dolorem
1133 2435 1244 2490 contra
1268 2447 1322 2490 eos
1347 2422 1434 2488 nullo
1459 2423 1608 2488 modain
1634 2427 1731 2491 corde
1754 2432 1827 2494 reti·

144 2543 231 2610 neat,
256 2531 314 2596 sed
338 2552 418 2617 pura
440 2553 512 2595 cum
538 2533 584 2595 eis
608 2533 713 2617 gratia
736 2541 768 2596 et
790 2533 917 2596 sincera
940 2531 1111 2596 dilectione
1134 2535 1234 2596 uiuat.

306 2713 407 2768 Mansi.
430 2712 568 2769 Collectio
592 2711 698 2792 Concil.
720 2714 753 2770 T.
777 2715 813 2768 X.
837 2721 886 2768 str.
911 2715 980 2768 165.

543 2995 682 3080 XLII.
709 2993 800 3080 198.
826 2997 1013 3100 10100000
1039 2999 1199 3099 srpnja.
1227 2995 1263 3079 U
1293 2996 1437 3078 ltlmu.

191 3194 295 3270 Grpur
322 3191 347 3255 I.
367 3213 453 3268 papa
471 3197 574 3269 prtma
596 3213 617 3253 u
637 3195 735 3252 11111001
758 3193 912 3251 1101011110
942 3193 1070 3267 butema
1091 3194 1260 3268 solinslcopa
1281 3195 1293 3250 a'
1316 3194 1480 3267 dosaroljtje
1502 3211 1551 3252 mu
1574 3195 1665 3254 1100111
1682 3197 1780 3270 plaid.

617 3347 803 3432 Gregorius,
829 3347 973 3412 lllaximc
996 3349 1147 3434 episcopo
1173 3346 1361 3412 salonitano.

307 3508 465 3588 Quamuis
491 3505 706 3594 culpabilibus
729 3507 940 3572 ordinationis
963 3515 1037 3571 tuae
1054 3505 1236 3592 primordiis
1260 3527 1360 3592 graue
1377 3505 1493 3570 malurn
1512 3529 1568 3592 per
1584 3505 1823 3572 inobedientiae

145 3615 274 3703 culpam
299 3613 474 3696 addideris,
499 3634 557 3676 nos
581 3621 687 3676 1001011
711 3612 797 3677 sedis
830 3610 1024 3698 apostolicae
1049 3614 1271 3676 auctoritatem
1303 3633 1341 3676 co
1372 3633 1436 3698 quo
1467 3611 1574 3676 decuit
1605 3612 1829 3678 moderamine

145 3731 374 3808 temperantes,
395 3741 558 3804 nunquam
579 3727 690 3782 contra
706 3729 737 3782 te
761 3739 862 3804 usque
892 3717 1007 3799 adhuc,
1036 3717 1121 3803 quod
1147 3739 1262 3782 caussa
1293 3716 1456 3803 poscebat,
1480 3719 1670 3782 exarsimus.
1695 3717 1759 3784 Sed
1794 3729 1829 3785 ut

145 3829 273 3914 lougius
309 3849 344 3892 00
376 3823 572 3910 ingratitudo
606 3834 718 3888 nostra·
738 3845 833 3911 quam
867 3833 902 3889 tu
937 3807 994 3889 tibi
1025 3825 1173 3888 excitasti
1204 3821 1403 3908 produceret,
1431 3823 1553 3888 credita
1576 3845 1634 3888 nos
1658 3823 1827 3890 solicitudo

144 3933 355 4000 vehementer
384 3929 534 4014 angebat,
566 3951 606 3994 ne
639 3915 803 4016 quaedam
822 3929 942 4012 illicita,
975 3951 1058 4016 quae
1084 3929 1124 3994 de
1148 3939 1179 3994 te
1210 3927 1425 4010 audieramus,
1458 3926 1659 4014 negligenter
1678 3932 1825 3997 omittere

72 4107 75 4116 ,
145 4039 341 4106 videremur.
366 4037 465 4118 Quae
484 4037 511 4102 si
531 4035 612 4102 bene
636 4035 831 4120 consideres,
849 4038 918 4123 ipse
940 4059 997 4122 per
1020 4047 1051 4102 ts
1074 4034 1260 4101 satisfacere
1283 4033 1461 4099 differendo
1485 4033 1647 4116 firmabas,
1669 4045 1765 4123 atque
1782 4059 1825 4102 ex

144 4145 215 4221 hoc,
239 4143 414 4209 adversum
437 4153 468 4206 10
492 4141 596 4206 zelum
630 4151 772 4206 nostrum
805 4145 912 4207 acrius
944 4143 1110 4207 incitabas.
1135 4141 1179 4205 At
1209 4141 1264 4206 ubi
1289 4139 1418 4204 undem
1439 4138 1560 4204 salubri
1580 4140 1714 4206 consilio
1737 4163 1825 4222 usus,

145 4254 221 4338 iugo
237 4261 269 4316 te
293 4249 495 4316 obedientiae
518 4247 683 4312 humiliter
707 4248 894 4332 submisisti,
919 4257 951 4312 et
973 4258 1028 4312 tua
1063 4246 1191 4312 dilectio
1216 4245 1443 4332 poeniteutiam
1466 4267 1576 4329 agens,
1601 4245 1700 4332 digna
1723 4269 1768 4328 sc,
1791 4256 1827 4312 ut

145 4358 384 4445 deputauimus,
415 4353 633 4420 satisfactione
664 4355 824 4440 purgauit,
858 4353 1016 4418 redditam
1046 4353 1103 4418 tibi
1133 4351 1271 4437 gratiam
1302 4350 1462 4414 fraternas
1494 4351 1635 4414 caritatis
1668 4349 1823 4436 intellige,

145 4474 241 4551 atque
264 4464 296 4528 in
322 4469 486 4526 nostrate
512 4470 675 4546 receptum
700 4461 859 4524 consortio
891 4458 1063 4545 gratulare,
1089 4459 1165 4543 quia
1188 4457 1272 4521 sicut
1291 4453 1574 4542 perseuerantibus
1597 4456 1630 4519 10
1660 4455 1756 4542 culpa
1778 4456 1826 4520 di·

145 4573 282 4652 strictos,
306 4569 353 4632 ita
374 4564 637 4651 resipiscentibus
655 4587 712 4630 nos
728 4564 887 4650 benignos
903 4587 974 4630 csse
998 4563 1091 4630 decet
1121 4563 1315 4628 adveniam.
1339 4561 1515 4647 Postquam
1540 4582 1617 4645 ergo
1640 4559 1825 4628 fraternitas

146 4685 199 4740 tua
225 4671 423 4761 apostolicae
448 4669 534 4736 sedis
558 4672 815 4735 communionem
841 4693 874 4734 se
899 4693 1065 4755 reparasse
1081 4669 1257 4752 cognoscit,
1279 4689 1450 4753 personam
1474 4665 1514 4730 ad
1540 4687 1599 4731 nos
1622 4668 1825 4752 transmittat,

145 4804 226 4869 quae
250 4777 385 4866 pallium
409 4777 467 4841 tibi
491 4775 710 4840 defferendum
731 4799 774 4840 ex
797 4797 885 4839 more
921 4775 1084 4862 percipiat.
1108 4773 1192 4838 Nam
1216 4771 1488 4860 quemadmodum
1511 4769 1625 4836 illicita
1645 4773 1827 4858 perpetrari

146 4910 209 4951 non
226 4887 375 4972 patimur,
395 4885 441 4946 sic
458 4904 540 4968 quae
557 4892 631 4945 sunt
646 4880 886 4945 consuetudinis
906 4902 967 4944 non
984 4901 1149 4964 negamus.
1173 4877 1267 4942 Licet
1284 4889 1390 4942 autem
1416 4887 1448 4941 et
1463 4875 1503 4940 ad
1520 4875 1600 4941 haec
1616 4877 1825 4942 concedenda

146 4992 344 5078 dispensatio
369 5010 427 5051 nos
445 4986 521 5068 ,loci
552 4987 651 5051 nostri
684 4987 866 5066 uocauerit3
898 4983 1032 5050 multum
1064 4995 1171 5050 tamen
1202 5007 1222 5048 a
1252 4983 1345 5048 nobis
1378 4982 1491 5067 petitio
1522 4979 1698 5047 dulcissimi
1724 4993 1821 5069 atque

145 5095 408 5164 excellentissimi
433 5092 489 5157 lilii
512 5095 612 5156 nostri
643 5092 762 5156 domini
794 5089 946 5156 Gallinici
980 5089 1121 5173 exarchi,
1154 5097 1189 5153 ut
1217 5087 1447 5174 temperantius
1478 5107 1556 5172 erga
1585 5095 1617 5152 te
1640 5109 1821 5173 ageremus,

145 5205 263 5289 exegit.
289 5200 390 5265 Cuius
415 5199 612 5262 carissimam
638 5195 834 5261 voluntatem
859 5217 918 5260 nec
949 5195 1137 5283 pertulimus
1161 5217 1221 5259 nec
1242 5193 1403 5279 potuimus
1424 5192 1625 5257 contristare.
1859 5189 1861 5197 '

304 5383 404 5440 110001.
427 5381 565 5438 collectio
589 5379 779 5436 Consiliorum
802 5379 837 5434 Τ.
861 5380 897 5434 Χ.
921 5385 971 5436 011.
997 5377 1068 5436 166.
