4254 5922
1701 463 1764 534 179

101 663 281 732 udicauerit.
305 663 418 751 ltaque
441 662 526 728 idem
550 662 652 728 abbas
675 685 747 728 cunr
774 666 841 729 suis
869 664 1043 746 monachis,
1067 666 1136 730 eiua
1154 663 1214 729 loci
1239 665 1442 750 possessione
1467 665 1559 747 inita,
1583 663 1668 750 cepit
1689 660 1760 728 edi·

103 771 202 854 ficare,
226 779 259 835 et
281 770 428 835 absoluto
451 769 589 854 edificio,
613 769 766 856 palatium
783 774 936 837 extruxit.
960 769 1105 836 Tandem
1128 769 1214 835 haud
1237 768 1345 836 multis
1376 779 1449 856 post
1479 770 1582 852 annis,
1612 769 1761 835 dominus

102 873 249 942 Dabralis
274 885 380 941 rector
400 875 542 942 eiusdem
563 876 684 962 templi,
708 875 857 964 idemque
880 877 955 942 olim
972 876 1241 964 archepiscopus,
1267 899 1301 940 se
1324 874 1385 942 hac
1408 875 1588 962 prefectura
1610 873 1763 939 abdicare

102 983 223 1047 omnino
248 985 422 1065 constituit,
448 993 479 1048 et
502 983 611 1070 templi
628 985 772 1070 regimen
799 1006 836 1048 ac
856 985 1113 1070 procurationem
1136 982 1229 1048 nobis
1251 983 1462 1060 renunciauit,
1478 1001 1600 1066 negans
1624 1003 1659 1044 se
1682 977 1766 1044 velle

102 1091 306 1175 imposterum
330 1088 406 1154 huic
428 1088 547 1176 templo
579 1089 720 1174 regendo
753 1111 894 1176 preesse.
924 1087 992 1153 Nos
1021 1085 1106 1151 hano
1137 1086 1373 1152 abdicationem
1405 1085 1541 1152 libenter
1575 1085 1766 1150 admisimus

101 1203 130 1260 et
149 1193 306 1280 templum
328 1194 359 1260 S.
382 1193 551 1260 Michaelis
588 1217 660 1260 curn
699 1197 788 1260 omni
821 1196 891 1259 cius
922 1191 1125 1281 supellectili,
1164 1169 1265 1276 libris,
1304 1193 1563 1277 ornamentisque
1596 1187 1768 1256 detulimus

13 1389 14 1392 Ἴ
99 1300 260 1366 monachis
284 1301 429 1367 eiusdem
452 1301 588 1381 cenobii,
612 1303 764 1366 accersiri
781 1302 887 1382 iussis,
912 1311 948 1365 ut
963 1299 1078 1365 tradite
1095 1301 1157 1364 sibi
1174 1297 1308 1363 ecclesie
1336 1319 1445 1364 curam
1470 1298 1680 1384 susciperent.
1704 1293 1770 1374 Qui

13 1405 14 1408 ’
98 1427 164 1470 cum
188 1409 366 1488 venissent,
391 1429 451 1494 ego
478 1430 551 1474 cum
583 1407 810 1473 archidiacono
835 1417 867 1472 et
886 1408 1001 1472 ceteris
1022 1405 1181 1485 omnibus,
1206 1406 1262 1492 qui
1284 1404 1428 1486 aderant,
1452 1425 1507 1468 eos
1531 1401 1573 1468 ad
1594 1401 1679 1468 huno
1703 1423 1768 1466 mo·

13 1515 15 1522 ’
98 1511 168 1578 dum
191 1511 314 1600 alloqui
327 1513 477 1600 cepisllln
509 1513 569 1580 hec
598 1513 653 1580 illa
684 1525 733 1578 est
755 1513 835 1595 dies,
859 1513 973 1578 fratres
987 1511 1118 1599 filiique,
1143 1533 1206 1600 que
1225 1511 1335 1576 diuino
1372 1509 1501 1575 fauente
1524 1507 1654 1584 auxilio,
1678 1507 1770 1574 nobis

96 1617 279 1684 facultatem
303 1619 409 1686 attulit
431 1621 590 1707 promisso
609 1630 718 1686 nostro
742 1641 782 1685 ao
803 1631 931 1707 recepto
957 1617 1185 1684 satisfaciendi.
1209 1614 1276 1682 Vos
1297 1618 1416 1703 itaque,
1440 1615 1515 1681 licet
1538 1636 1623 1679 nunc
1642 1611 1771 1679 abbate.

98 1736 201 1792 vestro
225 1727 344 1810 orbati,
368 1728 478 1815 templi
500 1729 757 1815 procurationem
789 1729 951 1812 suscipite,
975 1734 1007 1790 et
1029 1724 1149 1789 donum
1183 1725 1247 1788 iam
1272 1721 1327 1788 diu
1352 1721 1445 1788 vobis
1471 1721 1665 1808 promissum
1688 1720 1768 1784 reci-

99 1833 168 1918 pite.
192 1831 281 1897 Tum
305 1835 468 1920 negotium
493 1834 602 1900 datum
638 1845 687 1900 est
707 1833 826 1898 Joanni
862 1831 980 1915 edituo,
1016 1840 1052 1896 ut
1071 1829 1155 1896 hanc
1178 1827 1382 1896 donationem
1408 1827 1522 1894 litteris
1545 1829 1765 1913 consignaret3

100 1940 247 2025 quicum
282 1943 390 2026 sepius
423 1951 554 2028 rogatus
588 1940 752 2023 abnueret,
787 1948 819 2003 et
850 1937 1057 2002 excusatione
1088 1935 1283 2003 valetudinis
1315 1943 1467 2014 uteretur,
1493 1956 1553 2019 ego
1577 1932 1768 1998 Theodorus

97 2045 254 2132 presbiter
279 2047 430 2135 indignus
455 2048 514 2114 hec
537 2049 644 2112 omnia
666 2045 780 2133 scripsi
803 2054 917 2130 rogatu
941 2043 1183 2129 archiepiscopi,
1208 2043 1262 2130 qui
1285 2039 1336 2106 his
1359 2042 1440 2106 actis
1464 2053 1495 2105 et
1517 2040 1699 2104 constitutis
1723 2036 1765 2103 ab

96 2153 180 2217 initio
199 2153 245 2218 ad
264 2157 361 2222 linem
385 2177 488 2242 usque
511 2153 658 2233 interfui3
695 2163 729 2219 ut
761 2150 944 2218 huiusmodi
976 2149 1114 2232 donatio,
1143 2169 1239 2235 quam
1265 2168 1384 2230 eorum,
1409 2147 1464 2232 qui
1488 2145 1762 2232 supranominati

95 2269 173 2342 sunt,
197 2262 375 2326 auctoritas
392 2263 539 2345 sanciuit,
556 2261 707 2326 videlicet
721 2257 965 2346 archiepiscopi,
985 2255 1072 2339 cleri,
1089 2255 1213 2342 prioris,
1233 2251 1408 2319 nobilitatis
1432 2263 1465 2318 st
1486 2250 1590 2340 plebis
1607 2253 1769 2333 uniuersa,

94 2365 182 2430 firma
206 2368 250 2432 sit
274 2389 313 2432 ae
336 2378 504 2456 perpetua,
528 2378 560 2432 et
582 2367 659 2433 edes
683 2367 785 2432 sancti
808 2363 985 2445 Michaelis,
1001 2361 1043 2428 ab
1060 2360 1198 2426 ecclesia
1214 2361 1317 2424 sancti
1340 2357 1507 2446 Stephani,
1525 2359 1576 2423 cui
1600 2379 1685 2422 nunc
1704 2359 1765 2422 rite

96 2477 269 2539 coniuncta
292 2485 350 2556 est,
375 2473 492 2539 nullius
517 2472 720 2540 cauillatione
744 2495 800 2538 seu
827 2469 948 2536 malitia
973 2467 1140 2556 segregari
1162 2468 1273 2554 possit.
1298 2463 1334 2530 Si
1358 2465 1431 2552 quis
1455 2474 1562 2528 autem
1585 2471 1765 2528 nostrorum

95 2601 318 2646 successorum
337 2581 479 2645 cuiusuis
495 2602 592 2646 cause
608 2588 766 2666 pretextu,
799 2601 869 2642 eam
886 2575 927 2644 ab
951 2575 1088 2641 ecclesia
1110 2574 1211 2638 sancti
1235 2569 1399 2660 Stephani,
1424 2569 1510 2656 quod
1531 2568 1609 2634 deus
1630 2579 1764 2649 auertat,

95 2708 148 2751 seu
171 2689 283 2774 potius
303 2688 345 2752 ab
365 2690 435 2773 ipso
459 2685 617 2751 Michaels
641 2687 784 2772 principe
802 2681 990 2770 angelorum
1025 2679 1210 2764 disiungere
1244 2688 1387 2758 conetur,
1411 2676 1555 2742 eiusdem
1579 2673 1766 2760 archangeli

94 2793 349 2880 indignationem
372 2794 495 2877 subeat,
521 2805 552 2860 et
575 2804 765 2880 perpetuum
790 2791 933 2856 dolorem
957 2789 1125 2854 sustineat.

248 2899 322 2966 Hec
345 2911 417 2966 acta
440 2911 471 2964 et
494 2899 683 2966 confirmata
705 2909 780 2965 sunt
802 2919 910 2963 coram
933 2895 1070 2960 testibus
1094 2891 1316 2978 infrascriptis,
1340 2888 1510 2956 videlicet:
1536 2887 1633 2954 Petro
1657 2885 1761 2952 archi·

94 3009 240 3092 diacono,
273 3007 431 3094 Gregorio
464 3009 625 3098 episeopo,
656 3007 750 3073 Petro
783 3007 973 3094 primicerio,
1006 3001 1146 3067 Martino
1170 2998 1359 3086 presbitero,
1394 2996 1567 3062 Dominico
1599 2991 1769 3059 Mannuola

95 3118 285 3206 presbitero,
316 3117 442 3182 Joanne
473 3115 591 3195 edituo,
625 3114 754 3180 Maione
787 3111 979 3192 Barbaiano,
1004 3105 1194 3196 presbitero,
1218 3114 1251 3170 et
1275 3101 1395 3169 Oeoulo
1419 3101 1607 3190 presbitero.
1632 3098 1769 3186 -Ego

13 3225 14 3282 ἶ
95 3248 181 3294 verno
205 3222 400 3290 Theodorus
430 3221 591 3311 presbiter
620 3243 679 3309 pro
714 3220 841 3286 Joanne
872 3217 990 3300 edituo,
1022 3215 1074 3279 cui
1097 3210 1131 3278 id
1162 3210 1347 3276 mandatnm
1378 3207 1492 3292 fuerat,
1515 3207 1576 3274 hec
1599 3207 1714 3294 scripsi
1733 3215 1766 3272 et

13 3349 14 3354 ’
93 3334 181 3398 testis
206 3331 310 3397 adfui.

253 3483 362 3540 Parlati
384 3483 529 3555 Illyricum
552 3499 670 3538 morum.
693 3479 730 3536 T·
752 3477 802 3536 Ill.
821 3497 848 3552 p.
875 3476 946 3534 155.
970 3475 999 3534 la
1021 3472 1200 3549 piamobrane
1223 3475 1383 3528 samostana
1405 3485 1448 3527 sr.
1471 3465 1616 3538 Stjspana.

789 3771 945 3861 CCXV.
978 3771 1093 3858 luat.

92 3974 183 4040 Potor
208 3971 286 4036 Orat
309 3968 453 4043 Gumojeo
474 3985 510 4028 so
531 3965 640 4039 sooiom
653 3943 762 4022 'tenum
776 3956 882 4029 Aoum,
898 3956 1010 4030 ntoruju
1033 3954 1207 4014 scmostoou
1228 3965 1272 4010 so.
1295 3947 1386 4007 Petro
1407 3944 1473 4018 sooj
1491 3940 1594 4018 posjed
1615 3957 1637 4002 a
1656 3939 1749 4014 roua
1847 3926 1849 3934 ’

251 4146 289 4212 In
313 4143 433 4211 Christi
468 4139 596 4206 nomine
625 4157 730 4201 amen.
760 4132 854 4198 Anno
885 4127 1113 4196 incarnationis
1145 4121 1288 4190 eiusdem
1322 4118 1481 4184 milesimo
1519 4113 1763 4201 octauogesimo

93 4255 173 4342 (VI).
203 4251 380 4319 indictione
407 4269 500 4313 nona.
531 4241 746 4330 Temporibus
776 4260 904 4326 quoqne
935 4233 1056 4300 domini
1085 4230 1255 4328 Laurentii·
1288 4223 1483 4292 venerabilis
1528 4219 1765 4308 archiepiscopi

95 4363 180 4429 sedis
204 4359 373 4447 spalatine,
396 4353 518 4420 domini
549 4349 712 4416 Suinimiri
745 4348 830 4432 regis
864 4341 1063 4422 Oroatorum,
1095 4358 1241 4404 necnon
1265 4332 1377 4398 Voliao
1401 4330 1527 4418 prioris.
1552 4326 1624 4412 Ego
1648 4325 1779 4412 Petrus·

96 4468 191 4536 Cerni
216 4468 273 4555 qui
296 4476 329 4532 et
349 4463 479 4549 Gumay
502 4459 594 4541 filius,
612 4477 765 4523 unacum
781 4452 917 4534 coniuge
934 4471 1005 4512 mea
1021 4445 1152 4510 domina
1173 4441 1259 4520 Ana,
1276 4439 1424 4504 dedimus
1447 4434 1643 4500 monasterio
1666 4431 1768 4496 saneti

95 4575 181 4641 Petri
204 4595 318 4640 omnes
341 4579 467 4636 nostras
490 4575 603 4649 terras,
627 4584 706 4649 quas
731 4561 764 4624 in
780 4558 849 4622 loco
866 4563 980 4620 vocato
997 4549 1130 4638 Campo,
1161 4545 1344 4633 incipiendo
1376 4565 1396 4609 a
1429 4563 1520 4608 muro
1558 4541 1591 4603 in
1627 4537 1769 4604 infcriori

98 4705 210 4749 versus
233 4703 322 4746 mare
353 4685 442 4743 recta
464 4672 559 4755 linea,
584 4681 616 4736 et
639 4671 722 4734 siout
744 4665 842 4732 currit
864 4662 939 4726 litus
962 4681 1063 4746 usque
1087 4655 1128 4722 ad
1151 4652 1282 4736 Potcch,
1306 4657 1339 4718 et
1361 4671 1467 4736 usque
1500 4646 1542 4713 ad
1576 4647 1677 4734 ripam
1715 4667 1768 4709 su·

97 4793 266 4878 potiorem,
289 4796 322 4852 et
341 4793 427 4850 recte
452 4783 535 4846 sicut
557 4779 657 4844 currit
678 4776 749 4862 ripa
769 4792 880 4838 versus
904 4775 1089 4846 torrentem,
1113 4783 1218 4850 usque
1241 4758 1284 4824 ad
1307 4757 1423 4845 pedem
1447 4755 1564 4822 montis
1595 4775 1636 4840 po
1662 4789 1702 4800 -
1727 4787 1769 4799 -

97 4935 138 4949 -
160 4895 257 4981 longe
281 4905 314 4958 et
336 4912 450 4957 versus
473 4910 570 4969 mare,
591 4887 673 4978 sicut
695 4882 794 4980 currit
817 4881 895 4966 ripa,
920 4883 952 4940 et
974 4871 1048 4938 inde
1074 4869 1117 4936 ad
1147 4890 1273 4934 mamm
1296 4866 1475 4954 pristinum,
1501 4870 1534 4927 et
1561 4859 1606 4926 hii
1637 4858 1768 4924 fuerunt

96 5011 210 5069 testes:
233 4998 379 5086 Bogdan,
403 4995 480 5078 Rae,
503 4993 710 5078 Dragonego,
733 4987 802 5069 Ric,
825 4983 929 5070 Juray
951 4980 1072 5045 setnico
1100 4998 1171 5042 cum
1194 4973 1277 5039 aliis.

202 5106 246 5172 Et
269 5127 329 5192 ego
353 5102 509 5168 Dobrona
531 5099 592 5164 hoc
614 5097 713 5164 breve
736 5093 852 5180 scripsi
874 5092 964 5155 iussu
987 5083 1151 5150 Pribimiri
1174 5081 1290 5146 vicarii
1315 5078 1411 5164 regis.

251 5255 281 5310 la
303 5251 434 5327 regestah
456 5255 616 5308 samostana
635 5263 675 5302 ss.
699 5245 784 5301 Petra
805 5241 868 5298 ruk.
892 5239 957 5298 XII.
981 5255 1008 5294 r.
1031 5253 1050 5291 ιι
1072 5232 1172 5292 arkiru
1191 5229 1308 5304 kaptola
1328 5223 1512 5298 spljetskoga.
