4276 5934
1787 425 1850 494 211

169 617 238 683 dies
264 621 400 706 repetiit,
424 641 574 684 asserens
597 641 632 684 se
656 620 698 684 ob
721 619 783 685 hoc
807 618 891 684 velle
912 619 953 684 ad
978 622 1088 686 sedern
1105 619 1315 706 apostolicam
1333 621 1513 708 proficisci3
1537 621 1589 686 cui
1608 629 1640 686 et
1654 619 1851 685 adversariis

167 726 289 810 pariter
311 724 395 788 datis
418 723 621 802 dimissoriis,
646 733 753 790 certus
776 723 875 788 fulta
897 727 962 790 iam
995 725 1091 792 dictis
1122 725 1238 810 legatis
1272 728 1429 791 terminus
1464 729 1661 811 assignatus.
1694 724 1848 790 (letarum

166 831 252 894 inter
275 829 348 912 alia,
374 851 435 916 que
460 829 566 895 dictus
591 831 762 916 episcopus
787 832 818 894 in
851 841 961 894 nostra
995 841 1027 896 et
1061 831 1198 896 fratrum
1235 841 1417 896 nostrorum
1453 835 1615 917 presentia
1650 833 1849 918 recognocit,

166 934 335 1000 confessus
359 945 463 1000 estet
488 959 550 1000 non
575 938 708 1021 negauit
730 960 765 1000 ee
791 935 951 1022 prefatum
976 935 1013 1000 Τ.
1039 938 1071 1000 in
1096 936 1311 1023 presbiterum
1336 937 1515 1018 ordinasse,
1540 947 1710 1024 postquam
1742 939 1847 1023 ipsum

167 1051 293 1104 reatum
318 1039 483 1105 homicidii
508 1041 657 1107 audierat
680 1051 712 1106 ct
735 1042 919 1106 crediderat
941 1044 1160 1123 commisisse;
1185 1046 1275 1107 ouius
1306 1042 1437 1125 factum,
1466 1065 1539 1108 curn
1570 1042 1739 1107 familiaris
1763 1052 1848 1108 esset

166 1147 278 1229 ipsius,
303 1168 366 1210 non
393 1155 517 1232 poterat
541 1149 668 1232 penitus
692 1149 851 1231 ignorare.
878 1146 959 1210 Cum
983 1169 1061 1232 ergo
1086 1149 1262 1213 secundum
1287 1149 1468 1234 apostolum
1492 1171 1580 1234 epus.
1609 1147 1729 1213 bonum
1761 1149 1848 1212 testi-

165 1253 308 1314 monium
333 1251 451 1316 debeat
475 1262 506 1316 et
525 1253 568 1317 ab
590 1253 651 1317 hiis
675 1255 729 1340 qui
754 1263 829 1316 sunt
853 1256 948 1333 intus,
973 1262 1006 1317 et
1030 1254 1071 1318 ab
1095 1253 1157 1335 hiis
1181 1257 1236 1340 qui
1261 1263 1336 1318 sunt
1360 1254 1437 1320 foris
1460 1254 1590 1336 habere,
1607 1256 1662 1341 qni
1678 1254 1721 1318 ad
1737 1277 1847 1318 curam

165 1361 290 1442 positus
313 1357 450 1422 aliorum
476 1361 508 1422 in
532 1383 567 1424 ee
593 1362 662 1446 ipso
686 1360 783 1424 debet
807 1360 987 1433 ostendere,
1011 1360 1150 1447 qualiter
1173 1359 1254 1425 alios
1279 1360 1312 1423 in
1336 1358 1431 1424 domo
1454 1359 1575 1424 domini
1600 1369 1747 1443 oporteat
1770 1382 1843 1424 con-

163 1465 300 1544 uersari,
326 1485 385 1527 nec
408 1464 575 1554 perferens
600 1465 798 1530 memorandi
824 1467 970 1529 criminis
995 1465 1111 1546 labem,
1136 1464 1276 1530 lucidam
1309 1473 1401 1548 gerat
1431 1463 1603 1529 sacerdotii
1635 1464 1846 1550 dignitatem

163 1589 222 1630 nos
247 1568 460 1651 attendentes,
486 1569 571 1655 quod
592 1573 693 1634 satius
718 1573 760 1634 sit
783 1570 913 1636 domino
938 1573 970 1634 in
994 1569 1138 1635 inferiori
1165 1571 1344 1634 ministerio
1368 1569 1543 1650 deseruire,
1567 1592 1664 1656 quam
1684 1569 1845 1655 graduum

163 1671 394 1738 sublimitatem
420 1686 571 1760 appetere
595 1699 667 1740 cum
693 1675 846 1740 scandalo
870 1676 1017 1757 aliorum,
1042 1678 1229 1762 episcopum
1255 1678 1360 1762 ipsum
1386 1677 1568 1740 monuimus
1594 1674 1776 1760 diligenter,
1812 1683 1847 1740 ut

162 1792 333 1866 postquam
358 1782 553 1867 episcopalia
576 1784 715 1868 insignia
740 1784 929 1865 resignarat,
954 1767 1035 1847 citra
1058 1781 1242 1867 pontificale
1265 1781 1431 1866 fastigium
1455 1783 1593 1845 creatori
1617 1803 1675 1846 suo
1693 1780 1845 1846 deuotum

162 1885 366 1972 impenderet
388 1888 504 1952 amodo
528 1869 848 1974 famulatumu'quod
871 1890 903 1951 in
927 1887 1117 1952 humilitatis
1141 1889 1255 1974 spiritu
1292 1897 1323 1952 et
1358 1889 1497 1952 contritu
1532 1890 1639 1952 animo
1672 1889 1762 1952 visus
1798 1895 1847 1951 est

161 2001 361 2076 acceptasse,
386 1993 471 2056 unde
495 1995 598 2078 ipsius
623 1997 820 2078 propositum
842 1993 949 2077 dignis
973 1992 1124 2058 laudibus
1148 1991 1423 2058 commendamus.
1442 1991 1595 2059 Ceterum
1612 1997 1764 2078 quoniam
1782 2014 1846 2056 non

161 2097 233 2160 siue
256 2108 365 2160 nostro
389 2109 420 2162 et
443 2097 520 2161 cleri
545 2109 654 2182 posset
677 2099 850 2184 opprobrio
873 2098 1065 2178 mendicare,
1089 2121 1160 2162 cum
1179 2098 1219 2163 de
1237 2101 1421 2184 prouisione
1438 2099 1538 2184 ipsius
1555 2109 1686 2184 propter
1702 2097 1845 2162 locorum

158 2202 420 2266 incertitudinem
444 2203 625 2267 deliberare
652 2205 787 2288 prouida
822 2227 885 2266 non
918 2225 1095 2289 possemus,
1131 2203 1172 2267 ad
1207 2205 1395 2289 petitionem
1431 2207 1532 2290 ipsius
1567 2203 1760 2269 fraternitati
1792 2214 1845 2267 tue

158 2305 315 2370 duximus
339 2309 534 2392 apostolicas
558 2309 681 2374 litteras
716 2310 888 2390 destinare,
925 2309 1132 2396 precipiendo
1167 2311 1366 2390 mandantes,
1403 2321 1561 2396 quatenus
1596 2309 1637 2374 de
1678 2311 1842 2374 soacensis

160 2422 367 2498 episcopatus
393 2416 604 2499 prouentibus
630 2419 657 2478 ei
684 2427 906 2501 competenter
930 2418 961 2478 in
986 2416 1177 2479 necessariis
1198 2415 1298 2479 facias
1334 2416 1510 2501 prouideri,
1546 2439 1585 2478 ne
1622 2437 1678 2500 pro
1715 2415 1844 2480 defectu

159 2517 386 2604 temporalium
412 2542 519 2582 rerum
543 2523 743 2606 propositum
769 2524 838 2584 cius
864 2521 969 2584 valeat
993 2521 1152 2608 impediri.
1176 2519 1220 2584 Et
1243 2523 1394 2608 quoniam
1420 2522 1552 2606 quidam
1576 2543 1683 2586 coram
1709 2532 1739 2585 te
1772 2543 1844 2607 pro·

159 2625 241 2708 priis
266 2626 449 2688 nominibus
473 2625 666 2710 designandi
691 2649 763 2690 eum
790 2626 939 2690 dicuntur
962 2627 1059 2690 rebus
1082 2628 1221 2712 propriis
1256 2637 1369 2690 contra
1403 2628 1557 2692 iustitiam
1587 2625 1753 2714 spoliasse,
1787 2625 1842 2690 alii

159 2751 239 2792 vero
262 2752 375 2794 manus
400 2733 432 2793 in
457 2753 529 2794 eum
555 2732 731 2817 sacrilegas
756 2733 917 2810 iniecisse,
942 2731 1091 2796 volumus
1116 2745 1147 2794 et
1168 2732 1367 2814 mandamus,
1392 2743 1426 2796 ut
1449 2735 1476 2797 si
1500 2756 1568 2798 rem
1599 2735 1645 2797 ita
1679 2733 1842 2797 inueneris

158 2857 194 2898 se
219 2835 349 2916 habere,
375 2849 407 2898 et
432 2839 551 2922 primos
575 2838 615 2900 ad
641 2838 749 2902 ablata
774 2837 939 2900 reddenda
963 2840 995 2900 in
1029 2839 1202 2922 integrum,
1237 2838 1454 2924 appellatione
1489 2850 1621 2920 remota,
1657 2838 1841 2924 compellas,

158 2951 191 3003 et
214 2941 295 3004 alios
320 2946 617 3024 excommunicatos
642 2943 771 3028 publico
796 2946 937 3020 nuncies,
963 2955 994 3006 et
1017 2945 1101 3008 sicut
1124 2947 1420 3010 excommunicatos
1445 2945 1568 3008 tamdiu
1591 2944 1692 3009 facias
1716 2946 1840 3023 euitari,

159 3047 266 3110 donec
291 3070 386 3132 passo
411 3049 560 3113 iniuriam
588 3051 804 3114 satisfecerint
828 3059 1056 3133 competenter,
1081 3056 1210 3114 etcum
1236 3060 1363 3114 tuarum
1387 3052 1571 3114 testimonio
1595 3050 1774 3115 litterarum
1799 3049 1839 3114 ad

159 3151 271 3215 sedem
298 3153 507 3237 apostolicam
535 3157 682 3218 venerint
705 3155 1050 3241 absoluenanatum
1074 3156 1226 3220 Laterani
1253 3155 1326 3222 Vll.
1351 3155 1422 3222 idus
1447 3155 1650 3244 septembris.

306 3349 431 3412 Theiner
454 3369 530 3416 mon,
553 3359 608 3417 ret,
633 3355 704 3412 slav.
727 3355 823 3414 merid.
848 3357 882 3414 Τ.
906 3357 928 3413 1.
950 3363 999 3414 str.
1025 3355 1053 3412 9.
1078 3355 1179 3413 Mauri.
1203 3356 1349 3428 XX11.p.
1373 3357 1446 3416 706.

491 3671 757 3756 uouxxxl.
785 3673 895 3754 naa
922 3672 959 3754 3.
986 3671 1201 3772 prosince.
1228 3670 1265 3752 u
1293 3670 1525 3752 Lateranu.

157 3847 315 3908 Inocencio
336 3851 405 3913 III.
427 3869 519 3926 popa,
545 3850 649 3911 nolca'e
672 3852 776 3910 Nitols'
798 3853 1067 3912 novolaatranomu
1092 3850 1281 3922 nauculam
1305 3849 1512 3926 cadarstomu,
1538 3851 1577 3913 do
1601 3851 1686 3923 dodje
1708 3869 1744 3912 sa
1776 3853 1837 3913 vite

352 3957 524 4016 tanonitot
548 3975 568 4015 u
590 3958 670 4023 Rim,
693 3959 749 4015 ato
765 3958 833 4016 uoce
855 3959 895 4015 du
915 3977 955 4032 po
978 3975 999 4016 a
1022 3958 1097 4016 duali
1114 3956 1237 4028 poterell
1259 3957 1270 4013 r'
1293 3955 1334 4012 du
1352 3972 1404 4014 mu
1425 3955 1536 4028 podioli
1553 3955 1644 4027 plati.

307 4111 418 4174 Mirari
443 4115 591 4196 cogimur
614 4125 646 4175 et
670 4114 801 4194 moueri,
826 4112 912 4197 quod
938 4113 1020 4176 sicut
1044 4135 1063 4174 a
1087 4109 1195 4174 multis
1219 4111 1415 4194 accepimus,
1452 4121 1485 4172 tu
1519 4111 1663 4192 regimen
1698 4111 1835 4176 ecclesie

154 4215 314 4280 iudertine
340 4219 409 4279 sine
434 4217 584 4280 mandato
609 4217 694 4280 sedis
718 4217 904 4302 apostolice,
930 4219 1145 4280 irreuerenter
1168 4237 1333 4279 assumere
1366 4216 1608 4298 presumpsisti3
1640 4214 1715 4278 licet
1749 4219 1834 4280 enim

153 4323 263 4385 clerici
290 4323 424 4386 ecclesie
450 4307 604 4386 tudertine
627 4346 699 4386 curn
724 4346 780 4386 aue
804 4325 945 4386 ciuitatis
970 4325 1095 4386 nunciis
1129 4323 1169 4385 ad
1204 4331 1346 4385 nostram
1380 4321 1574 4405 presentiam
1608 4324 1834 4402 accessissent,

153 4439 186 4490 et
211 4429 304 4492 nobis
329 4439 392 4491 tam
419 4452 460 4492 ex
485 4429 639 4492 relatione
664 4431 817 4514 ipsorum,
842 4451 939 4514 quam
963 4428 1140 4492 litterarum
1165 4427 1376 4512 inspectione,
1395 4448 1474 4511 quas
1499 4425 1648 4504 tulerunt,
1667 4428 1837 4510 patuisset,

154 4535 241 4620 quod
270 4537 301 4598 in
326 4536 518 4598 iadertinuur
545 4535 824 4620 archiepiscopum
851 4533 972 4597 electus
996 4532 1113 4612 fueras,
1143 4535 1206 4595 irno
1241 4535 1350 4596 verius
1382 4530 1581 4617 postulatus3
1618 4533 1695 4617 quia
1726 4541 1833 4596 tamen

152 4644 214 4704 etsi
239 4641 280 4704 de
305 4641 398 4704 modo
423 4641 645 4726 postulationis
672 4663 838 4726 possemus
861 4639 951 4703 reddi
976 4662 1034 4724 per
1057 4639 1186 4702 casdem
1212 4638 1334 4702 litteras
1356 4639 1518 4715 certiores,
1542 4635 1582 4700 de
1607 4657 1745 4722 persona
1779 4649 1834 4702 tua

153 4746 248 4810 uobis
273 4769 334 4809 non
361 4757 485 4829 poterat
509 4749 576 4812 fieri
602 4757 689 4809 certa
713 4745 802 4825 fides,
828 4768 887 4808 nec
909 4748 1095 4808 examinare
1119 4743 1318 4810 debebamus
1342 4745 1529 4823 absentem
1554 4751 1601 4806 eis
1625 4743 1666 4806 de
1697 4742 1832 4807 consilio

151 4853 287 4916 fratrum
314 4831 496 4916 nostrorum
522 4853 725 4916 decreuimus
747 4845 952 4936 respondere,
977 4861 1012 4914 ut
1033 4849 1132 4934 aliqui
1157 4850 1197 4913 de
1222 4849 1386 4913 canonicis
1403 4849 1547 4914 eiusdem
1565 4847 1702 4912 ecclesie
1722 4861 1831 4912 nostro

150 4983 185 5023 se
211 4960 399 5042 conspectui
427 4968 659 5042 presentarent,
683 4971 717 5020 ut
741 4957 780 5020 de
806 4957 921 5020 studiis
947 4955 1197 5042 postulationum
1223 4965 1254 5018 et
1278 4953 1317 5019 de
1343 4957 1465 5018 meritis
1489 4953 1643 5040 postulati
1677 4956 1831 5020 certiores

150 5065 267 5144 effecti,
293 5065 438 5126 securius
463 5066 493 5126 in
520 5086 589 5148 rpso
616 5064 744 5146 negotio
770 5061 944 5148 procedere
969 5061 1161 5143 valeremus,
1186 5060 1387 5142 adiicientes,
1405 5060 1490 5146 quod
1508 5058 1584 5124 licet
1600 5061 1827 5145 episcoporum

149 5169 382 5234 translationi
408 5168 511 5232 solum
538 5169 676 5253 pertinet
699 5191 866 5232 romanum
893 5170 1086 5252 pontificem,
1120 5169 1195 5252 quia
1227 5177 1334 5230 tamen
1365 5165 1407 5230 ad
1442 5163 1660 5230 venerabilem
1696 5163 1827 5253 tratrem

150 5287 296 5342 nostrum
321 5273 537 5360 patriarcham
560 5274 753 5359 gradensem
777 5275 978 5338 consecratio
1002 5272 1151 5338 iadcrtini
1176 5273 1270 5338 electi
1301 5273 1447 5339 noscitur
1478 5271 1650 5358 pertinere,
1682 5291 1755 5334 cum
1790 5269 1831 5335 de
