4300 5930
115 663 457 756 episeopo,·Farcasio
481 661 620 750 palatino
645 664 770 744 comite,
795 661 1013 748 Cumpredino
1037 663 1151 727 curiali
1187 663 1312 745 comite,
1344 663 1492 728 Dionisio
1526 660 1619 745 bano,
1657 661 1718 727 Bot
1745 661 1791 727 al-

23 827 24 832 ,
117 773 210 836 bensi
237 773 361 854 comite,
385 781 417 835 et
439 770 510 836 aliis
534 769 683 857 pluribus
707 771 797 854 regni
822 769 964 835 eiusdem
990 771 1190 856 principibus
1218 769 1440 836 existentibus.

266 971 503 1063 aspergamur,
527 989 650 1044 duvase
675 1007 693 1044 u
716 989 814 1044 arkivn
839 987 1203 1060 kaptolaaagrebadkoga.
1230 985 1303 1042 Aeta
1327 986 1460 1058 Antiqua.
1486 985 1567 1046 Fasc.
1605 987 1656 1042 52.
1691 987 1724 1044 N.
1763 987 1792 1040 4.

115 1077 205 1134 Petne
229 1079 381 1150 iagubljen.
405 1077 534 1138 dauleio.
558 1077 666 1133 Liatine
688 1077 710 1131 1.
734 1089 783 1134 str.
810 1078 840 1134 4.

474 1369 659 1454 unxlx.
690 1372 795 1456 1181.
823 1371 888 1455 to.
915 1373 1057 1474 rujno.
1087 1371 1124 1454 U
1152 1371 1455 1502 Dubrornlku.

599 1569 791 1630 Dubrovi‘oai
813 1571 1020 1643 uetonootjuju
1041 1572 1099 1630 mir
1120 1587 1135 1630 a
1159 1571 1315 1631 Kotorooi.

269 1775 306 1842 In
327 1800 410 1842 anno
434 1775 593 1842 dominice
617 1779 849 1843 incarnationis
866 1778 1036 1844 millesimo
1061 1781 1236 1844 centesimo
1260 1780 1457 1862 octogesimo
1481 1782 1593 1865 primo,
1619 1780 1792 1850 indictione

23 1899 24 1920 ³
115 1893 232 1970 quarta
245 1883 571 1970 (decima),vioesimo
582 1883 632 1947 die
643 1886 762 1950 mensis
778 1885 978 1970 septembris,
992 1889 1025 1950 in
1041 1885 1192 1970 Ragusio.
1207 1883 1323 1950 Comes
1340 1883 1483 1972 Triplron
1497 1886 1676 1953 dominator
1688 1885 1796 1952 Catari

118 1991 256 2053 veniens
281 1989 458 2074 Ragueinm
483 2012 555 2053 cum
582 1989 713 2068 Dabrio,
738 2001 769 2054 ct
791 1989 939 2056 iohanne
965 1991 1005 2056 de
1030 1991 1151 2072 Dabro,
1174 2003 1206 2056 et
1227 1990 1321 2056 Jotze
1346 1990 1385 2055 de
1411 1990 1532 2072 Dabro,
1563 2003 1595 2056 et
1630 1991 1723 2057 Bolla
1756 1992 1796 2057 de

119 2094 296 2176 Sazauezo,
322 2093 429 2158 Blasio
454 2094 493 2158 de
516 2093 679 2177 Faucello,
704 2095 829 2160 Rutioio
855 2096 894 2162 de
918 2097 1006 2176 Poto,
1031 2097 1072 2162 ad
1097 2119 1208 2184 pacem
1232 2097 1356 2162 firmam
1388 2097 1420 2161 in
1445 2105 1589 2161 eternum
1615 2097 1795 2181 tenendam,

119 2202 179 2265 boc
203 2211 387 2265 statuerunt
411 2223 452 2264 ex
471 2211 561 2287 parte
585 2203 687 2266 tocius
713 2199 831 2282 Catari,
856 2225 928 2266 cum
952 2201 1112 2268 Flasoono
1136 2213 1168 2266 et
1191 2213 1257 2267 tota
1280 2205 1474 2268 comunitate
1492 2205 1660 2288 ragusina,
1678 2213 1712 2267 ut
1727 2205 1796 2290 qui·

23 2369 24 2372 ,
119 2329 259 2393 cumque
284 2306 452 2390 Raguseus
476 2305 528 2370 vel
553 2305 723 2372 Ostur-inus
747 2305 920 2372 crediderit
941 2331 1008 2390 sua,
1033 2311 1171 2395 primum
1195 2308 1313 2408 videat,
1338 2311 1389 2373 cui
1413 2309 1531 2389 credat,
1554 2319 1586 2374 et
1602 2308 1676 2396 duum
1693 2309 1794 2373 credi·

23 2475 24 2488 ,
123 2413 215 2494 derit,
241 2435 339 2499 super
361 2411 460 2477 alium
484 2435 547 2476 non
570 2413 675 2476 volsar
696 2423 809 2478 tenere·
828 2437 863 2479 se
883 2417 944 2479 nisi
968 2438 1065 2500 super
1087 2414 1231 2478 debitore
1244 2437 1312 2480 suo.
1337 2413 1381 2479 Ut
1398 2417 1533 2500 pignora
1551 2437 1615 2480 non
1631 2416 1695 2479 sint
1710 2413 1795 2478 inlra

23 2505 25 2522 ³
121 2519 303 2604 Ragusiunp
327 2528 359 2582 et
382 2517 544 2583 (latarum.
569 2517 612 2582 Et
636 2505 829 2606 quicumque
851 2520 1021 2604 Raguseus
1046 2518 1097 2582 vel
1135 2519 1306 2586 Catarinne
1341 2522 1499 2584 iusticiam
1535 2521 1699 2606 quesierit,
1723 2541 1797 2584 cum

23 2669 25 2690 .
121 2637 209 2689 carta
234 2625 276 2688 de
300 2627 461 2688 communi
484 2626 625 2688 ciuitatis
650 2625 748 2688 vadat
770 2627 810 2688 ad
833 2626 1028 2712 querendam
1053 2627 1218 2706 iustitiam,
1242 2637 1274 2690 et
1297 2625 1424 2691 rediens
1441 2627 1482 2691 ad
1510 2627 1684 2708 ciuitatem,
1702 2648 1795 2690 suem

23 2815 24 2822 ἵ
121 2743 242 2795 cartam
269 2729 409 2796 adducat
431 2731 471 2794 dc
495 2733 656 2796 communi
680 2733 829 2812 ciuitatis,
853 2732 893 2796 de
916 2734 1034 2796 iniusto
1058 2733 1110 2796 vel
1134 2735 1260 2797 iusticia
1284 2732 1370 2818 quod
1395 2755 1566 2818 perpessus
1582 2732 1686 2812 fuerit,
1720 2753 1790 2798 oum

122 2849 210 2901 carta
249 2837 349 2901 vadat
371 2849 403 2900 et
426 2859 497 2901 cum
522 2847 610 2900 carta
644 2849 762 2901 redeat.
799 2837 885 2902 Nulli
924 2837 1075 2904 credatur
1109 2839 1169 2902 nisi
1207 2849 1326 2904 cartam
1362 2837 1510 2902 habuerit
1543 2837 1583 2902 de
1621 2839 1796 2906 communi·

23 2975 24 3034 ι
121 2955 186 3008 tate
210 2945 364 3008 ciuitatis.

24 3211 26 3232 ἱ
276 3145 382 3200 Matica
406 3163 422 3198 u
447 3145 565 3200 bedkom
588 3145 736 3202 dvorskour
759 3145 858 3200 arlrivu
883 3163 919 3200 na
943 3145 1063 3217 malenoj
1088 3147 1259 3218 pergameni,
1283 3167 1315 3203 sa
1338 3149 1392 3204 dra
1404 3149 1530 3219 jedusla
1545 3149 1671 3222 prepisa.
1690 3150 1708 3204 S
1724 3168 1798 3207 vana

24 3237 26 3248 '
124 3251 159 3287 na
183 3229 315 3289 savitku:
341 3232 434 3288 1181.
459 3235 509 3291 20.
534 3233 612 3304 Sept.
638 3234 696 3288 Der
719 3233 792 3290 Grai
813 3251 866 3288 uon
891 3233 1006 3290 Cattaro
1026 3234 1097 3290 trifft
1119 3235 1169 3288 mit
1189 3236 1304 3307 Ragnsa
1333 3238 1378 3291 die
1410 3237 1596 3309 Anordnung,
1627 3239 1691 3293 dass
1722 3256 1787 3294 man

24 3345 25 3350 ι
122 3320 181 3374 sich
205 3322 234 3374 in
259 3321 472 3376 Schuldsachsu
495 3339 549 3376 nur
570 3339 606 3376 an
630 3323 692 3378 dem
717 3321 875 3378 Schulduer
898 3323 984 3378 allein
1005 3323 1101 3378 halten
1125 3323 1228 3381 kiinne.
1251 3325 1375 3396 Ragosa.
1400 3356 1442 3366 —-
1478 3323 1603 3384 Cattaro.
1629 3327 1699 3384 163.
1725 3327 1752 3382 5.

614 3705 781 3790 CLXX.
808 3707 898 3790 0110
926 3707 1023 3806 god.
1051 3707 1318 3792 nto-1181.

125 3910 318 3974 alsuanum
341 3909 412 3972 III.
436 3911 584 3986 odpooora
607 3911 734 3982 oistupa
757 3909 983 3967 duouonskomu
1004 3907 1023 3984 ¹,
1046 3909 1085 3966 do
1108 3911 1179 3979 oooj
1202 3907 1406 3979 aepuooljetm'
1427 3905 1569 3976 caedentis,
1592 3907 1654 3979 toja·
1669 3908 1703 3979 je
1716 3909 1795 3980 prtje

415 4053 524 4112 sutoro
547 4052 735 4125 laternastop
757 4051 840 4110 dotto
863 4051 1032 4110 soeteoitlru
1056 4049 1128 4125 tuat,
1152 4048 1231 4108 mole
1252 4067 1308 4108 ooo
1332 4049 1508 4110 irudrr'oti.

278 4261 307 4325 A
331 4261 423 4325 nobis
447 4270 503 4324 tna
524 4259 676 4324 discretio
698 4259 876 4344 requisinit,
901 4267 1006 4322 utrum
1031 4259 1067 4338 is,
1091 4257 1145 4320 oui
1168 4265 1242 4320 ante
1263 4253 1372 4322 XXV.
1389 4279 1508 4320 annum
1526 4259 1619 4321 etatis
1635 4279 1700 4338 aue,
1719 4279 1797 4322 non·

24 4417 26 4430 .
128 4369 202 4434 dom
228 4367 374 4450 concilio,
399 4366 485 4453 quod
509 4387 612 4453 nuper
633 4365 786 4430 Laterani
810 4363 955 4446 lecimus,
979 4363 1149 4444 celebrato,
1182 4361 1317 4427 ecclesie
1352 4364 1574 4446 magisterium
1605 4385 1794 4446 conoessum

24 4497 25 4544 3
128 4474 194 4558 fnit,
220 4476 392 4540 occasione
411 4473 542 4554 decreti,
566 4493 629 4558 quo
649 4473 680 4536 in
712 4470 847 4535 concilio
880 4469 993 4534 eodem
1025 4469 1150 4534 clericis
1181 4471 1311 4533 minoris
1344 4471 1438 4533 etatis
1471 4469 1610 4534 con-ferri
1642 4469 1795 4535 ecclesias

25 4575 26 4602 ³
130 4581 361 4668 prohibuimus,
383 4581 485 4666 possit
507 4577 645 4643 ecclesia
668 4576 807 4664 spoliari,
832 4599 928 4662 quam
956 4586 1030 4640 ante
1054 4574 1258 4640 conciliarat
1287 4574 1487 4656 obtinuerat3
1518 4578 1686 4661 presertim
1723 4599 1795 4641 cum

25 4737 27 4748 ,
129 4689 197 4774 ipsa
221 4689 389 4752 concessio
413 4685 510 4750 fuerit
532 4684 574 4748 ab
597 4687 667 4770 ipso
691 4682 881 4747 dioecesano
906 4694 977 4768 post
999 4679 1169 4747 concilium
1195 4680 1381 4766 approbata.
1414 4679 1517 4767 Super
1547 4703 1611 4768 quo
1636 4681 1799 4747 consulta·

25 4785 27 4866 ξ
127 4795 201 4860 tiooi
228 4807 283 4858 tue
305 4793 412 4858 taliter
436 4791 682 4879 respondemus:
707 4788 802 4868 Quod
827 4791 888 4854 nisi
903 4789 968 4854 alia
983 4809 1081 4852 causa
1097 4785 1328 4852 rationabiliter
1344 4786 1460 4870 obstet,
1479 4789 1648 4853 occasione
1665 4790 1798 4853 minoris

122 5157 125 5165 .
280 5083 395 5145 ¹Jafft.
419 5085 540 5158 Regesta
564 5086 649 5143 Pont.
669 5081 750 5140 Rom.
774 5101 802 5154 p.
829 5081 901 5142 824.
926 5080 1020 5153 Episc.
1044 5079 1212 5150 Diuellensi,
1237 5079 1308 5136 alias
1336 5078 1496 5139 Dulrnensi.
1533 5075 1547 5113 ⁹
1570 5079 1739 5138 Rasumieva
1768 5097 1799 5138 se

129 5179 277 5236 concilium
300 5177 485 5244 lateranense,
508 5175 574 5246 god.
601 5174 694 5231 1119.
720 5191 736 5226 ιι
762 5174 824 5226 lom
847 5189 879 5226 su
895 5171 964 5226 osim
988 5171 1090 5241 drngih
1114 5169 1348 5240 prisntstrovaliz·
1365 5169 1408 5225 De
1426 5169 1575 5234 Provincia
1597 5170 1796 5224 iaderanensi:

130 5269 255 5324 Andreas
278 5264 410 5332 albensis,
441 5261 626 5334 Lampredius
656 5261 822 5330 absarensis,
857 5259 952 5313 Drobo
987 5257 1137 5330 veglensis,
1172 5257 1308 5312 Renerius
1342 5258 1513 5326 spalatensis
1547 5257 1784 5328 archiepiscopus,

130 5357 257 5415 llatheua
280 5353 423 5411 nonensis.
448 5349 569 5406 lfichael
589 5347 767 5406 sardonensis
790 5341 1021 5428 (scardonensis).
1046 5345 1147 5402 Massi.
1173 5345 1267 5406 xx11.
1293 5345 1366 5406 216.
1441 5359 1445 5366 ·
