4300 5930
1775 401 1837 466 157

157 585 341 673 Orisogono
364 586 462 652 fratre
485 589 565 670 eine,
589 587 685 652 Petro
708 585 847 668 Sluradi,
868 585 979 667 Gellia,
1003 585 1134 652 Andron
1157 586 1345 672 Cotopsnie,
1369 587 1477 668 Forto,
1503 587 1665 652 Damiano
1697 588 1738 653 de
1770 590 1836 655 Ru-

159 694 267 774 beeac,
293 691 409 758 Ooscia
432 691 612 778 Orisogoni,
644 691 760 758 Ooscia
792 681 953 776 Gregorii,
967 689 1156 773 Grubescia,
1174 689 1337 777 Stephano
1359 701 1391 756 et
1411 691 1584 757 Laurentio
1610 693 1685 757 liliis
1701 693 1834 782 Joseph,

157 797 324 884 Stephano
348 797 487 881 Cossuti,
512 798 638 863 Marino
661 797 824 879 Buciardi,
849 795 957 861 hlicha
981 807 1013 861 et
1035 796 1188 862 Bertaldo
1220 796 1294 864 filiis
1323 797 1493 882 Pecenegi,
1525 797 1653 862 Gaudio
1685 799 1835 882 Suronie,

156 902 321 968 Damiano
344 902 497 987 Organie,
522 903 629 970 Dessa
651 913 684 968 et
706 903 792 967 Bitte
815 901 855 966 de
877 901 1036 988 (P)ozula,
1060 902 1185 967 Jacobo
1210 902 1299 966 Petri
1322 904 1448 984 mortui,
1472 902 1663 967 Marandula
1693 915 1726 970 et
1760 906 1832 970 uni·

156 1030 255 1073 uersa
277 1011 481 1084 comunitate,
498 1011 530 1072 in
552 1009 653 1073 sancti
679 1007 849 1092 Orisogoni
874 1006 1019 1090 ecclesia,
1044 1017 1116 1094 post
1140 1007 1261 1072 bellum
1285 1029 1358 1072 oum
1383 1006 1517 1072 Venetis
1540 1008 1696 1090 habitum,
1720 1021 1837 1096 etpost

155 1115 328 1179 victoriam
351 1113 392 1178 ds
415 1113 549 1178 castello
572 1116 604 1178 in
628 1115 847 1201 promontorio
878 1112 976 1178 Treui
1008 1111 1169 1198 quondam
1201 1123 1318 1194 erecto,
1353 1112 1447 1177 nobis
1482 1113 1595 1178 celitus
1627 1113 1830 1196 destinatam,

156 1219 200 1284 ad
224 1219 369 1284 eiusdem
394 1221 496 1284 sancti
521 1216 692 1303 Orieogoni
717 1221 842 1305 patroni
877 1221 987 1300 nostri,
1018 1221 1070 1304 pie
1102 1217 1322 1284 translationis
1357 1218 1474 1282 festum
1510 1219 1719 1286 deuotissime
1754 1221 1835 1302 cele-

158 1324 318 1390 brandum
343 1326 618 1408 conuenissemue,
642 1337 675 1390 et
698 1323 908 1410 omnipotenti
933 1325 992 1388 deo
1017 1345 1056 1388 ac
1076 1323 1226 1388 omnihus
1251 1325 1370 1388 sanctis
1403 1325 1472 1388 eius
1508 1335 1540 1388 et
1574 1326 1726 1411 precipue
1761 1325 1837 1394 huic

159 1431 389 1496 sacratissimo·
404 1431 527 1494 martiri
550 1430 647 1494 tutori
670 1451 709 1494 ac
732 1433 905 1516 protectori
927 1439 1037 1494 nostro
1061 1451 1173 1516 preces
1197 1428 1388 1494 humilitatis
1423 1429 1637 1512 effundentes,
1662 1430 1774 1497 laudes
1804 1441 1837 1498 et

157 1537 281 1618 gratiae
303 1534 344 1599 de
369 1537 521 1600 suasione
545 1535 677 1599 maximi
702 1533 837 1620 periculi
862 1544 894 1598 et
916 1533 1085 1599 collatione
1108 1537 1243 1599 victorie
1274 1557 1313 1599 ac
1348 1535 1523 1600 omnimodi
1561 1537 1705 1622 percepti
1739 1539 1834 1602 bene-

156 1643 224 1707 ficii
248 1640 363 1706 deuote
386 1639 618 1706 retulissemus.
641 1640 756 1705 Electo
780 1648 889 1704 nostro
913 1645 1006 1703 Petro
1030 1641 1061 1702 in
1086 1637 1255 1724 Hungaria
1279 1642 1480 1725 persistente,
1505 1649 1537 1704 et
1557 1639 1692 1705 Nicolao
1707 1640 1835 1709 forense

156 1749 311 1834 episcopo
335 1757 443 1814 nostre
468 1747 605 1812 ecclesie
628 1747 833 1831 suffragante,
865 1746 1035 1809 missarum
1070 1743 1261 1830 sollempnia
1291 1744 1486 1825 celebrante,
1519 1755 1551 1810 et
1581 1767 1761 1810 sermonem
1792 1749 1833 1812 ad

157 1852 312 1940 populum
336 1875 423 1917 more
447 1851 540 1917 solito
563 1851 710 1934 faciente,
731 1849 793 1916 hoc
815 1849 856 1915 de
879 1851 1008 1914 comuni
1033 1851 1176 1914 omnium
1202 1850 1366 1916 voluntate
1402 1850 1647 1916 adinusnientes
1679 1854 1834 1920 stabilici-

155 1982 240 2040 mns,
263 1967 295 2022 et
318 1959 476 2044 presentie
500 1958 609 2044 scripti
635 1958 811 2020 munimine
833 1955 978 2020 roborari
1002 1959 1213 2041 precepimus,
1238 1955 1367 2020 decreto
1399 1957 1430 2021 in
1454 1966 1645 2043 perpetuum
1675 1959 1832 2024 valituro:

154 2075 192 2131 nt
215 2065 352 2132 insulam
372 2062 493 2146 Monoi,
516 2085 612 2148 quam
637 2065 698 2126 iam
723 2062 844 2126 dictum
869 2062 971 2125 sancti
995 2059 1166 2145 Orisogoni
1191 2062 1418 2128 monasterium
1440 2064 1525 2146 regis
1543 2061 1718 2145 Oresimiri,
1737 2065 1830 2130 beate

156 2173 323 2252 memorie,
345 2169 529 2254 largicione,
556 2169 640 2232 sicut
663 2168 787 2231 ineius
811 2165 989 2249 breuilegio
1010 2168 1201 2247 continetur,
1225 2189 1245 2230 a
1268 2165 1376 2230 multis
1400 2170 1568 2232 retroactis
1589 2169 1733 2254 possedit
1754 2181 1832 2235 tem-

155 2277 300 2363 poribus,
324 2276 490 2360 nostrique
513 2272 715 2359 postmodum
737 2273 859 2358 priores
883 2293 940 2357 pro
965 2273 1093 2336 comuni
1110 2281 1218 2336 nostre
1235 2272 1376 2336 ciuitatis
1393 2276 1629 2340 constructione
1646 2285 1678 2339 et
1693 2275 1831 2342 utilitate

154 2404 229 2446 eam
252 2404 316 2445 nna
340 2379 507 2443 nobiscum
531 2376 740 2457 abstulerant,
765 2378 805 2440 ob
829 2376 1042 2457 deuotionem,
1067 2399 1163 2462 qnam
1188 2377 1219 2440 in
1245 2388 1357 2442 sancto
1388 2377 1553 2461 habemus,
1585 2390 1618 2444 et
1649 2379 1691 2444 ob
1724 2381 1766 2464 id,
1798 2391 1834 2446 ut

155 2507 286 2573 semper
307 2483 349 2549 ab
373 2485 574 2548 inimicorum
597 2481 774 2545 visibilium
799 2491 838 2545 et
852 2480 1063 2546 inuisibilium
1087 2482 1270 2548 incursibus
1287 2481 1469 2559 liberemus,
1488 2494 1520 2548 et
1539 2485 1579 2549 de
1595 2485 1645 2550 his
1662 2488 1829 2551 victoriam

154 2613 195 2656 ac
218 2589 416 2676 triumphurn
439 2591 558 2673 iugiter
580 2587 700 2652 habere
724 2589 895 2673 possimne,
920 2597 952 2650 et
974 2589 1016 2650 ob
1041 2586 1111 2670 hoo,
1136 2587 1221 2672 quod
1245 2611 1303 2653 sua
1329 2591 1483 2674 cuiquam
1516 2589 1652 2654 reddere
1686 2590 1727 2654 de
1762 2594 1832 2656 inre

154 2708 313 2776 tenemur,
336 2704 512 2760 memorato
535 2695 729 2757 monasterio
750 2695 865 2756 iterum
890 2693 1108 2768 redderemus,
1133 2693 1220 2779 quod
1244 2704 1277 2758 et
1306 2694 1452 2774 fecimus,
1485 2704 1675 2778 statuentes,
1701 2708 1736 2761 ut
1767 2698 1831 2762 iam

154 2801 244 2866 dicte
267 2802 368 2865 sancti
392 2798 561 2884 Crisogoni
586 2797 723 2863 ecclesia
745 2797 933 2884 prephatam
958 2797 1069 2862 Monoi
1090 2799 1227 2864 insulam
1253 2821 1325 2863 cum
1342 2802 1465 2865 cunctis
1481 2805 1609 2886 pascuis
1626 2809 1658 2866 et
1673 2800 1830 2882 omnibus,

154 2930 220 2994 que
243 2908 275 2971 in
299 2929 337 2970 ea
361 2915 434 2970 sunt
457 2906 620 2991 perpetuis
643 2904 843 2989 temporibus
866 2902 984 2968 habeat
1007 2913 1039 2968 et
1059 2906 1128 2968 iure
1152 2901 1347 2968 hereditario
1371 2907 1402 2968 in
1427 2927 1521 2970 eoum
1544 2906 1715 2991 possideat.
1741 2905 1828 2972 Nulli

154 3014 255 3097 igitur
279 3009 444 3076 hominum
468 3009 564 3074 liceat
585 3009 669 3074 hanc
693 3019 800 3074 nostre
824 3007 1004 3093 largitionis
1038 3019 1069 3072 et
1092 3011 1326 3074 constitutionis
1350 3013 1501 3095 paginam
1525 3011 1710 3095 infringere,
1727 3013 1779 3076 vel
1800 3015 1828 3076 ei

152 3139 236 3182 ausu
259 3118 429 3182 temerario
453 3115 655 3201 aliquatenus
679 3115 847 3194 contraire,
872 3115 898 3178 si
914 3135 978 3198 qua
993 3115 1091 3200 igitur
1107 3113 1334 3195 ecclesiastica,
1352 3113 1548 3180 secularisue
1565 3138 1701 3201 persona
1719 3128 1830 3182 eontra

152 3245 225 3286 eam
251 3223 356 3286 sciens
380 3221 427 3285 ire
450 3219 663 3306 temptauerit,
688 3221 749 3283 nisi
773 3242 815 3282 ex
837 3217 1002 3282 voluntate
1027 3219 1154 3284 abbatis
1172 3229 1204 3283 et
1219 3219 1362 3284 eiusdem
1379 3220 1505 3283 cenobii
1521 3220 1665 3304 fratrum,
1683 3221 1831 3309 indigna·

153 3330 276 3392 tionem
300 3328 527 3412 omnipotentis
551 3325 603 3390 dei
627 3329 779 3402 incurrat,
803 3333 835 3388 et
857 3348 876 3386 a
908 3325 1125 3388 sacratissimo
1156 3347 1291 3409 corpore
1323 3333 1355 3388 et
1385 3327 1541 3408 sanguine
1574 3325 1694 3390 domini
1729 3331 1829 3393 nostri

152 3433 258 3499 Jhesu
282 3431 403 3497 Christi
427 3431 621 3496 alienafiat.
645 3429 779 3496 Cunctis
803 3439 909 3494 autem
931 3429 991 3492 sibi
1017 3452 1075 3492 eoa
1098 3431 1169 3494 iura
1192 3431 1406 3510 sernentibus,
1429 3432 1471 3492 sit
1495 3453 1560 3515 pax
1583 3429 1703 3494 domini
1729 3436 1830 3498 nostri

151 3538 257 3604 Jhesu
281 3535 411 3622 Christi,
435 3545 472 3601 ut
494 3536 548 3600 hic
570 3545 603 3602 et
624 3539 658 3600 in
682 3545 825 3600 eternum
852 3545 1004 3620 perpetue
1027 3533 1190 3598 felicitatis
1214 3533 1352 3598 fructum
1379 3536 1554 3599 inueniant.
1579 3536 1693 3601 Amen.
1711 3539 1828 3605 Amen.

154 3645 271 3720 Amen.
296 3642 382 3708 Date
405 3665 462 3729 per
484 3663 598 3708 manus
624 3640 722 3705 Blasii
748 3647 858 3704 sancte
881 3639 1053 3703 Anastasia
1077 3639 1203 3704 diaconi
1227 3650 1259 3702 et
1283 3640 1438 3703 iadertine
1469 3643 1558 3704 curie
1591 3643 1717 3718 notarii,
1749 3653 1828 3707 tem-

151 3771 232 3838 pore
254 3749 382 3813 ahbatie
407 3746 578 3829 Vincentil,
602 3756 635 3812 et
658 3745 828 3832 Symeonie
851 3745 974 3827 decani,
999 3767 1037 3808 ac
1061 3745 1186 3808 Drasce
1210 3747 1374 3830 prepositi,
1392 3755 1595 3831 ceterorumq
1612 3746 1755 3829 fratrum,
1773 3751 1827 3834 qui

151 3855 293 3936 Blasius,
318 3855 448 3940 scripsit
469 3851 682 3918 demandato
707 3852 809 3916 tocius
833 3849 969 3915 ecclesie
992 3872 1030 3914 ac
1060 3851 1199 3914 ciuitatis
1231 3862 1262 3913 et
1294 3850 1458 3914 roborauit
1488 3861 1520 3914 et
1551 3853 1644 3935 signo
1675 3862 1828 3918 consueto

152 3959 297 4044 signauit
318 3957 465 4024 feliciter.

304 4137 407 4198 tlatiea
431 4157 468 4196 na
490 4141 663 4213 pergameni.
685 4133 712 4198 U
734 4135 801 4212 gub.
824 4137 883 4200 art.
909 4139 1003 4199 rader.
1028 4133 1113 4210 Cape.
1137 4136 1245 4195 XVIII.
1268 4139 1309 4194 hr.
1337 4139 1407 4196 428.

416 4396 417 4399 Ν
500 4425 1138 4536 ccx.1lso.1t.lrpnjau
1180 4429 1480 4516 Duhrornlku.
1555 4503 1557 4508 .

544 4605 702 4683 Mirantur,
723 4613 797 4673 taen
821 4605 939 4671 hamelet
961 4625 1094 4686 uacuare
1115 4609 1175 4670 mir
1197 4627 1212 4671 a
1233 4609 1434 4672 Dubrovtoai.

298 4793 380 4882 †In
404 4793 524 4864 Christi
549 4801 686 4864 nomine.
711 4797 806 4863 Anno
830 4797 990 4864 dominice
1011 4798 1250 4880 incarnationis,
1285 4799 1441 4864 milesimo
1470 4804 1646 4867 centesimo
1682 4825 1822 4888 nonage-

149 4905 243 4988 simo,
275 4905 395 4968 mensis
427 4905 505 4968 iunii
538 4902 590 4968 die
621 4902 730 4971 XVII.
761 4906 911 4969 intrante.
947 4902 1200 4968 salutationibus
1231 4913 1264 4968 et
1294 4903 1509 4970 locutionibus
1542 4906 1676 5000 domini
1695 4911 1822 4972 comitis

148 5007 318 5074 Miroslaui
344 5031 401 5096 per
423 5010 559 5074 nuncios
582 5030 657 5074 suos
678 5007 824 5074 Maurum
849 5010 1001 5095 iupanum
1027 5017 1058 5074 et
1081 5008 1228 5094 Sergium
1246 5011 1258 5048 ¹
1281 5009 1422 5092 directis,
1443 5008 1503 5075 hec
1524 5022 1574 5078 est
1596 5012 1817 5096 Raguseorum

311 5223 606 5285 'Uakademitkom
628 5227 742 5299 iadanjo
765 5222 880 5282 listinsh
903 5223 926 5282 I.
952 5225 1002 5285 14.
1027 5233 1056 5282 et
1078 5225 1206 5298 Sergium
1229 5223 1390 5300 opuscolo.
1449 5245 1453 5252 ¹
1486 5247 1489 5261 ι
