4300 5930
336 395 401 500 na

336 595 439 677 etatis,
463 601 519 657 aut
542 589 660 656 decreti
685 589 803 678 quod
795 613 826 654 m
850 589 988 688 concilio
1010 591 1313 678 promulgauimus,
1311 589 1467 658 uolumus
1492 615 1562 658 eum
1588 615 1607 657 a
1631 602 1820 678 percepto·
1800 604 1878 657 ante
1911 591 2005 657 benc·

335 699 409 764 ficio
432 699 601 763 remoueri.

484 897 574 956 blansi
599 899 694 964 XXII.
718 899 791 957 366.
816 901 964 978 Bocbmeri
986 918 1062 974 corp.
1086 901 1137 956 iur.
1161 919 1222 956 can.
1246 901 1282 958 II.
1307 918 1372 972 app.
1399 900 1472 956 242.

713 1245 905 1329 CLXXI.
933 1243 1336 1348 metamucense
1364 1246 1400 1328 U
1428 1246 1621 1328 Veletru.

415 1459 510 1522 Lucio
533 1461 604 1522 ΙΙΙ.
615 1479 709 1536 papa,
731 1461 899 1536 potvrdjm'e
920 1467 1094 1522 carnosiora
1117 1481 1159 1524 ev.
1185 1465 1297 1523 Korma
1319 1464 1331 1521 i
1353 1462 1507 1535 Damjmm
1530 1479 1583 1521 soa
1604 1463 1722 1522 steiano
1739 1479 1841 1536 prava
1862 1466 1874 1518 ι’
1896 1457 2008 1521 dobras.

482 1669 602 1735 Lucius
626 1671 796 1756 episcopus
820 1693 933 1736 seruus
956 1694 1123 1735 seruorum
1148 1671 1209 1734 dei.
1236 1669 1371 1733 Dilectis
1395 1668 1469 1732 filiis
1496 1668 1667 1732 Dominico
1689 1667 1800 1732 abbati
1817 1666 2007 1730 monasterii

335 1777 435 1840 sancti
460 1773 610 1839 Damiaui
636 1775 675 1839 de
700 1775 817 1854 Monte,
843 1778 975 1862 eiusque
1008 1775 1169 1858 fratribus,
1205 1785 1269 1839 tam
1307 1773 1508 1861 presentibus
1541 1798 1637 1861 quam
1667 1773 1783 1838 futuris
1816 1771 2003 1857 regularem

334 1883 436 1945 vitam
459 1881 620 1968 professis,
646 1883 677 1945 in
699 1891 898 1967 perpetuum.
920 1881 964 1946 Et
988 1885 1015 1948 si
1040 1883 1189 1947 omnibus
1213 1884 1436 1946 necessitatem
1462 1880 1661 1970 pacientibus
1685 1879 1861 1944 debeamus
1878 1877 2006 1956 adesse,

281 1982 283 1991 ἱ
336 1985 503 2072 religiosos
527 1999 631 2052 tamen
657 1987 836 2072 benigniori
861 2011 918 2052 nos
942 1991 1092 2052 conuenit
1113 1989 1204 2053 oculo
1228 1991 1353 2062 intueri,
1379 2000 1471 2052 uteo
1495 1988 1608 2052 fortius
1632 1985 1838 2052 obseruantie
1859 2007 1918 2049 sue
1936 2007 2007 2070 pro-

338 2091 488 2158 fessionis
508 2093 666 2175 insistaut,
693 2117 755 2179 quo
793 2097 896 2179 magis
929 2118 964 2159 se
995 2095 1126 2159 videant
1155 2115 1175 2159 a
1210 2094 1285 2159 sede
1321 2095 1499 2180 apostolica
1532 2098 1565 2158 in
1599 2097 1692 2158 iustis
1725 2089 2005 2179 postulacionibus

336 2199 494 2264 exaudiri.
518 2199 561 2263 Et
584 2211 755 2287 eapropter
777 2200 884 2265 dilecti
921 2226 940 2265 a
976 2201 1105 2266 domino
1140 2201 1206 2280 filii,
1247 2203 1362 2266 vestris
1398 2205 1489 2265 iustis
1526 2199 1794 2288 postulationibus
1829 2199 2009 2263 clementer

336 2307 515 2388 annuimus,
540 2315 572 2370 et
595 2305 754 2392 prefatum
778 2309 1006 2372 monasterium
1030 2309 1062 2370 in
1087 2329 1150 2393 quo
1173 2307 1282 2372 diuino
1306 2309 1479 2393 mancipati
1504 2311 1581 2371 estis
1612 2307 1780 2394 obsequio,
1819 2305 1878 2369 sub
1915 2304 2002 2368 beati

337 2411 422 2476 Petri
447 2423 478 2476 et
501 2421 610 2475 nostra
633 2414 830 2498 protectione
855 2413 1057 2498 suscipimus,
1083 2426 1114 2476 et
1135 2415 1294 2498 presentis
1311 2415 1427 2498 ,scripti
1452 2411 1620 2499 priuilegio
1655 2415 1901 2477 communimus.
1936 2409 2007 2472 Sta-

335 2527 470 2596 tuentes,
494 2528 529 2582 ut
553 2519 772 2604 quascumque
795 2520 1025 2603 possessiones,
1050 2540 1252 2605 quecumque
1269 2518 1354 2583 bona
1370 2518 1455 2582 idem
1474 2519 1700 2582 monasterium
1717 2519 1749 2581 in
1767 2517 2005 2603 presentiarum

336 2626 419 2688 iuste
443 2635 474 2687 et
497 2625 650 2688 canonice
674 2623 826 2708 possidet,
850 2625 959 2687 autin
985 2625 1125 2688 futurum
1149 2626 1357 2689 concessione
1382 2623 1578 2709 pontificum,
1605 2623 1779 2708 largicione
1802 2644 1927 2706 regum,
1955 2620 2006 2683 vel

336 2732 527 2818 principum,
552 2729 713 2794 oblatione
737 2727 890 2812 fidelium,
916 2753 972 2794 seu
994 2729 1065 2794 aliis
1089 2733 1181 2800 iustis
1206 2728 1318 2811 modis,
1344 2741 1505 2816 prestante
1538 2729 1676 2806 domino,
1714 2731 1829 2814 poterit
1857 2729 2006 2814 adipisci,

337 2837 430 2901 firma
453 2835 545 2900 vobis
569 2836 749 2919 vestrisque
772 2835 1011 2898 successoribus
1036 2845 1068 2898 st
1091 2835 1213 2900 illibata
1237 2849 1454 2922 permaneant,
1478 2837 1511 2898 in
1535 2835 1652 2920 quibus
1676 2834 1735 2898 hcc
1772 2835 1910 2920 propriis
1945 2833 2001 2897 du-

335 2945 444 3008 ximus
468 2940 680 3028 exprimenda
703 2940 888 3004 vocabulis:
911 2940 1032 3004 Locum
1058 2945 1162 3027 ipsum
1182 2945 1214 3005 iu
1239 2965 1301 3028 quo
1319 2943 1477 3026 prefatum
1495 2943 1723 3005 monasterium
1740 2942 1834 3004 situm
1853 2951 1911 3020 est,
1930 2962 2003 3003 cum

337 3049 486 3114 omnibus
510 3047 715 3133 pertinenciis
740 3047 816 3110 suis.
844 3045 1065 3110 Possessiones
1098 3069 1209 3112 omnes
1246 3050 1429 3112 monasterii
1468 3061 1569 3112 sancti
1546 3046 1762 3111 tiJohannis
1798 3046 2001 3129 euangeliste

337 3155 422 3276 quod
446 3151 607 3240 quondam
629 3151 776 3216 Venetici
800 3152 1037 3217 destruxerunt.
1063 3153 1244 3218 Ecclesiam
1269 3155 1371 3217 sancti
1396 3152 1585 3218 Michahelis
1610 3153 1650 3216 do
1673 3153 1806 3238 Rogous
1830 3175 1901 3216 cum
1937 3175 2007 3238 per-

336 3261 485 3325 tinenciis
519 3261 596 3323 auis.
636 3258 862 3323 Grobouniuza
901 3281 973 3340 cum
1014 3257 1212 3345 pertinentiis
1254 3263 1329 3340 suis,
1373 3271 1404 3322 et
1440 3283 1535 3323 unum
1573 3259 1789 3322 molendinum
1831 3257 2006 3338 Bubniani,

338 3389 409 3430 cum
434 3366 638 3452 pertinenciis
663 3367 740 3428 suis.
765 3363 827 3428 Tin
851 3386 923 3429 oum
948 3367 1152 3450 pertinenciis
1181 3369 1256 3431 suis.
1292 3365 1424 3430 Alesani
1458 3388 1528 3429 cum
1566 3367 1771 3458 pertinenciis
1805 3367 1881 3428 suis.
1921 3361 2007 3428 cho-

336 3475 465 3537 ruscani
503 3494 574 3535 cum
611 3473 817 3557 pertinenciis
858 3474 934 3537 suis.
980 3474 1101 3537 Merani
1139 3495 1211 3536 cum
1250 3474 1455 3558 pertinenciis
1479 3473 1544 3534 suis
1585 3482 1615 3534 et
1655 3473 1687 3533 in
1726 3469 1863 3534 Scladon
1906 3494 2006 3534 unum

337 3577 565 3644 molendinum.
589 3576 741 3642 Preterea
764 3576 928 3642 libertates
952 3589 983 3640 et
1006 3579 1223 3643 immunitates
1244 3599 1306 3664 que
1339 3579 1467 3642 fuerunt
1499 3579 1665 3662 prescripti
1697 3579 1880 3640 monasterii
1913 3576 2007 3642 vobis

337 3696 369 3751 et
390 3685 582 3761 monasterio
605 3691 723 3766 vestro,
748 3682 941 3768 quod'illius
966 3681 1089 3770 capella
1118 3685 1187 3766 fuit,
1219 3685 1407 3748 auctoritate
1437 3681 1612 3769 apostolica
1646 3683 1883 3746 confirmamus.
1920 3683 2006 3748 Sane

337 3790 498 3856 noualium
523 3798 701 3852 vestrorum
727 3787 831 3852 nullus
855 3811 874 3851 a
898 3789 989 3852 vobis
1014 3789 1154 3853 decimas
1180 3801 1343 3876 presumat
1364 3792 1504 3872 exigere.
1529 3789 1640 3853 Liceat
1662 3789 1755 3854 vobis
1779 3811 1907 3875 quoque
1944 3790 2004 3854 cle-

336 3901 419 3963 ricos
445 3907 477 3961 et
499 3895 598 3959 laicos
622 3917 641 3956 a
663 3894 770 3958 seculo
793 3894 952 3979 fugientes
988 3894 1106 3960 liberos
1141 3907 1173 3960 et
1206 3895 1370 3960 absolutos
1406 3893 1447 3958 ad
1485 3897 1760 3960 conuersationem
1796 3890 1943 3980 recipere
1974 3907 2004 3959 et

335 4004 460 4090 absque
484 4001 734 4066 contradictione
757 4000 865 4087 aliqua
887 4001 1037 4066 retinere.
1062 4000 1262 4087 Sepulturam
1288 4023 1415 4088 quoque
1438 3999 1581 4066 eiusdem
1608 3999 1824 4065 loci'liberam
1855 4025 1927 4066 esse
1953 4003 2004 4066 de·

337 4114 507 4192 cernimus,
533 4118 566 4172 ut
589 4130 697 4172 eornm
723 4107 883 4171 deuotioni
908 4117 938 4172 et
955 4117 1099 4171 extreme
1117 4107 1283 4190 voluntati,
1308 4111 1362 4192 qui
1387 4129 1421 4170 se
1440 4105 1505 4170 illic
1521 4105 1649 4192 sepeliri
1667 4104 1926 4188 deliberauerint,
1946 4111 2005 4172 nisi

337 4217 419 4281 forte
444 4215 713 4279 excommunicati
746 4212 797 4278 vel
829 4214 990 4278 interdicti
1026 4216 1098 4292 sint,
1134 4213 1239 4280 nullus
1273 4213 1416 4294 obsistat,
1455 4212 1543 4277 salua
1578 4225 1684 4277 tamen
1718 4215 1843 4279 iusticia
1876 4213 2004 4278 illarum

338 4321 556 4397 ecclesiarum,
581 4344 601 4384 a
624 4320 741 4405 quibus
767 4329 963 4384 mortuorum
988 4342 1123 4406 corpora
1146 4325 1363 4384 assumuntur.
1393 4318 1541 4383 Obeunte
1566 4343 1642 4383 vero
1675 4330 1705 4383 tc
1740 4342 1826 4384 nunc
1856 4305 2005 4386 eiusdem

338 4429 399 4493 loci
423 4427 550 4504 abbate,
572 4425 623 4490 vel
648 4435 773 4490 tuorum
798 4425 942 4511 quolibet
963 4449 1197 4508 successorum,
1223 4425 1330 4490 nullus
1363 4426 1405 4490 ibi
1437 4426 1580 4511 qualibet
1617 4425 1833 4510 subreptionis
1868 4433 2005 4508 astucia,

339 4557 395 4598 seu
416 4533 574 4598 violencia
596 4541 802 4618 proponatur,
827 4533 888 4594 nisi
913 4555 1008 4618 quem
1033 4529 1148 4598 fratres
1172 4535 1333 4597 communi
1358 4555 1526 4610 consensu,
1553 4533 1603 4595 vel
1627 4531 1760 4596 fratrum
1786 4555 1860 4618 pars
1877 4534 2004 4598 consilii

339 4641 475 4704 sanioris
499 4632 673 4702 seeundum
698 4639 748 4701 dei
774 4641 918 4702 timorem
943 4647 976 4701 et
999 4639 1083 4704 beati
1104 4639 1268 4704 Benedicti
1300 4637 1444 4722 regulam
1478 4637 1677 4723 prouiderint
1707 4638 1901 4722 eligendum.
1941 4639 2003 4704 De·

338 4744 499 4810 cernimus
523 4767 609 4828 ergo,
635 4755 670 4808 ut
693 4743 770 4808 nulli
793 4747 923 4808 omnino
958 4744 1123 4810 hominum
1159 4745 1254 4810 liceat
1292 4748 1516 4810 uiouastcrium
1553 4754 1694 4808 vestrum
1730 4755 1850 4809 temere
1881 4757 2005 4832 pertur-

339 4851 425 4931 bare,
449 4861 504 4914 aut
527 4852 595 4914 eius
620 4853 839 4936 possessiones
860 4849 997 4929 auferre,
1020 4848 1071 4915 vel
1096 4849 1218 4914 ablatas
1242 4853 1390 4933 retinere,
1413 4853 1612 4930 imminuere,
1637 4873 1695 4915 seu
1716 4851 1917 4936 quibuslibet
1951 4876 2004 4916 ve-

338 4955 523 5020 xationibus
548 4955 694 5058 fatigare,
719 4955 775 5020 sed
799 4958 907 5020 omnia
928 4957 1063 5040 integra
1087 4967 1316 5021 conseruentur
1352 4981 1472 5038 eorum,
1508 4981 1565 5042 pro
1600 4980 1735 5043 quorum
1772 4952 2004 5050 sustentatione
2067 5019 2071 5029 .

338 5062 399 5127 hac
422 5061 654 5145 gubernatione
678 5081 832 5126 concessa
855 5071 930 5125 sunt
952 5063 1064 5126 usibus
1088 5044 1279 5126 omnimodis
1305 5063 1478 5149 profutura,
1504 5063 1595 5127 salua
1619 5065 1704 5128 sedis
1728 5039 1905 5152 apostolice
1927 5090 2002 5132 auc-

339 5170 466 5232 toritate
491 5179 522 5233 et
545 5169 726 5233 dioecesani
750 5168 890 5254 episcopi
915 5171 1068 5232 canonica
1100 5170 1229 5232 iustitia
1261 5168 1295 5232 Si
1327 5193 1390 5256 qua
1421 5172 1519 5254 igitur
1549 5171 1582 5233 in
1614 5169 1763 5234 futurum
1784 5155 2016 5236 ecclesiastica¹

340 5274 533 5342 secularisue
557 5297 703 5368 persona,
729 5274 811 5339 hanc
834 5287 941 5340 nostre
965 5277 1201 5341 constitutionis
1226 5278 1374 5362 paginam
1397 5279 1503 5343 sciens
1527 5287 1640 5344 contra
1661 5301 1732 5358 eam
1749 5291 1872 5359 temere
1890 5265 2016 5362 uenire]
