4310 5918
25 7 185 150 Γ

1765 414 1827 478 155

152 599 435 689 (archiepiscopo).
472 601 567 668 Petro
599 603 779 670 chroatensi
814 605 975 691 episcopo,
1007 601 1180 689 Stephano,
1203 602 1364 667 iaderensi
1389 603 1550 691 episcopo,
1583 606 1732 674 Johanne
1767 617 1829 674 tra·

152 708 293 791 gnriensi
318 711 478 797 episcopo,
492 709 641 775 Johanue
657 713 759 775 sancti
785 709 1001 776 Bartholomei
1019 709 1146 792 abbate,
1166 709 1261 774 Petro
1277 708 1482 794 belgradensi
1506 711 1634 795 abbate,
1659 715 1830 782 Dominico

151 815 263 900 tepsio,
287 811 406 880 lwrina
437 818 624 900 tenenstico,
655 815 775 882 Viseno
811 816 967 903 polistico.
992 815 1050 880 Isti
1082 815 1123 880 ad
1155 817 1325 900 (nostram)
1353 816 1634 886 confirmacionem
1658 843 1751 904 cum,
1784 822 1830 906 (in

152 920 342 986 numerabili
375 921 577 988 multitudine
608 923 727 990 ibidem
763 931 888 988 astante
912 921 1097 1008 sufficiant).
1127 919 1286 986 Jacobum
1311 943 1388 987 vero
1412 923 1524 988 ducam
1547 924 1765 992 Marianorum
1789 949 1831 992 ex

151 1038 239 1116 parta
273 1027 394 1119 (nostru
426 1029 567 1118 legatum
600 1044 632 1097 et
662 1033 761 1120 intro)
796 1032 960 1098 ductorem
988 1028 1151 1094 abbatisse
1175 1028 1244 1096 lieri
1267 1030 1497 1096 Immemoratis
1528 1031 1603 1120 (sic)
1635 1035 1729 1098 terris
1761 1053 1832 1120 per·

152 1137 312 1201 misimus.
337 1135 372 1201 Si
394 1140 466 1226 quie
490 1161 602 1223 regum
619 1138 670 1202 vel
685 1141 875 1226 principum,
899 1140 1101 1225 iupaunrum,
1125 1157 1224 1222 parua
1241 1137 1310 1199 siue
1327 1158 1444 1220 magna
1470 1161 1617 1224 persona,
1633 1137 1709 1204 huic
1725 1150 1832 1204 nostre

151 1241 324 1308 donacioui
352 1247 511 1310 contraire
542 1248 757 1333 temptauerit,
775 1247 892 1310 trinum
922 1255 954 1308 et
977 1265 1074 1308 unum
1092 1243 1188 1307 deum
1212 1239 1329 1306 habeat
1350 1245 1465 1307 iratum
1491 1253 1522 1308 ct
1546 1241 1640 1310 000.
1666 1244 1777 1311 decem
1802 1253 1834 1310 et

150 1355 221 1412 octo
254 1359 438 1416 sanctorum
464 1365 591 1440 patrum
611 1363 828 1440 consequatur
844 1350 1117 1416 malediccionem.
1139 1347 1182 1413 Et
1205 1347 1423 1414 molendinum
1443 1373 1505 1437 qne
1529 1360 1579 1416 est
1601 1353 1668 1417 vita
1690 1352 1832 1440 ipsorum

158 1453 307 1521 similiter
331 1455 378 1522 eis
401 1457 468 1524 frat.

310 1561 383 1648 Ego
406 1563 597 1630 Theodorus
621 1563 780 1652 presbiter
803 1573 835 1630 et
856 1562 992 1630 ecclesis
1008 1565 1109 1629 sancti
1135 1563 1265 1628 Domnii
1280 1571 1311 1627 et
1334 1561 1477 1630 eiusdem
1497 1565 1584 1649 regis
1610 1563 1831 1646 cancellarius,

150 1671 266 1756 scripsi
293 1679 325 1736 et
349 1693 418 1736 sum
443 1673 535 1756 testis
555 1671 692 1736 ibidem·

313 1801 430 1857 Izrorna
454 1802 550 1859 listina
582 1803 683 1874 pisana
705 1821 742 1858 na
764 1804 934 1876 pergameni,
958 1821 975 1856 ιι
1000 1802 1113 1858 sriedini
1138 1801 1289 1874 pederana,
1320 1801 1411 1856 unlazi
1443 1817 1473 1856 se
1498 1818 1515 1853 ιι
1538 1800 1701 1872 zemaljskoj
1733 1799 1834 1872 pinno-

86 1961 89 1969 Ι
150 1887 232 2031 plrani
256 1907 278 1944 u
301 1889 438 1960 Zegrebu.
462 1890 535 1946 Doc.
565 1891 642 1946 VIII.
659 1891 737 1948 Ricdi
754 1892 810 1963 pod
833 1899 973 1948 astrorum
998 1893 1159 1965 popunJ'ane
1175 1909 1207 1946 su
1224 1891 1248 1944 ia
1265 1889 1416 1946 Farlators
1434 1887 1533 1944 taksta.
1552 1889 1630 1962 Illyr.
1655 1889 1731 1946 Sacr.
1753 1889 1835 1944 Tem.

180 1977 200 2032 l.
222 1981 276 2034 slr.
298 1978 372 2034 155.

876 2277 995 2360 οΧ0.
1023 2275 1137 2360 loto.

154 2451 332 2512 Predtancio
355 2454 460 2527 &stup
484 2455 650 2529 belprodslci
685 2457 792 2530 daruje
820 2457 994 2518 snmostnna
1016 2475 1057 2516 so.
1083 2453 1181 2516 loono
1212 2473 1312 2532 avone
1336 2457 1427 2516 miton
1450 2473 1489 2518 aa.
1514 2457 1623 2516 Korma
1645 2457 1656 2514 i
1680 2450 1838 2528 Dumana

878 2563 936 2622 leod
959 2563 1119 2639 Betpradc.

316 2697 354 2761 ln
378 2698 507 2762 nomine
531 2701 632 2785 patris
655 2709 687 2764 et
709 2699 767 2764 filii
791 2710 823 2764 et
846 2701 977 2789 spiritus
1001 2701 1112 2782 saneti,
1138 2700 1232 2764 unius
1255 2699 1407 2765 trinitatis
1430 2709 1462 2764 et
1482 2701 1565 2764 trine
1597 2702 1728 2764 unitatis
1752 2700 1834 2764 indi·

155 2802 261 2867 uidue.
291 2803 412 2868 Notum
437 2805 479 2868 sit
500 2805 649 2871 omnibns
670 2806 822 2872 fidelihus
846 2819 909 2872 tam
935 2805 1138 2894 presentibus
1162 2828 1257 2892 quam
1283 2805 1408 2888 futuris,
1426 2805 1512 2893 quod
1530 2806 1745 2887 Prestaocius,
1772 2804 1838 2870 hel-

153 2909 326 2994 gradensis
342 2911 521 2998 episcopos,
538 2913 639 2998 grati-n
658 2912 766 2978 diuina
791 2923 822 2978 et
844 2914 984 2979 humane
1002 2914 1158 2994 karitatis,
1188 2911 1356 2977 ecclesiam
1378 2922 1561 2978 sanctorum
1584 2911 1702 2978 Cosme
1719 2921 1750 2977 et
1774 2911 1839 2976 Da·

156 3019 263 3100 miani,
290 3039 353 3104 que
367 3019 427 3083 sita
439 3029 488 3083 est
500 3021 532 3082 in
545 3029 639 3084 acuto
653 3021 773 3085 vertice
789 3019 957 3086 cuiusdam
972 3019 1147 3102 monticuli,
1163 3041 1226 3084 non
1240 3018 1335 3104 longe
1348 3043 1367 3082 a
1379 3017 1563 3105 supradicta
1576 3017 1654 3083 urbe
1679 3017 1839 3094 distantis,

157 3127 357 3189 monasterio
381 3127 483 3190 sancti
500 3123 659 3190 Johannis
677 3127 875 3212 euangeliste
893 3127 1119 3214 perpetualiter
1135 3126 1253 3192 habers
1270 3128 1430 3192 concessit
1455 3125 1503 3191 Ne
1519 3135 1626 3190 autem
1642 3123 1753 3212 aliqua
1770 3146 1840 3188 suc·

154 3227 338 3294 cedentium
357 3229 510 3295 violentia
528 3233 718 3318 principum,
737 3234 823 3318 regis
845 3231 1003 3314 videlicet,
1028 3232 1179 3318 episcopi,
1200 3241 1256 3297 aut
1284 3233 1399 3318 prioris
1418 3231 1561 3297 eiusdem
1586 3232 1726 3295 ciuitatrs
1742 3239 1839 3295 teme·

157 3338 242 3400 raria
267 3347 385 3418 mente,
406 3335 504 3400 feroci
521 3337 690 3422 tirannide,
708 3338 767 3404 hec
784 3348 902 3404 statuta
921 3338 1041 3402 violare
1060 3337 1184 3419 audeat,
1202 3347 1234 3402 et
1251 3361 1310 3402 sua
1329 3336 1509 3402 audacitate
1526 3345 1718 3424 corrumpat,
1744 3335 1839 3400 huius

157 3443 378 3508 concessionis
402 3444 525 3507 sanctio
549 3454 624 3508 aute
648 3467 802 3530 personas
827 3447 968 3510 virorum
994 3444 1294 3510 honestissimorum
1328 3455 1360 3508 et
1391 3453 1501 3508 sancte
1531 3441 1697 3528 religionis
1721 3441 1839 3506 cultum

159 3547 280 3633 iugiter
303 3549 541 3634 exequantium,
566 3551 689 3638 absque
713 3549 778 3616 ulla
798 3551 1055 3616 contradictione
1080 3550 1284 3618 laudabiliter
1308 3551 1515 3616 corroborata
1540 3559 1598 3632 est,
1623 3552 1655 3614 in
1680 3548 1842 3636 presentia

159 3653 287 3718 scilicet
310 3654 480 3719 Laurencii
519 3659 623 3721 tocius
654 3655 823 3724 Dalmacie
857 3683 895 3723 ac
928 3657 1086 3724 Chroacie
1117 3659 1367 3722 reuerentissimi
1399 3656 1642 3745 archiepiscopi,
1670 3666 1702 3720 et
1733 3655 1841 3720 domni

159 3760 339 3827 Gebizonis
362 3773 544 3828 sanctorum
569 3761 728 3829 Bonifacii
752 3777 784 3830 et
806 3763 914 3830 Alexii
947 3762 1180 3849 religiosissimi
1215 3763 1352 3846 abbatis,
1377 3786 1440 3828 uua
1472 3785 1544 3827 eum
1580 3761 1736 3826 Fulcoiuo
1766 3760 1841 3824 Feri

161 3867 360 3954 Simphronii
386 3868 562 3934 venerabili
589 3872 742 3958 episcopi,
770 3870 945 3958 apostolice
969 3871 1054 3936 sedis
1078 3869 1380 3957 apochrisariorum,
1402 3870 1434 3934 in
1452 3870 1547 3934 vinea
1564 3868 1684 3932 iustitie
1700 3867 1752 3930 dei
1769 3867 1843 3930 totis

162 3973 288 4038 viribus
313 3975 567 4040 misericorditer
588 3975 819 4057 laborantibus,
849 3977 1028 4041 astantibus
1052 3979 1147 4042 etiam
1174 3975 1397 4062 belgradensis
1421 3974 1556 4040 ecclesie
1574 3972 1844 4060 archipresbitero

163 4078 285 4165 Drago,
298 4091 330 4145 et
341 4080 567 4148 archidiacono
581 4083 741 4166 Johannc,
755 4093 787 4148 et
797 4083 916 4149 Jadere
933 4083 1161 4149 archidiacono
1177 4081 1299 4164 Dabro,
1317 4092 1349 4146 et
1366 4080 1515 4146 omnibus
1534 4078 1661 4144 clericis
1677 4079 1844 4164 utriusque

162 4189 305 4254 ciuitatis
330 4199 362 4254 et
385 4189 556 4254 Dominio·
580 4189 675 4256 Iusto
705 4193 819 4277 priore,
845 4191 1008 4276 Gregorio
1033 4190 1147 4266 iudice,
1173 4187 1292 4272 Drago,
1317 4187 1512 4267 Prestancio,
1538 4184 1686 4265 Michael,
1712 4185 1843 4265 Drusia,

164 4305 195 4358 et
216 4295 288 4360 iere
313 4297 416 4361 tocius
439 4297 623 4384 supradicte
648 4299 788 4362 ciuitatis
812 4297 898 4362 clero
927 4297 1055 4361 fauente
1078 4318 1117 4359 ac
1141 4293 1266 4381 populo.
1296 4295 1390 4358 Anno
1415 4292 1584 4358 millesimo
1608 4291 1650 4356 ab
1674 4291 1867 4356 incarnati,

164 4425 222 4466 one
243 4402 368 4482 domini
395 4403 494 4468 nostri
517 4403 620 4468 dhesu
638 4403 768 4485 Christi,
793 4403 944 4470 videlicet
967 4403 1207 4490 septuagesimo
1224 4410 1325 4480 sexto,
1348 4400 1523 4466 indictione
1547 4419 1624 4463 vero
1649 4407 1762 4484 quarta
1792 4395 1843 4460 de·

164 4509 255 4582 eima,
280 4517 423 4594 tempore
448 4519 553 4572 autem
580 4507 728 4594 Gregorii
747 4511 873 4596 septimi
896 4533 986 4595 pape,
1011 4519 1043 4572 et
1065 4507 1221 4573 Demetrii
1255 4507 1421 4572 Dalmacie
1444 4530 1483 4570 ao
1506 4503 1664 4572 Chroaoie
1688 4504 1783 4590 regis,
1809 4512 1842 4566 et

166 4612 275 4678 domni
303 4613 388 4677 Petri
415 4613 559 4679 eiusdem
586 4617 769 4680 monasterii
801 4615 933 4680 abbatis*
953 4613 1103 4700 religiosi.
1131 4613 1336 4701 Quicumque
1361 4623 1468 4678 autem
1493 4612 1672 4698 corruperit
1687 4609 1774 4698 quod
1791 4607 1845 4673 ho·

167 4741 235 4784 rum
275 4721 419 4784 emnium
453 4720 548 4786 laude
588 4725 808 4789 confirmatum
846 4731 904 4802 est,
940 4721 990 4787 dei
1015 4731 1046 4785 et
1080 4741 1191 4785 eorum
1214 4718 1471 4785 maledictionem
1507 4727 1661 4806 perpetuo
1692 4717 1845 4782 incurrat.

168 4825 282 4893 Amen.

328 4975 518 5034 Polichoriou.
540 4977 566 5035 U
589 4977 688 5034 arkivu
711 4978 847 5034 zadaralrc
869 4975 1005 5050 guberijs.
