4350 5932
1807 423 1849 488 et

172 614 237 678 fiat.
262 612 377 678 Omnis
403 613 539 700 populus
562 614 756 678 unanimiter
780 613 916 696 dixerat,
954 613 1039 700 quod
1063 623 1158 679 antea
1181 623 1258 680 tunc
1274 624 1305 680 et
1322 637 1407 680 nunc
1431 613 1603 701 perplura
1633 623 1777 700 tempora
1797 637 1857 701 pro

173 728 284 783 nostro
308 717 432 803 largido
452 721 497 783 ita
520 720 570 792 sit,
593 721 669 804 quia
692 718 792 784 multa
815 719 899 784 bona
922 730 1011 806 parte
1036 721 1216 802 babuimus,
1234 729 1265 786 et
1283 721 1401 786 babere
1418 719 1587 801 credimus,
1614 730 1748 806 excepto
1772 721 1858 806 quod

173 825 263 887 missi
296 823 498 888 dominorum
524 833 704 888 nostrorum
736 826 892 906 venerint,
926 825 1059 910 antiqua
1092 823 1326 890 consuetudine
1359 835 1466 889 vestra
1489 825 1612 889 familia
1634 825 1740 890 faciat.
1765 825 1859 892 Tune

173 927 380 998 Fortunatus,
396 929 577 1014 patriarcha
598 928 697 994 dixit:
723 929 813 1014 Rogo
831 953 898 1012 vos,
916 930 983 1012 filii,
1001 931 1094 994 nobis
1113 932 1210 995 dicite
1237 933 1415 1013 veritatem,
1439 931 1568 1016 qualem
1594 931 1858 996 consuetudinem

174 1043 287 1098 sancta
302 1033 522 1106 ecclesiamea
539 1033 784 1119 metropolitana
800 1035 832 1098 in
850 1037 1043 1099 territorium
1061 1037 1208 1100 istriense
1226 1037 1310 1100 inter
1331 1058 1389 1099 vos
1406 1035 1544 1100 habuit?
1574 1035 1700 1100 Primus
1718 1037 1859 1100 omnium

172 1140 297 1225 primas
321 1137 475 1224 pollensis
499 1139 599 1204 dixit:
616 1137 744 1224 quando
760 1139 944 1226 patriarcha
962 1145 994 1205 in
1012 1147 1151 1204 nostram
1170 1142 1334 1206 ciuitatem
1363 1141 1523 1222 veniebat,
1542 1150 1573 1204 et
1597 1143 1621 1204 si
1646 1151 1860 1227 opportunum

174 1252 244 1306 erat
263 1253 396 1329 propter
418 1245 535 1308 missos
559 1243 761 1308 dominorum
786 1255 976 1324 nostrorum,
1004 1257 1059 1310 aut
1082 1247 1191 1332 aliquo
1208 1245 1326 1332 placito
1351 1269 1424 1310 cum
1452 1248 1605 1330 magistro
1630 1245 1766 1310 militum
1791 1267 1862 1331 gre·

174 1369 286 1412 corum
310 1347 441 1428 habere,
466 1347 597 1413 exiebat
618 1351 787 1434 episcopus
823 1351 964 1414 ciuitatis
995 1360 1102 1415 nostre
1138 1373 1210 1414 cum
1234 1351 1467 1432 sacerdotibus,
1493 1361 1524 1414 et
1548 1349 1633 1414 clero
1665 1353 1771 1414 vestiti
1796 1350 1861 1437 pla·

174 1463 266 1516 netas
290 1475 363 1517 cum
395 1475 500 1535 cruce,
534 1477 636 1534 cereo,
662 1453 780 1530 stades,
816 1465 848 1518 et
871 1465 980 1538 petaso
1014 1455 1190 1540 psallendo,
1222 1457 1316 1520 sicuti
1348 1478 1471 1519 somno
1502 1454 1655 1541 pontifici,
1685 1465 1716 1519 et
1739 1455 1861 1519 iudices

172 1579 237 1621 una
258 1581 329 1622 cum
356 1559 474 1644 populo
499 1559 673 1623 veniebant
696 1581 768 1623 curn
787 1561 889 1642 signa,
907 1569 1029 1624 etcum
1046 1581 1163 1644 magno
1181 1583 1255 1624 eum
1278 1558 1481 1647 recipiebant
1502 1558 1631 1624 honore.
1657 1559 1862 1644 ingrediente

173 1672 282 1726 autem
317 1663 387 1748 ipso
424 1662 573 1749 pontifice
611 1665 644 1726 in
678 1661 808 1727 domurn
841 1675 951 1728 sancte
980 1664 1116 1728 ecclesie
1150 1673 1259 1730 nostre
1290 1665 1495 1750 accipiebant
1526 1667 1631 1728 statim
1668 1667 1736 1750 ipse
1779 1666 1861 1750 epis-

172 1789 274 1854 copus
299 1767 408 1832 claues
432 1769 553 1834 desua
576 1768 680 1849 domo,
705 1779 736 1832 et
768 1769 907 1856 ponebat
941 1792 995 1834 eas
1026 1769 1068 1834 ad
1103 1769 1202 1856 pedes
1226 1768 1418 1857 patriarche,
1443 1772 1510 1855 ipse
1542 1779 1648 1834 autem
1679 1769 1861 1855 patriarcha

172 1872 272 1938 dabat
296 1896 350 1937 eas
375 1896 432 1938 suo
458 1875 579 1953 maiori,
604 1877 726 1959 etipse
760 1875 931 1954 iudicabat,
957 1889 989 1940 et
1012 1875 1205 1961 disponebat
1226 1898 1329 1961 usque
1353 1879 1385 1938 in
1410 1876 1461 1938 die
1484 1877 1588 1958 tertia,
1609 1885 1723 1961 quarta
1754 1885 1860 1940 autem

171 1977 225 2042 die
248 1978 438 2042 ambulabat
460 1981 493 2043 in
521 2001 613 2043 suum
650 1983 794 2044 restorio.
827 1979 953 2044 Deinde
977 1982 1248 2065 interrogauimus
1285 1979 1409 2044 iudices
1433 1980 1472 2044 dc
1503 1979 1574 2044 aliis
1605 1981 1760 2062 ciuitates,
1792 1983 1861 2045 siue

172 2083 315 2178 castella,
342 2086 368 2147 si
393 2086 513 2147 veritas
536 2083 651 2150 luisset
675 2087 718 2148 ita
742 2108 853 2149 omnes
871 2086 1040 2168 dixerunt5
1066 2089 1112 2150 sic
1136 2089 1337 2166 estveritas,
1365 2095 1397 2149 et
1422 2087 1468 2149 sic
1503 2085 1679 2170 adimplere
1702 2087 1858 2170 cupimus.

172 2189 241 2254 Nos
265 2212 344 2254 vero
370 2189 508 2274 amplius
532 2211 628 2276 super
653 2191 835 2276 patriarcha
868 2191 976 2256 dicere
999 2213 1062 2255 non
1087 2214 1267 2277 possumus.
1295 2191 1428 2256 Peculia
1451 2201 1556 2254 autem
1582 2199 1689 2254 vestra
1713 2190 1863 2254 domnica
1891 2227 1894 2233 ·

172 2285 370 2380 ubicumque
394 2295 690 2382 nostra-pabulent,
715 2296 825 2382 ibique
842 2307 873 2360 et
888 2306 998 2360 vestra
1022 2305 1163 2376 pascant,
1187 2295 1317 2381 absque
1341 2297 1426 2360 omni
1445 2295 1584 2376 datione,
1608 2293 1756 2358 volumus
1779 2305 1814 2358 ut
1829 2298 1862 2359 in

88 2453 96 2462 .
171 2407 268 2462 antea
289 2394 337 2462 ita
360 2411 556 2485 permaneat.
582 2400 664 2464 Nam
692 2423 766 2465 vere
784 2423 882 2486 super
905 2403 1073 2488 episcopos
1093 2401 1192 2466 multa
1222 2401 1378 2466 habemns
1402 2401 1486 2486 quod
1512 2400 1628 2491 dicere.
1652 2400 1678 2464 Ι.
1701 2397 1861 2486 Capitulo.

171 2502 225 2567 Ad
251 2507 366 2568 missos
390 2507 524 2592 imperii,
550 2505 619 2568 siue
644 2507 674 2568 in
710 2527 912 2592 quacumque
935 2505 1073 2588 datione,
1105 2515 1162 2570 aut
1197 2507 1333 2572 collecta
1359 2506 1565 2570 medietatem
1596 2505 1694 2570 dabat
1716 2505 1860 2580 ecclesia,

171 2620 207 2672 et
230 2609 434 2673 medietatem
458 2609 606 2696 populus.
631 2611 672 2674 ll.
699 2608 859 2695 Capitulo,
886 2610 1024 2690 Quando
1050 2612 1136 2674 missi
1163 2613 1294 2698 imperii
1318 2610 1494 2676 veniebant
1515 2611 1547 2673 in
1566 2611 1740 2698 episcopio,
1764 2609 1860 2674 haba·

172 2713 252 2778 bant
285 2713 538 2794 collocationem,
574 2726 607 2779 et
638 2715 714 2778 dum
752 2717 879 2778 interim
918 2717 1033 2778 reuerti
1070 2715 1229 2780 deberent
1264 2715 1305 2778 ad
1338 2737 1427 2779 suurn
1460 2713 1719 2796 dominationem,
1751 2715 1860 2801 ibique

172 2817 338 2884 habebant
375 2823 572 2884 mansionem
618 2820 678 2884 ΙΙΙ.
713 2817 873 2906 Capitulo.
908 2819 1118 2906 Quacumque
1154 2819 1298 2885 chartule
1338 2819 1585 2906 emphiteoseos,
1617 2831 1672 2884 aut
1704 2819 1860 2886 libellario

170 2925 251 3007 iure,
276 2925 329 2988 vel
353 2925 393 2988 ad
416 2925 544 2989 dolosas
568 2927 834 2989 commutationes
859 2947 1022 3010 nunquam
1050 2926 1091 2989 ab
1111 2927 1281 3012 antiquum
1305 2935 1433 3011 tempus
1472 2937 1628 3011 corrupte,
1653 2925 1792 3007 fuerunt,
1818 2929 1862 2992 ita

170 3040 204 3093 et
226 3053 313 3094 nuuc
337 3031 401 3095 fiat.
425 3029 483 3094 IV.
509 3029 669 3117 Capitulo.
692 3031 743 3094 De
767 3030 941 3110 herbatico,
967 3029 1019 3094 vel
1042 3031 1226 3114 glandatico
1262 3052 1433 3117 uunquam
1457 3029 1573 3116 aliquis
1595 3033 1658 3094 vim
1683 3031 1756 3095 tulit
1780 3035 1861 3095 inter
1924 3079 1938 3102 ,-

171 3135 292 3218 vicora,
317 3137 379 3198 nisi
403 3137 861 3202 secundumconsuetudinem
883 3148 1051 3221 parentum
1076 3145 1274 3203 nostrorum.
1300 3139 1344 3201 V.
1370 3135 1531 3222 Capitulo.
1563 3135 1613 3198 De
1638 3137 1759 3200 Vineas
1783 3159 1862 3200 nun-

170 3261 266 3326 quam
294 3243 325 3304 in
349 3243 442 3305 tertio
467 3242 579 3324 ordine
602 3243 753 3324 tulerunt,
781 3245 863 3305 sicut
885 3265 969 3306 nunc
993 3242 1123 3324 faciunt,
1151 3245 1211 3306 nisi
1235 3251 1359 3306 tantum
1383 3250 1506 3327 quarto.
1532 3239 1588 3305 Vl.
1614 3239 1775 3325 Capitulo.
1800 3241 1861 3305 Fa·

172 3345 260 3409 milia
285 3346 421 3412 ecclesie
451 3369 613 3434 nunquam
652 3346 805 3412 scandala
832 3349 1030 3412 committere
1049 3348 1207 3411 aduersus
1233 3347 1369 3412 liberum
1392 3348 1562 3426 hominem,
1579 3347 1761 3410 autcedsre
1790 3370 1863 3412 cum

171 3452 319 3532 iustibus,
346 3464 378 3516 et
397 3455 430 3516 in
455 3475 548 3516 nemo
571 3453 674 3518 sederi
707 3453 778 3518 ausi
811 3451 949 3532 fuerunt,
978 3475 1062 3518 nunc
1086 3463 1192 3518 autem
1219 3476 1291 3518 cum
1317 3453 1458 3516 fustibus
1489 3474 1547 3514 nos
1569 3451 1695 3532 cedunt,
1734 3462 1861 3516 etcum

169 3556 288 3639 gladiis
313 3569 493 3643 sequuntur
515 3580 581 3638 nos,
606 3581 665 3621 nos
689 3581 766 3621 voro
805 3569 935 3643 propter
959 3561 1107 3621 timorem
1132 3558 1254 3622 domini
1279 3560 1377 3622 nostri
1400 3579 1462 3620 non
1486 3577 1596 3620 sumus
1619 3564 1688 3620 ausi
1712 3559 1861 3647 resistere

171 3685 211 3726 ne
247 3665 358 3748 peiora
393 3675 587 3728 accrescant.
620 3664 692 3728 Vll.
725 3663 886 3748 Capitulo.
919 3661 1000 3741 Quis
1032 3673 1134 3727 terras
1173 3663 1308 3727 ecclesie
1341 3661 1521 3726 femorabat
1544 3682 1645 3745 usque
1669 3663 1710 3724 ad
1734 3667 1859 3726 tertiam

170 3767 465 3853 reprehensionem,
500 3791 672 3854 numquam
700 3791 754 3832 eos
787 3769 872 3832 foras
907 3767 1053 3832 eiciebat.
1088 3767 1179 3832 Vlll.
1212 3766 1371 3852 Capitulo.
1402 3767 1505 3830 Maria
1537 3788 1614 3830 vero
1640 3765 1778 3853 publica,
1802 3769 1858 3830 ubi

171 3877 275 3938 omnis
301 3873 438 3958 populus
459 3878 671 3938 communiter
704 3874 859 3960 placabat,
886 3874 980 3937 modo
1003 3875 1073 3937 ausi
1098 3895 1161 3937 non
1195 3895 1305 3937 sumus
1342 3873 1478 3958 piscare,
1510 3873 1586 3957 quia
1617 3893 1688 3936 eum
1721 3871 1859 3936 fustibus

171 3999 229 4042 nos
262 3980 392 4059 cedunt,
429 3987 461 4042 et
483 3981 564 4043 retia
588 3979 902 4044 nostraconcidunt.
938 3978 997 4043 lX.
1021 3977 1181 4064 Capitulo.
1206 3978 1300 4042 Unde
1325 4001 1383 4041 nos
1408 3979 1630 4060 interrogastis
1658 3977 1698 4041 de
1730 3979 1859 4040 iustitiis

170 4083 376 4148 dominorum
400 4094 592 4162 nostrorum,
617 4105 697 4169 quas
721 4082 819 4148 Greci
843 4083 883 4147 ad
909 4107 983 4147 suas
1019 4093 1191 4147 tenuerunt
1216 4079 1328 4146 mainus
1353 4104 1463 4166 usque
1479 4081 1521 4144 ab
1545 4081 1600 4145 illo
1635 4081 1695 4160 die,
1732 4081 1859 4166 quoad

171 4212 285 4253 manus
309 4189 512 4254 dominorum
547 4201 729 4253 nostrorum
753 4191 969 4274 pernenimus,
994 4197 1029 4252 ut
1056 4191 1175 4264 scimus
1199 4188 1335 4252 dicimus
1361 4189 1549 4250 veritatem:
1573 4185 1623 4249 De
1651 4188 1781 4249 ciuitate
1806 4208 1859 4271 po-

169 4293 250 4357 lcusi
277 4294 372 4358 solidi
397 4297 539 4359 mancosi
574 4288 743 4376 sexaginta
772 4304 803 4358 et
840 4293 975 4374 scx;‘de
999 4293 1162 4376 Ruuingio
1187 4292 1279 4356 solidi
1304 4293 1447 4354 mancosi
1465 4291 1520 4354 40.
1543 4289 1583 4353 dc
1600 4289 1748 4353 Parentio
1773 4313 1860 4354 man-

170 4401 264 4463 cosos
288 4399 341 4464 66.
368 4399 527 4464 Numerus
562 4401 755 4484 tergestinus
789 4419 958 4461 mancosos
991 4401 1169 4482 sexaginta,
1194 4396 1234 4460 de
1265 4394 1394 4460 Albona
1425 4415 1592 4458 mancosos
1625 4393 1677 4475 30,
1711 4393 1751 4457 dc
1787 4396 1860 4460 Pin·

170 4517 290 4590 quente
314 4525 483 4570 mancosos
508 4505 560 4586 20,
582 4505 622 4568 de
656 4503 786 4568 Pedana
820 4523 988 4566 mancosos
1018 4503 1071 4583 20,
1109 4502 1148 4565 de
1182 4501 1337 4564 Montona
1361 4521 1528 4563 mancosos
1553 4499 1605 4564 30.
1641 4497 1861 4564 (lancellarius

168 4611 311 4674 ciuitatis
345 4611 437 4674 Nous
468 4631 636 4674 mancosos
673 4607 719 4688 12,
754 4609 809 4694 qui
843 4607 966 4671 faciunt
994 4609 1026 4670 in
1059 4605 1166 4670 simul.
1188 4627 1358 4670 mancosos
1390 4605 1463 4669 344.
1496 4604 1555 4666 Isti
1587 4601 1681 4666 solidi
1707 4613 1860 4690 tempore

169 4737 340 4801 grecorum
364 4717 397 4778 in
422 4713 546 4780 Palatio
570 4735 624 4778 eos
648 4715 806 4798 portabat.
829 4712 1006 4796 Postquam
1031 4711 1175 4775 Joannes
1210 4710 1341 4775 deuenit
1364 4710 1396 4773 in
1421 4707 1548 4789 ducatu,
1584 4708 1625 4771 ad
1657 4731 1748 4772 suum
1780 4731 1861 4795 opus

167 4822 248 4887 istos
273 4800 392 4886 solidos
418 4819 537 4902 habuit,
560 4829 592 4884 et
613 4841 676 4883 non
698 4819 782 4886 dixit
804 4817 890 4902 quod
914 4817 1035 4881 iustitia
1064 4815 1172 4903 palatii
1203 4815 1326 4879 fuisset.
1351 4814 1430 4877 Item
1455 4813 1553 4878 habet
1575 4813 1680 4876 casale
1711 4813 1860 4878 Orcionis

167 4949 243 4993 curn
267 4926 395 4990 oliuetis
420 4925 546 5006 multis3
584 4927 659 4990 item
691 4926 869 5010 portionem
891 4923 931 4987 de
963 4919 1068 4987 casale
1093 4921 1244 5002 Petriolo,
1285 4943 1359 4984 cum
1394 4921 1508 5000 vineis,
1545 4919 1646 5000 terris,
1672 4917 1797 4982 olivetis
1829 4931 1861 4982 et

168 5055 282 5098 omnes
306 5033 470 5118 portiones
504 5031 640 5094 Joannis
674 5028 870 5093 Oancianico
894 5051 965 5092 eum
996 5027 1096 5098 ‚nouis
1134 5027 1247 5101 vineis,
1283 5025 1410 5089 oliuetis
1447 5035 1479 5086 et
1513 5046 1588 5086 casa
1618 5045 1690 5086 cum
1726 5022 1860 5088 surculis

102 5223 106 5233 .
168 5139 246 5203 suis.
270 5137 314 5202 Et
337 5139 499 5222 possessio
529 5157 644 5219 magno
669 5134 708 5199 de
732 5133 831 5212 Arba,
856 5155 929 5198 eum
948 5135 1052 5210 terris,
1077 5134 1190 5212 vineis,
1224 5128 1351 5194 oliuetis
1375 5139 1408 5193 et
1430 5149 1506 5191 casa
1525 5149 1593 5190 aua.
1611 5117 1613 5122 ’
1631 5127 1710 5190 Item
1734 5149 1860 5212 posses·

18 5261 21 5328 '‚
99 5241 105 5254 '
168 5247 294 5310 sionem
319 5243 473 5328 Stephani
508 5242 654 5324 magistri
677 5238 832 5321 militum3
863 5240 939 5302 item
973 5259 1079 5302 casam
1115 5236 1301 5300 Zarotinam
1337 5257 1408 5299 cum
1450 5234 1535 5298 omni
1560 5234 1762 5317 possessione
1794 5255 1860 5309 sua,

166 5361 200 5418 et
232 5350 470 5444 possessionem
501 5346 641 5411 Mauritii
681 5343 788 5432 Ypati,
820 5366 877 5410 seu
907 5343 1019 5408 Basilii
1057 5343 1202 5428 magistri
1236 5340 1371 5405 militum
1415 5340 1524 5420 instar,
1548 5349 1580 5402 et
1614 5337 1654 5400 de
1689 5336 1860 5406 Theodoro
