4292 5926
336 377 378 444 28

336 559 533 657 parentibus.
558 571 695 658 Insuper
718 571 802 638 dono
824 573 929 636 eidem
956 575 1148 638 monasterio
1172 581 1301 654 terram,
1326 595 1421 660 quem
1446 572 1506 637 sub
1532 623 1539 638 .
1564 621 1572 638 .
1597 583 1699 638 terras
1723 570 1870 636 eiusdem
1906 593 2020 635 mona-

333 679 433 740 sterii.
457 675 553 740 Dono
577 677 679 740 eciem
703 687 820 741 terram
845 702 940 742 uuam
966 682 998 742 in
1035 680 1193 744 Gladnico
1225 703 1356 766 prope.
1382 731 1388 744 .
1414 729 1421 744 .
1447 702 1489 742 ex
1522 689 1612 764 parte
1646 679 1788 760 orientis,
1815 679 1861 742 ita
1893 687 2016 755 tamem

332 781 419 867 quod
443 782 483 847 de
503 783 581 866 ipsis
606 785 700 846 terris
725 781 831 846 nullus
853 807 997 848 meorum
1022 787 1153 849 erednm
1178 785 1399 850 contradicere
1426 788 1535 872 possit,
1567 784 1620 850 vel
1652 795 1775 871 partem
1808 793 1918 868 petere
1951 781 2012 846 ali·

332 909 439 973 quam,
460 893 517 952 sed
539 889 570 952 iu
595 889 665 973 ipso
690 891 884 954 monasterio
909 902 1075 955 remaneat
1098 895 1166 955 iure
1190 900 1356 976 perpetuo.
1379 891 1412 955 Si
1438 892 1509 976 quis
1534 912 1621 972 vero,
1648 889 1734 976 quod
1765 889 1861 968 absit,
1895 888 2015 974 spiritu

334 991 494 1058 diabolico
520 991 660 1074 inflatus,
687 1015 744 1078 per
767 991 907 1079 aliquam
931 995 1077 1061 fraudem
1099 998 1186 1082 ipsas
1220 1005 1322 1060 terras
1355 995 1397 1060 ab
1422 997 1491 1082 ipso
1516 997 1709 1060 monasterio
1733 993 1901 1059 abstraere
1922 991 2019 1056 volu·
2136 983 2138 1030 2

335 1100 404 1180 erit,
428 1097 481 1162 dei
505 1100 735 1184 omnipotentis
770 1101 852 1164 iram
887 1101 1039 1182 incurrat,
1066 1112 1097 1165 et
1120 1101 1382 1165 malediccionem
1408 1099 1629 1190 duodecem
1660 1111 1692 1164 et
1722 1109 1793 1165 octo
1825 1109 2018 1164 sanctornm
2137 1139 2138 1152 .

332 1203 498 1290 (patrum),
520 1227 559 1270 ac
583 1203 753 1269 duodecim
777 1205 1005 1290 apostolorum,
1030 1228 1068 1272 ac
1091 1230 1164 1272 cum
1187 1205 1274 1271 Juda
1308 1206 1470 1292 proditore
1504 1209 1538 1270 in
1572 1206 1697 1271 inferno
1730 1205 1935 1290 dampnetur,
1976 1211 2015 1270 et

333 1307 537 1374 blasfemiam
563 1319 705 1374 eternam
731 1320 762 1374 et
786 1313 941 1395 premium
967 1314 1118 1397 optineat.
1140 1311 1212 1378 Hoc
1235 1321 1343 1376 autem
1367 1312 1427 1377 fuit
1449 1312 1569 1376 factum
1596 1333 1705 1376 coram
1731 1309 1863 1375 Grubce
1886 1308 2016 1390 Salatii,

330 1423 428 1500 atque
453 1415 591 1480 Sabacio
615 1417 729 1511 Tineri¹
751 1417 896 1481 diacono.
922 1416 966 1480 Et
987 1439 1047 1500 ego
1072 1417 1211 1482 Duimus
1236 1419 1373 1482 clericus
1398 1418 1604 1482 demandato
1629 1417 1705 1482 dicti
1736 1415 1908 1503 presbiteri
1934 1413 2018 1480 Ger-

331 1529 416 1600 note,
441 1523 524 1586 sicut
548 1521 657 1586 audini
680 1544 776 1586 asuo
800 1543 864 1604 ore,
889 1524 934 1588 ita
956 1523 1072 1608 scripsi
1095 1524 1226 1609 propria
1250 1545 1346 1587 manu
1370 1535 1401 1587 et
1423 1524 1515 1588 testis
1539 1522 1675 1588 eumad
1699 1520 1854 1608 predicta.

488 1721 653 1777 Masticana
676 1724 838 1792 pergameni
862 1741 881 1778 u
903 1723 1004 1779 arkiru
1024 1723 1219 1795 kalndJ'ericeh
1243 1742 1284 1784 sv.
1309 1723 1409 1794 MariJe
1433 1741 1449 1778 u
1475 1723 1577 1790 Zadru,
1610 1723 1705 1792 medju
1732 1721 1819 1792 pismi
1851 1718 2018 1794 splietskog

332 1815 493 1865 samostana
515 1828 554 1864 sv.
578 1809 744 1866 Benedikta.

903 2105 1017 2186 XLI.
1045 2105 1155 2186 1134.
1182 2103 1246 2186 28.
1273 2106 1459 2206 travnja.

331 2282 482 2355 Felicijon
504 2279 675 2357 aaatrssup
698 2269 891 2362 ostroeonelrr',
915 2286 1072 2359 dosudjaje
1095 2285 1239 2358 biskupt'ji
1261 2285 1452 2359 soqrebcdlroj
1475 2283 1562 2342 sumu
1582 2299 1604 2341 u
1628 2278 1778 2356 Dubravr',
1801 2280 1874 2352 roju
1890 2279 1925 2351 je
1945 2279 2012 2351 aje-

330 2387 383 2446 lroo'
405 2389 486 2460 tracy·
508 2389 664 2463 Ladislao,
689 2387 839 2465 utemeljtv
863 2393 1015 2465 oisruptju
1040 2392 1234 2469 suprebutku,
1260 2391 1389 2450 dorovao
1410 2391 1480 2462 istoj
1501 2389 1653 2462 etssupiji,
1677 2405 1697 2446 o
1717 2386 1845 2460 posoojs't
1862 2385 1903 2458 ja
1929 2381 2017 2442 trotio

596 2497 726 2570 aajprr'je
750 2499 832 2570 njess
855 2496 998 2571 Sadame,
1023 2516 1042 2556 a
1064 2515 1101 2558 aa
1125 2499 1199 2570 rrjtm
1222 2497 1295 2556 lenes
1317 2494 1455 2556 Adilbert
1476 2513 1491 2554 s
1513 2495 1600 2554 inimi
1623 2492 1746 2566 plemic's'.

487 2688 525 2752 In
551 2690 682 2756 nomine,
703 2691 803 2774 patris
827 2699 859 2753 et
881 2688 938 2755 filii
963 2699 995 2753 et
1018 2689 1149 2774 spiritus
1173 2687 1285 2752 sancti.
1311 2685 1426 2750 Amen.
1531 2711 1542 2719 ·
1580 2701 1587 2710 ’

488 2793 664 2878 Regnante·
682 2794 882 2884 nobilissimo
907 2818 983 2878 rege
1007 2793 1193 2874 Ladislauo,
1219 2792 1439 2876 strigoniensis
1463 2813 1540 2854 vero
1566 2788 1702 2864 ecclesie
1726 2789 1901 2874 primatum
1919 2783 2017 2848 Acha

338 2895 549 2981 gubernante,
576 2910 607 2962 et
639 2899 803 2965 baaciensi
828 2900 1071 2986 archiepiscopo
1095 2899 1240 2964 Fabiano
1266 2901 1435 2980 existente,
1459 2897 1673 2982 vesprimensi
1697 2895 1849 2980 episeopo
1881 2889 2015 2968 Cosma,

335 3001 476 3086 palatino
502 3007 617 3070 comite
640 3006 725 3088 Jula,
750 3009 943 3090 semegiensi
967 3011 1083 3072 comite
1115 3005 1214 3086 Grab,
1247 3005 1410 3092 predictus
1445 3026 1503 3066 rex
1537 3003 1647 3068 diuina
1680 3001 1785 3084 gratia
1822 2999 2014 3082 inspirante,

334 3108 446 3184 horum
472 3119 715 3198 ceterorumque
741 3111 895 3178 nobilium
920 3113 1055 3178 consilio
1077 3113 1323 3196 nagrabiensem
1348 3112 1514 3187 constituit
1538 3111 1776 3216 episcopatum
1802 3103 1957 3169 videlicet
1979 3113 2016 3167 ut

330 3235 411 3298 quos
435 3238 525 3280 error
548 3217 694 3302 idolatrie
717 3243 737 3284 a
760 3221 812 3284 dei
837 3219 962 3284 cultura
986 3229 1157 3284 extraneos
1181 3218 1310 3300 fecerat,
1343 3214 1535 3303 episcopalis
1567 3238 1645 3280 cura
1673 3215 1713 3278 ad
1746 3215 1832 3277 viam
1866 3210 2014 3275 veritatis

334 3319 511 3386 reduceret.
536 3323 588 3386 Ad
614 3325 833 3390 instruendam
858 3328 955 3409 igitur
978 3325 1074 3389 huius
1098 3324 1202 3411 plebis
1226 3323 1451 3408 ignorantiam,
1476 3321 1637 3408 quendam
1665 3319 1846 3384 boemicum
1876 3336 2013 3379 venera·

333 3424 407 3500 bilis
431 3429 497 3492 vite
522 3431 636 3511 virum,
662 3434 789 3496 nomine
825 3429 929 3514 Duch,
967 3432 1118 3497 idoneum
1150 3431 1278 3516 reperit,
1310 3451 1406 3515 quem
1441 3427 1545 3492 eidem
1581 3425 1716 3490 ecclesie
1754 3434 1917 3506 pastorem
1954 3441 2014 3506 per

330 3552 425 3596 suum
449 3533 639 3620 capelanum
660 3539 847 3602 Francicam
873 3537 1044 3622 delegauit,
1071 3539 1126 3623 qui
1150 3538 1247 3600 etiam
1271 3535 1316 3599 illi
1351 3533 1487 3600 ecclesie
1518 3533 1714 3598 officinarios
1749 3516 1798 3596 dc¹
1821 3523 2013 3611 semigiensi

329 3647 361 3701 et
384 3637 505 3704 zalensi
529 3645 682 3706 comitatu
707 3643 878 3708 ordinauit.
905 3642 1058 3708 Preterea
1079 3643 1160 3708 alter
1183 3641 1369 3728 capellanus
1394 3639 1509 3727 (lapan
1530 3641 1668 3721 nomine,
1694 3645 1846 3732 precepto
1865 3632 2012 3700 eiusdem

329 3745 425 3828 regis,
451 3745 540 3810 dedit
564 3748 669 3812 eidem
694 3747 829 3813 ecclesie
854 3747 1007 3834 populum
1032 3749 1070 3812 de
1102 3749 1272 3813 Dumbroa
1303 3770 1373 3812 cum
1406 3755 1492 3812 terra
1523 3755 1555 3811 et
1585 3745 1669 3810 silua
1700 3743 1760 3807 sibi
1792 3738 2012 3828 appendente.

330 3846 509 3914 Transacto
532 3853 630 3936 igitur
653 3877 715 3918 non
741 3877 841 3941 paruo
866 3865 1020 3940 tempore,
1044 3865 1199 3939 regnante
1233 3875 1311 3938 rege
1346 3851 1519 3938 Stephano,
1558 3849 1702 3936 predicto
1740 3869 1816 3911 vero
1850 3845 2015 3908 Francica

332 3953 419 4018 illius
444 3955 581 4022 ecclesie
604 3961 824 4045 episcopatr'rm
850 3970 988 4042 tenente,
1013 3983 1033 4024 a
1056 3960 1195 4047 quodam
1215 3962 1285 4023 viro
1311 3959 1440 4022 nomine
1464 3956 1649 4042 Sudengna,
1681 3955 1721 4018 de
1751 3950 1897 4039 predicta
1929 3949 2015 4014 silua

334 4058 471 4124 ecclesie
494 4064 611 4128 iniuria
634 4063 721 4129 illata
747 4076 802 4130 cst.
830 4065 925 4146 Quod
950 4067 1121 4153 episcopus
1145 4089 1221 4150 egre
1245 4065 1361 4146 ferens,
1386 4063 1426 4127 ad
1451 4063 1537 4147 regis
1552 4061 1763 4148 patrocinium
1781 4057 1937 4141 confugit,
1955 4057 2013 4142 qui

337 4171 436 4228 totam
462 4186 591 4232 causam
616 4169 780 4234 Feliciano
806 4175 1013 4258 strigoniensi
1048 4172 1289 4258 archiepiscopo
1325 4169 1559 4236 discutiendam
1591 4167 1758 4235 commisit.
1789 4165 1881 4230 Illius
1913 4165 2015 4248 igitur

336 4271 472 4336 ecclesie
496 4272 673 4338 aduersarii
698 4275 738 4339 ad
762 4275 917 4342 iudicium
954 4281 1069 4362 vocati,
1103 4300 1174 4342 cum
1206 4277 1248 4342 ad
1281 4276 1534 4341 determinatum
1557 4274 1642 4338 diem
1675 4274 1787 4337 venire
1821 4271 2016 4351 noluissent,

331 4399 391 4441 nec
415 4377 452 4442 L.
477 4400 592 4464 pensas
617 4381 793 4445 secundum
818 4382 922 4468 legem
947 4394 1031 4448 terre
1054 4382 1238 4468 persoluere
1262 4383 1449 4467 potuissent,
1471 4379 1705 4465 archiepiscopi
1719 4378 1840 4450 iudicio
1865 4376 2016 4462 predicta

332 4482 415 4548 silua
445 4505 501 4570 per
525 4485 715 4570 pristaldum
739 4488 846 4553 Ysaac
869 4491 997 4552 nomine
1022 4486 1157 4552 ecclesie
1181 4489 1327 4551 restituta
1351 4495 1415 4562 est3
1442 4497 1474 4550 et
1496 4485 1650 4572 quamdiu
1666 4483 1826 4549 Francica
1842 4483 1888 4546 illi
1906 4481 2014 4548 eccle·

333 4590 380 4652 sie
404 4589 662 4673 prefuit-nullus
687 4594 716 4655 ei
742 4593 837 4657 aliam
863 4595 1011 4658 iniuriam
1037 4593 1155 4658 inferre
1179 4593 1384 4678 presumpsit.
1408 4591 1571 4657 Defuncto
1595 4593 1694 4676 igitur
1726 4611 1802 4674 rege
1834 4589 2015 4676 Stephano,

332 4695 495 4778 piissimus
520 4695 599 4761 Bela
623 4698 733 4763 diuina
767 4701 878 4782 gracia
911 4698 1055 4784 largente
1088 4696 1252 4762 Pannonie
1285 4708 1411 4784 sceptra
1445 4697 1581 4763 feliciter
1611 4695 1824 4781 gubernanda
1855 4697 2014 4782 suscepit,

330 4800 422 4862 cuius
447 4802 559 4884 gracia
583 4804 746 4886 predictus
767 4804 924 4869 Francica
948 4804 989 4868 ad
1014 4805 1217 4868 baaciensem
1242 4803 1555 4891 archiepiscopatum
1579 4803 1754 4868 translatus
1778 4813 1836 4884 est,
1862 4801 2015 4886 aagrabi·

331 4907 400 4969 ensi
425 4927 502 4970 vero
527 4907 662 4974 ecclesie
686 4909 858 4975 Macilinus
882 4909 1183 4974 iherosolomitanus
1210 4912 1392 4992 canonicus,
1418 4913 1588 4996 episcopus
1612 4909 1778 4973 ordinatus
1809 4916 1869 4971 est.
1894 4907 2015 4973 Tercio

330 5012 430 5096 igitur
453 5013 657 5098 episcopatus
680 5017 728 5078 sui
751 5038 845 5098 anno,
872 5015 1040 5081 Adilbretb
1076 5016 1175 5082 frater
1204 5015 1358 5081 Kaladini
1390 5017 1525 5097 comitis,
1557 5017 1762 5099 sumigiensis
1794 5037 1913 5096 comes,
1948 5037 2016 5104 nna

330 5139 402 5184 cum
429 5115 561 5183 Olaniaa
585 5127 616 5183 et
640 5119 735 5184 Petro
759 5121 859 5185 fratre
883 5123 961 5204 eius,
986 5133 1018 5186 et
1040 5121 1226 5206 Sudangns,
1258 5121 1395 5207 aliisque
1430 5143 1526 5207 quam
1562 5120 1708 5208 pluribus
1742 5120 1889 5186 eiusdem
1926 5130 2015 5187 terre

329 5221 529 5307 melioribus,
554 5223 594 5289 de
619 5225 764 5311 predicta
787 5225 870 5291 silua
893 5227 925 5289 in
961 5225 1104 5291 concilio
1133 5227 1336 5309 waradiensi,
1373 5237 1517 5312 tempore
1558 5225 1707 5291 Walterii
1741 5227 1896 5314 episcopi,
1938 5237 2016 5292 ante
