4350 5932
652 667 777 752 XIX.
806 665 897 752 592.
929 668 1118 770 mJeeeca
1140 665 1369 768 llstopada

169 865 270 943 Grpur
293 863 322 929 1.
341 881 428 940 papo
447 863 555 925 001010
577 866 695 926 Notata
717 865 845 938 aesopo
868 862 1057 935 salinatores,
1080 862 1158 923 netu
1180 878 1211 922 ae
1228 866 1332 936 putem
1354 863 1539 941 ruedentckop
1563 865 1651 925 ebora
1673 881 1794 928 auratae
1814 883 1852 928 aa

529 969 696 1045 110νωίϋο
719 971 846 1044 biotam
869 965 1080 1043 stammana,
1103 967 1180 1043 leupo
1200 983 1216 1028 a
1238 967 1314 1028 torti
1331 970 1507 1044 properae.

646 1139 834 1226 Gregorius,
866 1137 972 1204 Natali
1003 1141 1153 1229 episcopo
1188 1137 1377 1206 salonitano.

332 1317 423 1384 (ium
449 1326 567 1384 cuncta
597 1315 726 1400 negotia
756 1313 960 1400 indagandae
987 1313 1189 1381 solicitudine
1220 1315 1365 1381 veritatis
1396 1313 1571 1403 indigeant,
1606 1329 1673 1384 tum
1697 1341 1780 1406 quae
1810 1321 1852 1388 ad

170 1421 384 1490 deiectionem
406 1421 651 1489 sacerdotalium
687 1420 844 1506 graduum
870 1421 1038 1507 pertinent,
1061 1420 1238 1508 districtius
1259 1434 1342 1484 sunt
1364 1421 1557 1506 trutinanda,
1591 1425 1624 1487 in
1648 1425 1765 1510 quibus
1789 1449 1852 1492 non

170 1539 234 1595 tam
262 1529 305 1595 de
336 1529 486 1597 bumanis
518 1529 710 1612 constitutis,
745 1547 840 1612 quam
875 1525 914 1590 de
944 1524 1074 1591 diuinae
1109 1526 1347 1614 quodammodo
1377 1525 1612 1594 benedictionis
1635 1529 1853 1616 refragatione

169 1643 337 1702 tractatur.
362 1633 455 1716 Quae
478 1657 530 1700 res
561 1654 689 1721 quoque
713 1653 771 1697 nos
796 1632 828 1694 in
851 1629 1016 1714 Florentii,
1051 1631 1293 1717 epidauritanae
1308 1633 1447 1697 ciuitatis
1471 1635 1622 1720 episcopi,
1647 1657 1786 1720 persona
1809 1635 1852 1701 ad

169 1729 431 1806 exliortationem
455 1739 583 1806 vestrae
606 1735 814 1802 fraternitatis
838 1733 1012 1800 admonuit.
1030 1735 1215 1800 Nuntiatum
1233 1736 1393 1823 siquidem
1418 1735 1511 1802 nobis
1535 1747 1593 1818 est,
1618 1762 1637 1804 a
1660 1739 1852 1826 quibusdam
1977 1727 1982 1739 ⁵

168 1845 272 1910 luisse
294 1867 369 1910 eum
392 1845 425 1910 in
450 1846 573 1910 caussis
596 1840 818 1909 criminalibus
834 1849 1032 1924 accusatum,
1067 1849 1099 1905 et
1115 1839 1211 1905 nullis
1227 1843 1390 1906 canonicis
1408 1841 1650 1928 probationibus
1672 1843 1853 1932 exquisitis,

168 1973 231 2016 nec
254 1950 466 2016 sacerdotalia
490 1947 618 2016 concilii
634 1947 862 2036 praeueniente
887 1945 1006 2011 iudicio
1021 1968 1095 2012 eum
1111 1946 1153 2012 ab
1177 1945 1307 2012 bonoria
1331 1945 1448 2028 oiffcio,
1475 1969 1538 2012 nou
1562 1949 1641 2030 iure,
1666 1949 1723 2016 sed
1745 1960 1854 2018 aucto·

169 2055 266 2121 ritate
290 2055 483 2142 depositum.
508 2052 595 2134 Quia
617 2075 694 2138 ergo
717 2073 779 2116 non
795 2058 901 2138 potest
917 2073 1111 2137 quemquam
1128 2051 1332 2138 episcopatus
1348 2051 1461 2138 gradu,
1479 2053 1540 2116 nisi
1552 2054 1644 2117 iustis
1658 2075 1700 2118 ex
1717 2057 1852 2138 caussis,

171 2182 308 2227 concors
332 2159 534 2225 sacerdotum
558 2179 761 2225 summouere
793 2157 960 2237 sententia,
993 2154 1159 2221 hortamur
1181 2155 1412 2221 fraternitatem
1437 2166 1589 2242 vestram,
1613 2167 1649 2223 ut
1670 2159 1852 2246 praefatum

171 2268 278 2332 virum
312 2287 355 2331 ex
385 2264 509 2346 eodem,
541 2263 574 2328 in
607 2285 670 2350 quo
694 2261 841 2328 detrusus
873 2271 930 2342 est,
962 2262 1035 2326 eiici
1065 2259 1194 2327 faciatis
1218 2259 1325 2344 exilio,
1350 2283 1562 2350 caussamque
1586 2264 1655 2328 eius
1680 2266 1854 2354 episcopali

172 2369 408 2457 disceptatione
431 2369 585 2456 perquiri.
608 2365 652 2432 Et
675 2368 701 2432 si
724 2366 776 2432 his
799 2369 831 2431 iu
856 2366 1166 2453 quibusaccusatur,
1183 2367 1338 2433 canonica
1352 2365 1448 2432 fuerit
1466 2365 1655 2453 probatione
1678 2373 1854 2456 conuictus,

171 2477 330 2541 canonica
352 2473 465 2562 procul
488 2463 587 2539 ddbio
610 2483 660 2539 est
684 2471 805 2539 ultione
829 2470 1027 2558 plectendus.
1055 2471 1152 2552 Quod
1175 2474 1202 2537 si
1227 2470 1316 2554 alias,
1333 2493 1430 2558 quam
1454 2471 1495 2536 de
1516 2494 1554 2536 eo
1579 2475 1782 2540 aestimatum
1806 2487 1856 2542 est

172 2579 322 2669 synodali
348 2579 447 2646 fuerit
477 2581 684 2668 inquisitione
717 2581 925 2666 compertum,
950 2601 1082 2644 necesse
1113 2587 1171 2662 est,
1192 2588 1227 2643 ut
1261 2577 1483 2643 criminatores
1514 2579 1590 2642 iusti
1622 2579 1854 2648 districtionem

170 2687 250 2752 iuris
273 2683 479 2768 exhorreant,
503 2695 536 2751 et
557 2687 762 2750 incriminato
786 2685 988 2750 innocentiae
1004 2707 1081 2748 suae
1099 2689 1269 2749 seruentur
1283 2682 1409 2747 illibata
1431 2682 1594 2768 suffragia.
1619 2683 1855 2754 Executionem

170 2813 248 2856 vero
272 2790 404 2856 antefati
428 2791 549 2875 negotii
572 2789 747 2874 Antonino,
771 2788 968 2854 subdiacono
991 2798 1109 2871 nostro,
1143 2811 1185 2853 ex
1216 2797 1326 2852 nostra
1355 2789 1580 2874 praeceptione
1611 2791 1855 2877 mandauimus,

172 2907 333 2984 quatenus
359 2897 429 2961 eius
451 2895 602 2961 instantia
623 2903 655 2960 et
678 2916 760 2982 quae
783 2904 858 2959 sunt
878 2891 1004 2980 legibus
1021 2893 1261 2980 canonibusque
1276 2891 1394 2979 placita
1414 2891 1637 2980 decernantur,
1658 2904 1690 2962 et
1713 2897 1854 2984 decreta,

171 3001 304 3066 iuuante
327 3000 467 3082 domino,
492 3001 716 3087 mancipentur
739 2999 877 3066 effectui.

331 3179 432 3237 blansi.
456 3178 595 3237 collectio
618 3179 726 3237 Concil.
750 3181 785 3236 Τ.
808 3181 860 3237 ΙΧ.
883 3187 932 3238 atr.
958 3181 1053 3238 1119.

664 3435 764 3521 XX.
792 3435 883 3523 592.
910 3439 1099 3540 mjeeeca
1123 3437 1351 3541 listopada.

171 3637 275 3714 Grpur
300 3637 330 3698 1.
353 3652 437 3712 papa
458 3635 564 3698 0010ὶο
583 3633 742 3696 Antoniou
759 3633 955 3709 probatoria
977 3633 1018 3693 ds
1047 3652 1078 3696 sc
1098 3651 1218 3697 rouame
1239 3651 1277 3696 so
1299 3635 1469 3710 Florentia
1492 3631 1620 3711 occupa
1643 3639 1853 3717 caueatur,

585 3741 687 3817 soma
708 3741 799 3815 preto
821 3739 1005 3814 emautur
1023 3741 1101 3801 auda
1122 3757 1138 3800 a
1160 3740 1235 3801 tosti
1252 3739 1430 3816 properare.
1691 3741 1698 3752 “

714 3909 902 3998 Gregorius,
920 3911 1083 3977 Antonino
1100 3909 1307 3977 subdiacono.

331 4087 485 4156 Peruenit
505 4088 547 4156 ad
570 4111 628 4156 uos
652 4088 861 4170 Florentium,
886 4085 1128 4173 epidauritanae
1152 4087 1292 4152 ciuitatis
1326 4089 1522 4174 episcopum,
1554 4091 1732 4177 praereptis
1765 4094 1854 4179 prius

170 4193 270 4261 rebus
293 4193 374 4276 eius,
393 4215 455 4279 pro
478 4194 670 4282 quibusdam
695 4217 759 4261 non
781 4191 967 4282 approbatis
988 4192 1176 4258 criminibus
1192 4194 1261 4258 sine
1277 4193 1468 4260 sacerdotali
1484 4193 1620 4260 coneilio
1643 4195 1744 4263 fuisse
1767 4197 1855 4264 dam·

171 4307 296 4366 natum.
318 4297 365 4362 Et
387 4300 464 4386 quia
486 4321 551 4364 noo
573 4299 671 4366 debet
693 4301 721 4366 is
742 4291 878 4387 poenam
902 4299 1062 4366 sustinere
1093 4283 1291 4382 canonicam,
1314 4300 1347 4364 in
1371 4301 1466 4366 cuius
1490 4299 1697 4368 damnatione
1718 4325 1782 4370 non
1806 4313 1856 4371 est

172 4405 333 4470 monnica
355 4403 480 4491 prolata
503 4407 671 4490 sententia,
702 4407 916 4493 praecipimus
940 4405 1159 4491 experientiae
1181 4413 1265 4489 tuae,
1288 4414 1325 4472 ut
1346 4404 1466 4488 Natali,
1484 4405 1576 4472 fratri
1608 4415 1639 4472 et
1662 4411 1854 4498 coepiscopo

179 4519 300 4594 nostro,
323 4509 443 4576 debeas
466 4511 643 4596 imminere,
675 4520 833 4599 qnatenus
861 4511 1079 4598 supradictum
1101 4511 1206 4576 virum
1237 4509 1278 4576 de
1309 4509 1423 4576 eodem
1454 4511 1526 4576 eiici
1555 4510 1662 4596 faciat,
1683 4535 1747 4600 quo
1769 4537 1856 4582 nuuc

172 4615 292 4681 dicitur
314 4613 465 4682 detrusus
488 4614 595 4682 exilio.
621 4615 871 4704 Oonuocatoque
905 4618 1129 4703 episcoporum
1152 4614 1298 4699 concilio,
1324 4617 1351 4682 si
1375 4613 1456 4682 baec
1479 4618 1512 4682 in
1544 4616 1662 4704 quibus
1684 4629 1854 4688 accusatus

171 4731 221 4786 est
243 4723 398 4786 canonice
421 4720 540 4787 fuerint
555 4721 741 4808 approbata,
761 4721 893 4808 praefati
910 4720 1042 4803 Natalis,
1060 4721 1166 4786 fratris
1184 4730 1217 4786 et
1230 4722 1412 4809 coepiscopi
1431 4711 1540 4806 nostri,
1557 4721 1706 4790 volumus
1721 4726 1757 4790 in
1780 4747 1854 4793 eum

172 4828 340 4912 proprium
364 4825 464 4890 robur
487 4826 633 4892 obtinere
657 4830 856 4892 sententiam.
881 4826 937 4890 Sin
953 4835 1060 4890 autem
1076 4825 1219 4911 generali
1236 4825 1334 4892 luerit
1353 4825 1472 4892 iudicio
1495 4825 1673 4910 absolutus,
1696 4851 1757 4896 nec
1780 4853 1854 4898 eum

173 4929 330 5018 deinceps
353 4931 527 5031 cuiuslibet
550 4931 747 5019 praeiudicio
771 4932 938 4998 subiacere
961 4933 1136 5018 permittas,
1169 4940 1201 4997 et
1223 4931 1387 5019 praefatae
1410 4953 1462 4997 res
1483 4932 1629 4998 districta
1650 4943 1724 5000 tuae
1748 4934 1854 5002 solici-

172 5035 296 5102 tudinis
320 5037 531 5102 restituantur
553 5037 714 5102 instantia.
746 5036 887 5102 Necesse
919 5047 1085 5122 actergo,
1116 5047 1152 5102 ut
1181 5046 1301 5123 quanto
1331 5037 1482 5123 grauiora
1509 5037 1623 5104 talium
1646 5040 1851 5125 negotiorum

173 5141 348 5228 perpendis
372 5140 524 5227 pondera,
549 5151 636 5207 tanto
660 5164 698 5207 ea
721 5143 887 5206 maturiori
916 5141 1178 5229 vigilantiorique
1201 5142 1331 5210 studeas
1355 5144 1546 5210 executione
1569 5143 1740 5230 complere.

330 5322 431 5380 usust.
455 5285 597 5380 collectio
618 5323 727 5381 Concil.
751 5325 784 5381 T.
808 5323 859 5380 tx.
883 5330 933 5380 str.
959 5323 1052 5380 1119.
