4276 5934
1732 407 1796 474 219

117 611 343 677 ecclesiastica
363 619 473 676 careat
493 609 650 694 dignitate
672 617 715 690 ,et
739 609 807 670 sine
832 629 889 692 spe
912 605 1125 669 restitutionis
1150 613 1215 666 tam
1240 600 1292 666 ille
1318 603 1370 688 qui
1398 599 1533 680 dederit,
1560 600 1724 688 quamille
1741 603 1795 688 qui

114 721 257 784 scienter
280 740 390 781 sacros
415 716 544 781 ordines
568 715 704 800 pecunia
729 713 963 775 interueniente
988 711 1156 793 receperit,
1183 718 1337 792 perpetuo
1362 706 1550 794 deponatur.
1800 691 1805 702 ¹

265 821 346 887 Oum
372 822 491 885 domini
517 819 710 896 sacerdotes,
735 829 767 880 et
790 815 834 879 hii
857 819 911 900 qui
936 837 1028 880 sacro
1045 815 1159 878 altario
1177 813 1374 894 deseruiunt,
1392 816 1597 878 continenter
1613 816 1724 878 viuere
1742 813 1796 878 de·

113 927 214 992 beant
238 931 328 992 iuxta
352 926 450 990 illud:
474 925 687 1003 Mundamini,
712 924 765 1008 qui
791 921 881 985 fertis
907 944 986 985 vasa
1010 921 1148 1003 domini;
1174 921 1205 982 in
1231 919 1377 1004 partibus
1404 918 1571 984 Dalmatie
1595 931 1692 1006 atque
1717 920 1794 985 Dio·
1836 949 1837 954 ¹

112 1032 176 1096 elie
200 1033 386 1096 sacerdotes
411 1043 441 1094 et
466 1053 584 1108 uxores
609 1028 728 1092 habere
753 1037 785 1090 et
809 1025 962 1090 ecclesias
987 1037 1096 1090 tenere
1121 1024 1280 1088 dicuntur.
1313 1024 1458 1104 Quocira
1491 1029 1634 1111 presenti
1665 1027 1795 1092 decreto

111 1139 296 1212 statuimus,
325 1147 358 1200 nt
382 1135 566 1199 sacerdotes
590 1145 621 1197 et
644 1133 798 1196 diaconos
822 1142 896 1195 ante
920 1141 1104 1217 susceptum
1139 1130 1291 1212 officium,
1328 1131 1389 1192 nisi
1426 1149 1535 1193 eornm
1573 1133 1727 1216 coniuges
1763 1134 1795 1196 in

112 1266 211 1306 rnanu
238 1243 380 1327 episcopi
405 1253 513 1304 votum
539 1239 676 1304 fecerint
700 1239 906 1314 continentis,
929 1259 1047 1300 uxores
1073 1235 1230 1300 habentes
1254 1259 1326 1299 cum
1352 1237 1432 1322 ipsis
1458 1248 1609 1301 maneant
1633 1249 1675 1302 et
1695 1238 1795 1304 eccle·

113 1350 181 1412 sias
206 1348 378 1426 dimittant,
411 1369 473 1410 non
493 1347 577 1410 enim
596 1347 720 1431 possint
737 1345 915 1407 secundum
932 1343 1078 1406 ordinem
1096 1365 1227 1405 romane
1246 1341 1383 1405 ecclesie
1402 1353 1567 1407 manentes
1584 1345 1616 1406 in
1634 1347 1794 1428 coniugio,

111 1455 174 1516 nisi
201 1453 364 1518 defunctis
390 1452 556 1534 uxoribus,
582 1461 637 1514 aut
660 1451 889 1513 continentiam
914 1447 1118 1527 vouentibus,
1144 1449 1170 1510 si
1195 1447 1283 1531 digni
1309 1449 1432 1510 inuenti
1456 1447 1584 1530 fuerint,
1615 1450 1656 1514 ad
1688 1473 1794 1514 sacer·

110 1558 237 1624 dotium
264 1559 456 1645 promoueri.
483 1557 534 1620 llli
559 1578 647 1634 vero,
672 1558 726 1640 qui
749 1567 821 1640 post
844 1563 1029 1639 susceptum
1055 1553 1225 1616 sacerdotii
1251 1552 1301 1616 vel
1327 1551 1516 1616 diaconatus
1533 1552 1688 1620 honorem
1705 1556 1795 1621 adul·

111 1677 201 1728 teras
226 1667 450 1750 potiusquam
473 1684 594 1728 uxores
620 1661 786 1744 accepisse
812 1659 998 1746 probantur,
1026 1661 1086 1722 nisi
1111 1681 1166 1723 eas
1203 1659 1392 1740 dimiserint,
1433 1669 1464 1723 et
1498 1659 1633 1744 dignam
1670 1665 1796 1748 egerint

114 1773 338 1855 penitentiam,
363 1770 405 1834 ab
430 1763 535 1834 officio
560 1779 591 1831 et
615 1766 835 1837 ecclesiastico
860 1765 1018 1830 beneficio
1042 1765 1122 1828 fiant
1145 1765 1274 1850 penitus
1297 1765 1405 1828 alieni.
1438 1764 1652 1832 Prohibemus
1687 1772 1794 1852 etiarn,

110 1899 152 1940 ne
176 1877 295 1962 aliquis
319 1878 499 1962 episcopus,
522 1875 593 1937 nisi.
609 1875 639 1936 iu
664 1883 800 1957 quatuor
824 1871 1023 1957 temporibus
1047 1874 1138 1934 iuxta
1161 1881 1345 1935 sanctorum
1369 1881 1495 1957 patrum
1520 1874 1794 1956 constitutionem,

112 1982 258 2069 aliquem
282 1982 322 2045 ad
348 2003 458 2046 sacros
480 1980 610 2044 ordines
633 1999 823 2064 promouere
848 1987 1029 2062 presumat:
1055 1975 1142 2040 solus
1166 1978 1252 2040 enim
1275 1977 1600 2076 romanuspontifex
1624 1979 1794 2045 dominicis

113 2087 234 2151 diebus
257 2087 473 2151 subdiaconos
498 2084 647 2149 ordinare
670 2093 784 2168 potest.
811 2077 893 2162 (lum
918 2094 1025 2146 autem
1048 2085 1220 2168 episcopus
1244 2082 1479 2148 ordinationem
1505 2084 1628 2168 feeerit,
1649 2088 1794 2171 nonnisi

109 2215 211 2256 unum
238 2192 384 2256 ordinem
407 2215 427 2254 a
450 2191 649 2254 subdiacono
674 2199 705 2252 et
729 2211 827 2274 snpra
850 2188 996 2252 conferre
1020 2199 1194 2273 presumat.
1220 2187 1396 2254 Ordinatus
1420 2201 1526 2254 autem
1561 2193 1593 2282 in
1625 2191 1794 2258 subdiaco-

110 2308 222 2361 natum
248 2297 287 2360 ad
313 2319 430 2360 munus
450 2318 511 2382 per
533 2318 653 2359 annum
686 2297 718 2358 in
752 2295 863 2358 eodem
892 2294 999 2358 officio
1035 2294 1207 2375 deseruiat,
1243 2305 1275 2358 et
1309 2295 1464 2360 diaconus
1501 2297 1650 2363 similiter
1684 2299 1791 2366 faciat.

109 2401 318 2489 Quicumque
342 2413 448 2468 autem
471 2404 641 2487 episcopus
665 2409 777 2464 contra
801 2401 862 2464 hoc
886 2401 997 2464 venire
1020 2401 1263 2486 presumpserit,
1285 2400 1409 2464 tamdiu
1431 2424 1451 2464 a
1474 2401 1679 2468 conferendis
1709 2403 1793 2468 ordi-

109 2510 208 2574 nibus
232 2511 402 2588 abstineat,
427 2509 530 2572 donec
553 2531 573 2571 a
598 2529 731 2570 romano
756 2505 906 2591 pontifico
930 2504 1183 2570 misericordiam
1208 2516 1434 2592 consequatur.

267 2611 429 2692 Quoniam
454 2613 629 2677 secundum
654 2611 775 2695 gradus
798 2622 829 2676 et
850 2611 979 2675 ordines
1003 2633 1213 2696 personarum
1232 2611 1627 2681 beneficiaecclesiastica
1642 2617 1675 2681 in
1694 2615 1790 2686 domo

107 2721 234 2785 domini
259 2719 435 2784 secundum
461 2728 645 2782 sanctorum
677 2729 802 2802 patrum
834 2718 1092 2780 constitutionem
1116 2717 1288 2782 distributa
1310 2729 1496 2803 noscuntur,
1520 2720 1733 2806 decernimus,
1755 2733 1793 2790 ut

108 2826 239 2891 decime
261 2847 318 2890 seu
342 2824 522 2889 oblationes
545 2821 689 2886 fidelium
715 2835 777 2886 tam
803 2845 860 2908 pro
886 2823 970 2886 vinis
994 2845 1090 2907 quam
1114 2845 1171 2908 pro
1205 2822 1365 2888 defunctis
1401 2825 1433 2888 in
1470 2838 1609 2912 quatuor
1645 2830 1791 2915 partibus

106 2931 308 3012 diuiduntur,
334 2952 469 3017 quarum
496 2951 559 2993 una
583 2931 625 2992 sit
649 2930 800 3014 episcopi,
819 2927 883 2992 alia
899 2927 1119 3012 ecclesiarum,
1138 2930 1233 2994 tertia
1250 2952 1438 3016 pauperum,
1457 2941 1572 3018 quarta
1589 2933 1790 3003 clericorum.

107 3037 294 3102 Portionem
311 3037 440 3123 quidem
458 3059 633 3124 pauperum
651 3038 821 3121 episcopus
836 3037 1056 3116 amministrat,
1074 3036 1252 3121 portionem
1270 3059 1346 3100 vero
1370 3037 1579 3104 ecclesiarum
1608 3041 1790 3128 archipres-

107 3143 197 3210 biter
220 3155 400 3224 conseruet,
425 3154 523 3208 etex
547 3142 696 3206 mandato
720 3142 864 3228 episcopi
888 3143 920 3204 iu
943 3141 1055 3240 usibus
1080 3140 1216 3206 ecclesie
1231 3142 1368 3208 fideliter
1384 3143 1558 3229 expendat.
1586 3143 1791 3234 Quicumque
1876 3201 1878 3204 .

106 3261 216 3314 autom
243 3250 434 3313 clericorum
460 3259 573 3312 contra
595 3248 657 3312 hoc
681 3249 791 3312 venire
815 3249 1056 3336 presumpserit,
1083 3271 1141 3311 sua
1166 3250 1311 3333 portione
1336 3250 1490 3334 priuetur.
1574 3305 1578 3317 .

229 3346 234 3356 ⁵
262 3355 449 3418 Districtius
474 3354 665 3428 inhibemus,
690 3377 729 3417 ne
750 3352 868 3438 aliquis
893 3351 1044 3415 sacerdos
1069 3351 1127 3416 filii
1152 3355 1200 3416 sui
1234 3353 1285 3416 vel
1319 3353 1385 3418 tilio
1417 3357 1595 3442 spiritualis
1632 3361 1790 3446 priuatam

105 3459 346 3526 confessionem
371 3459 468 3524 alicui
490 3459 636 3524 reuelare
661 3469 833 3544 presumat.
860 3455 955 3536 Quod
980 3459 1006 3520 si
1024 3455 1131 3522 facere
1148 3459 1316 3522 conuictus
1333 3459 1440 3541 fuerit,
1457 3461 1566 3528 officio
1583 3474 1615 3528 et
1631 3451 1789 3536 beneficio

104 3567 330 3632 ecclesiastico
355 3577 511 3651 perpetuo
535 3565 701 3652 spolietur.
726 3565 816 3629 Idem
842 3563 979 3627 dicimus
1016 3565 1055 3626 de
1091 3563 1237 3649 quolibet
1272 3565 1400 3648 clerico,
1436 3570 1492 3654 qui
1527 3569 1567 3634 de
1604 3571 1790 3666 homicidio,

105 3673 277 3752 adulterio,
301 3675 452 3758 periurio,
477 3671 558 3736 falso
582 3673 766 3736 testimonio
792 3669 921 3755 publice
944 3678 1115 3734 accusatus
1139 3668 1236 3734 fuerit
1259 3673 1491 3760 etconuictus.
1646 3739 1653 3748 ,

260 3777 341 3842 Cum
370 3790 526 3842 terrarum
554 3787 745 3858 potestatum
771 3778 897 3839 nunciis
919 3778 988 3838 siue
1010 3775 1166 3838 ministris
1192 3775 1294 3840 honor
1325 3777 1519 3846 exhibeatur
1552 3785 1594 3852 ab
1629 3789 1789 3873 omnibus,

106 3885 208 3949 multo
234 3883 337 3967 magis
363 3885 516 3946 ministris
541 3882 593 3946 dei
617 3881 761 3945 honora
785 3882 875 3944 laicis
898 3880 1101 3944 exhibendus
1126 3891 1183 3962 est,
1208 3905 1227 3946 a
1250 3882 1367 3967 quibus
1391 3887 1437 3950 eis
1462 3910 1525 3953 non
1551 3892 1653 3958 solum
1679 3897 1790 3962 diuina

104 3991 313 4056 celebrantur
336 3989 453 4071 officia,
478 4011 590 4052 verum
615 3989 711 4051 etiam
733 4010 859 4052 sacrum
885 3985 1045 4072 baptisma
1068 3997 1100 4050 et
1124 4010 1240 4072 corpus
1265 3988 1386 4053 domini
1411 4003 1442 4056 et
1468 3999 1652 4081 penitentia,
1676 4012 1708 4064 et
1739 4025 1788 4067 cc·

104 4108 173 4161 tera
198 4094 419 4160 ecclesiastica
443 4103 644 4158 sacramenta
677 4095 794 4178 iugiter
824 4094 1054 4156 ministrantur.
1093 4092 1299 4180 Quapropter
1333 4098 1425 4162 iuxta
1460 4101 1625 4168 decretum
1662 4107 1784 4172 domini

103 4203 287 4267 Innocentii
313 4223 394 4286 pape
419 4201 551 4263 secundi
576 4199 753 4296 districtius
776 4197 968 4278 inhibemus,
993 4222 1033 4261 ne
1057 4197 1175 4284 aliquis
1201 4203 1231 4264 in
1263 4225 1433 4286 personam
1461 4209 1604 4296 episcopi
1636 4213 1704 4276 siue
1738 4237 1787 4278 sa-

104 4309 258 4389 cerdotis,
283 4307 334 4372 vel
359 4306 532 4371 cuiuslibet
555 4306 664 4370 clerici
687 4306 737 4370 vel
760 4304 902 4390 religiosi
927 4306 989 4370 viri
1013 4305 1171 4369 violentas
1203 4331 1315 4372 manus
1348 4312 1466 4376 inicere
1500 4327 1675 4399 presumat.
1710 4318 1787 4398 Qui·

104 4437 246 4501 cumque
271 4424 378 4478 autem
401 4412 462 4477 hoc
485 4413 735 4497 attemptauerit,
760 4411 881 4474 tamdiu
906 4414 1206 4477 excommunicatus
1231 4427 1374 4496 maneat,
1393 4407 1497 4482 donec
1522 4421 1561 4484 dc
1596 4433 1685 4486 tanta
1718 4448 1788 4509 prc-

104 4523 290 4606 sumptione
314 4519 538 4584 satisfacturus
562 4520 739 4604 apostolico
760 4541 794 4582 se
817 4519 1002 4603 conspectui
1027 4530 1237 4604 representet,
1263 4521 1313 4583 vel
1338 4523 1380 4586 ab
1404 4526 1473 4588 eius
1504 4525 1621 4610 legato,
1653 4534 1788 4614 prestita

103 4648 251 4712 congrua
274 4625 505 4708 satisfactione,
529 4623 743 4688 absolutionis
768 4623 959 4690 beneficium
983 4634 1208 4710 consequatur.
1242 4625 1398 4690 Similiter
1432 4631 1491 4694 sub
1527 4638 1786 4700 excommunica-

101 4735 191 4797 tione
216 4730 435 4818 prohibemus,
460 4753 499 4794 ne
523 4731 640 4817 aliquis
667 4731 766 4794 laicus
790 4730 943 4795 clericum
967 4733 1006 4792 ad
1025 4733 1192 4816 peregrina
1211 4733 1328 4796 iudicia
1344 4732 1471 4798 trahere
1488 4748 1662 4820 presumat,
1681 4741 1784 4806 veluti

104 4839 275 4903 candentis
299 4838 384 4918 farri,
410 4836 461 4901 vel
486 4859 578 4922 aque,
605 4835 657 4900 vel
682 4835 854 4900 cuiuslibet
877 4836 1008 4900 alterius
1033 4836 1160 4917 iudicii3
1198 4860 1259 4901 uon
1296 4841 1381 4902 enim
1417 4842 1558 4926 pertinet
1594 4843 1636 4906 ad
1670 4845 1785 4910 laicum

57 4927 60 4938 ¹
103 4945 258 5008 clericum
284 4944 437 5008 iudicare.
463 4942 496 5006 Si
520 4953 627 5007 autem
652 4943 788 5006 clericus
812 4944 1005 5029 peccauerit,
1030 4943 1071 5006 ab
1094 4941 1337 5029 archiepiscopo
1362 4944 1412 5009 rel
1438 4948 1602 5036 episcopo,
1620 4949 1672 5013 vel
1689 4953 1785 5016 etiam

6 5115 7 5118 ,
102 5049 229 5136 prelato
253 5072 322 5128 suo,
347 5059 403 5112 aut
425 5048 559 5113 romano
584 5049 746 5134 pontifice,
771 5050 797 5111 si
822 5071 956 5113 necessa
978 5047 1084 5129 luerit,
1111 5049 1279 5122 iudicetur.

255 5153 336 5219 Oum
363 5165 567 5220 sacrosancta
589 5178 723 5218 romana
746 5155 892 5234 ecclesia,
917 5176 979 5240 quc
999 5165 1100 5218 mater
1116 5165 1165 5218 cst
1182 5159 1323 5221 omnium
1341 5159 1550 5226 ecclesiarum
1570 5176 1601 5226 ot
1618 5169 1781 5250 magistra,

100 5262 293 5347 decreuerit,
317 5271 352 5324 nt
377 5259 482 5326 nullus
506 5260 699 5326 christianus
722 5282 824 5346 usque
847 5260 888 5324 ad
913 5261 1082 5344 septimum
1107 5264 1396 5349 consanguinitatis
1419 5267 1554 5354 gradum
1591 5271 1778 5358 coniugium
