<?xml version="1.0" encoding="UTF-8"?>
<!DOCTYPE html PUBLIC "-//W3C//DTD XHTML 1.0 Transitional//EN"
    "http://www.w3.org/TR/xhtml1/DTD/xhtml1-transitional.dtd">
<html xmlns="http://www.w3.org/1999/xhtml" xml:lang="en" lang="en">
 <head>
  <title>
</title>
<meta http-equiv="Content-Type" content="text/html;charset=utf-8" />
  <meta name='ocr-system' content='tesseract 3.04.00' />
  <meta name='ocr-capabilities' content='ocr_page ocr_carea ocr_par ocr_line ocrx_word'/>
</head>
<body>
  <div class='ocr_page' id='page_1' title='image "./codexdiplomatic00unkngoog_0429.png"; bbox 0 0 4300 5930; ppageno 0'>
   <div class='ocr_carea' id='block_1_1' title="bbox 1782 456 1825 522">
    <p class='ocr_par' dir='ltr' id='par_1_1' title="bbox 1782 456 1825 522">
     <span class='ocr_line' id='line_1_1' title="bbox 1782 456 1825 522; baseline 0.023 -1"><span class='ocrx_word' id='word_1_1' title='bbox 1782 456 1825 522; x_wconf 83' lang='lat'><strong>95</strong></span> 
     </span>
    </p>
   </div>
   <div class='ocr_carea' id='block_1_2' title="bbox 134 643 1850 2844">
    <p class='ocr_par' dir='ltr' id='par_1_2' title="bbox 134 643 1850 1685">
     <span class='ocr_line' id='line_1_2' title="bbox 138 643 1850 740; baseline 0.002 -29"><span class='ocrx_word' id='word_1_2' title='bbox 138 667 201 732; x_wconf 89' lang='lat' dir='ltr'><strong>que</strong></span> <span class='ocrx_word' id='word_1_3' title='bbox 226 668 298 712; x_wconf 88' lang='lat' dir='ltr'><strong>esse</strong></span> <span class='ocrx_word' id='word_1_4' title='bbox 318 643 477 710; x_wconf 81' lang='lat' dir='ltr'>dicebant.</span> <span class='ocrx_word' id='word_1_5' title='bbox 514 644 582 710; x_wconf 86' lang='lat' dir='ltr'><strong>Nos</strong></span> <span class='ocrx_word' id='word_1_6' title='bbox 608 667 695 725; x_wconf 90' lang='lat' dir='ltr'><strong>vero,</strong></span> <span class='ocrx_word' id='word_1_7' title='bbox 732 647 972 732; x_wconf 81' lang='lat' dir='ltr'><strong>prenominatus</strong></span> <span class='ocrx_word' id='word_1_8' title='bbox 1008 647 1274 734; x_wconf 79' lang='lat' dir='ltr'><strong>archiepiscopus</strong></span> <span class='ocrx_word' id='word_1_9' title='bbox 1310 645 1526 734; x_wconf 87' lang='lat' dir='ltr'><strong>Lampredius</strong></span> <span class='ocrx_word' id='word_1_10' title='bbox 1561 655 1593 712; x_wconf 92' lang='lat' dir='ltr'><strong>et</strong></span> <span class='ocrx_word' id='word_1_11' title='bbox 1628 645 1850 740; x_wconf 50' lang='lat' dir='ltr'><strong>Dominicus⁸</strong></span> 
     </span>
     <span class='ocr_line' id='line_1_3' title="bbox 138 751 1823 836; baseline 0.002 -21"><span class='ocrx_word' id='word_1_12' title='bbox 138 751 326 816; x_wconf 81' lang='lat' dir='ltr'><strong>Macroceni</strong></span> <span class='ocrx_word' id='word_1_13' title='bbox 350 773 467 834; x_wconf 91' lang='lat' dir='ltr'><strong>comes,</strong></span> <span class='ocrx_word' id='word_1_14' title='bbox 493 773 564 816; x_wconf 90' lang='lat' dir='ltr'><strong>cum</strong></span> <span class='ocrx_word' id='word_1_15' title='bbox 589 751 759 834; x_wconf 88' lang='lat' dir='ltr'><strong>Damiano,</strong></span> <span class='ocrx_word' id='word_1_16' title='bbox 783 751 849 818; x_wconf 91' lang='lat' dir='ltr'><strong>filio</strong></span> <span class='ocrx_word' id='word_1_17' title='bbox 873 751 1009 836; x_wconf 84' lang='lat' dir='ltr'><strong>Sloradi,</strong></span> <span class='ocrx_word' id='word_1_18' title='bbox 1034 753 1183 818; x_wconf 88' lang='lat' dir='ltr'><strong>Prodano</strong></span> <span class='ocrx_word' id='word_1_19' title='bbox 1207 753 1360 835; x_wconf 83' lang='lat' dir='ltr'><strong>Karanis,</strong></span> <span class='ocrx_word' id='word_1_20' title='bbox 1385 751 1504 833; x_wconf 84' lang='lat' dir='ltr'><strong>Medio,</strong></span> <span class='ocrx_word' id='word_1_21' title='bbox 1527 751 1686 817; x_wconf 87' lang='lat' dir='ltr'><strong>Johanuis</strong></span> <span class='ocrx_word' id='word_1_22' title='bbox 1712 751 1823 836; x_wconf 83' lang='lat' dir='ltr'><strong>Greci,</strong></span> 
     </span>
     <span class='ocr_line' id='line_1_4' title="bbox 139 849 1820 944; baseline 0.002 -24"><span class='ocrx_word' id='word_1_23' title='bbox 139 857 316 943; x_wconf 88' lang='lat' dir='ltr'><strong>multisque</strong></span> <span class='ocrx_word' id='word_1_24' title='bbox 341 849 413 921; x_wconf 90' lang='lat' dir='ltr'><strong>aliis</strong></span> <span class='ocrx_word' id='word_1_25' title='bbox 438 857 610 939; x_wconf 86' lang='lat' dir='ltr'><strong>nobilibus,</strong></span> <span class='ocrx_word' id='word_1_26' title='bbox 635 866 667 920; x_wconf 91' lang='lat' dir='ltr'><strong>et</strong></span> <span class='ocrx_word' id='word_1_27' title='bbox 690 879 761 921; x_wconf 76' lang='lat' dir='ltr'><strong>curn</strong></span> <span class='ocrx_word' id='word_1_28' title='bbox 787 859 934 943; x_wconf 79' lang='lat' dir='ltr'><strong>ipsismet</strong></span> <span class='ocrx_word' id='word_1_29' title='bbox 957 869 1078 938; x_wconf 89' lang='lat' dir='ltr'><strong>euntes,</strong></span> <span class='ocrx_word' id='word_1_30' title='bbox 1103 860 1243 924; x_wconf 89' lang='lat' dir='ltr'><strong>vidimus</strong></span> <span class='ocrx_word' id='word_1_31' title='bbox 1268 858 1386 923; x_wconf 88' lang='lat' dir='ltr'><strong>dictam</strong></span> <span class='ocrx_word' id='word_1_32' title='bbox 1411 868 1443 923; x_wconf 89' lang='lat' dir='ltr'><strong>et</strong></span> <span class='ocrx_word' id='word_1_33' title='bbox 1474 861 1674 944; x_wconf 78' lang='lat' dir='ltr'><strong>assignatam</strong></span> <span class='ocrx_word' id='word_1_34' title='bbox 1702 871 1820 924; x_wconf 88' lang='lat' dir='ltr'><strong>terrem</strong></span> 
     </span>
     <span class='ocr_line' id='line_1_5' title="bbox 138 961 1823 1052; baseline 0.002 -26"><span class='ocrx_word' id='word_1_35' title='bbox 138 973 169 1027; x_wconf 90' lang='lat' dir='ltr'><strong>et</strong></span> <span class='ocrx_word' id='word_1_36' title='bbox 194 973 267 1045; x_wconf 88' lang='lat' dir='ltr'><strong>post</strong></span> <span class='ocrx_word' id='word_1_37' title='bbox 285 962 424 1052; x_wconf 57' lang='lat' dir='ltr'><strong>,ladrum</strong></span> <span class='ocrx_word' id='word_1_38' title='bbox 449 985 559 1026; x_wconf 90' lang='lat' dir='ltr'><strong>sumus</strong></span> <span class='ocrx_word' id='word_1_39' title='bbox 583 965 717 1026; x_wconf 88' lang='lat' dir='ltr'><strong>reuersi.</strong></span> <span class='ocrx_word' id='word_1_40' title='bbox 743 961 824 1028; x_wconf 88' lang='lat' dir='ltr'><strong>Nam</strong></span> <span class='ocrx_word' id='word_1_41' title='bbox 850 976 881 1029; x_wconf 92' lang='lat' dir='ltr'><strong>et</strong></span> <span class='ocrx_word' id='word_1_42' title='bbox 903 966 1122 1051; x_wconf 81' lang='lat' dir='ltr'><strong>prenominati</strong></span> <span class='ocrx_word' id='word_1_43' title='bbox 1146 967 1247 1030; x_wconf 90' lang='lat' dir='ltr'><strong>nostri</strong></span> <span class='ocrx_word' id='word_1_44' title='bbox 1273 963 1396 1028; x_wconf 89' lang='lat' dir='ltr'><strong>iudices</strong></span> <span class='ocrx_word' id='word_1_45' title='bbox 1420 987 1458 1028; x_wconf 91' lang='lat' dir='ltr'><strong>ac</strong></span> <span class='ocrx_word' id='word_1_46' title='bbox 1474 964 1623 1029; x_wconf 87' lang='lat' dir='ltr'><strong>consules</strong></span> <span class='ocrx_word' id='word_1_47' title='bbox 1640 966 1724 1044; x_wconf 82' lang='lat' dir='ltr'><strong>iusto</strong></span> <span class='ocrx_word' id='word_1_48' title='bbox 1741 965 1823 1052; x_wconf 91' lang='lat' dir='ltr'><strong>legis</strong></span> 
     </span>
     <span class='ocr_line' id='line_1_6' title="bbox 137 1067 1822 1158; baseline 0.003 -26"><span class='ocrx_word' id='word_1_49' title='bbox 137 1067 259 1134; x_wconf 92' lang='lat' dir='ltr'><strong>iudicio</strong></span> <span class='ocrx_word' id='word_1_50' title='bbox 285 1067 508 1142; x_wconf 83' lang='lat' dir='ltr'><strong>decreuerunt,</strong></span> <span class='ocrx_word' id='word_1_51' title='bbox 533 1079 568 1132; x_wconf 87' lang='lat' dir='ltr'><strong>ut</strong></span> <span class='ocrx_word' id='word_1_52' title='bbox 590 1068 675 1132; x_wconf 91' lang='lat' dir='ltr'><strong>dicta</strong></span> <span class='ocrx_word' id='word_1_53' title='bbox 699 1068 865 1133; x_wconf 86' lang='lat' dir='ltr'><strong>abbatissa</strong></span> <span class='ocrx_word' id='word_1_54' title='bbox 890 1070 1020 1136; x_wconf 86' lang='lat' dir='ltr'><strong>Rosana</strong></span> <span class='ocrx_word' id='word_1_55' title='bbox 1043 1094 1116 1135; x_wconf 92' lang='lat' dir='ltr'><strong>cum</strong></span> <span class='ocrx_word' id='word_1_56' title='bbox 1140 1072 1245 1135; x_wconf 88' lang='lat' dir='ltr'><strong>tribus</strong></span> <span class='ocrx_word' id='word_1_57' title='bbox 1262 1074 1329 1134; x_wconf 91' lang='lat' dir='ltr'><strong>suis</strong></span> <span class='ocrx_word' id='word_1_58' title='bbox 1353 1069 1547 1135; x_wconf 86' lang='lat' dir='ltr'><strong>monialibus</strong></span> <span class='ocrx_word' id='word_1_59' title='bbox 1572 1073 1701 1152; x_wconf 88' lang='lat' dir='ltr'><strong>iuraret,</strong></span> <span class='ocrx_word' id='word_1_60' title='bbox 1734 1071 1822 1158; x_wconf 92' lang='lat' dir='ltr'><strong>quod</strong></span> 
     </span>
     <span class='ocr_line' id='line_1_7' title="bbox 138 1171 1823 1261; baseline 0.004 -25"><span class='ocrx_word' id='word_1_61' title='bbox 138 1171 225 1238; x_wconf 87' lang='lat' dir='ltr'><strong>dicta</strong></span> <span class='ocrx_word' id='word_1_62' title='bbox 246 1183 332 1238; x_wconf 90' lang='lat' dir='ltr'><strong>terra</strong></span> <span class='ocrx_word' id='word_1_63' title='bbox 355 1196 413 1238; x_wconf 87' lang='lat' dir='ltr'><strong>sua</strong></span> <span class='ocrx_word' id='word_1_64' title='bbox 437 1173 529 1240; x_wconf 87' lang='lat' dir='ltr'><strong>foret.</strong></span> <span class='ocrx_word' id='word_1_65' title='bbox 553 1171 597 1236; x_wconf 88' lang='lat' dir='ltr'><strong>Et</strong></span> <span class='ocrx_word' id='word_1_66' title='bbox 621 1175 649 1238; x_wconf 91' lang='lat' dir='ltr'><strong>si</strong></span> <span class='ocrx_word' id='word_1_67' title='bbox 674 1173 835 1239; x_wconf 82' lang='lat' dir='ltr'><strong>Damania</strong></span> <span class='ocrx_word' id='word_1_68' title='bbox 865 1175 970 1260; x_wconf 85' lang='lat' dir='ltr'><strong>Zigali</strong></span> <span class='ocrx_word' id='word_1_69' title='bbox 1003 1199 1076 1240; x_wconf 90' lang='lat' dir='ltr'><strong>cum</strong></span> <span class='ocrx_word' id='word_1_70' title='bbox 1114 1175 1284 1242; x_wconf 89' lang='lat' dir='ltr'><strong>duodecim</strong></span> <span class='ocrx_word' id='word_1_71' title='bbox 1321 1177 1387 1240; x_wconf 92' lang='lat' dir='ltr'><strong>suis</strong></span> <span class='ocrx_word' id='word_1_72' title='bbox 1421 1177 1610 1261; x_wconf 88' lang='lat' dir='ltr'><strong>propinquis</strong></span> <span class='ocrx_word' id='word_1_73' title='bbox 1645 1177 1823 1242; x_wconf 87' lang='lat' dir='ltr'><strong>secundum</strong></span> 
     </span>
     <span class='ocr_line' id='line_1_8' title="bbox 134 1278 1822 1368; baseline 0.003 -26"><span class='ocrx_word' id='word_1_74' title='bbox 134 1278 225 1365; x_wconf 94' lang='lat' dir='ltr'><strong>quod</strong></span> <span class='ocrx_word' id='word_1_75' title='bbox 250 1278 380 1344; x_wconf 87' lang='lat' dir='ltr'><strong>dicebat</strong></span> <span class='ocrx_word' id='word_1_76' title='bbox 403 1280 583 1344; x_wconf 88' lang='lat' dir='ltr'><strong>iuramento</strong></span> <span class='ocrx_word' id='word_1_77' title='bbox 607 1278 705 1344; x_wconf 89' lang='lat' dir='ltr'><strong>vellet</strong></span> <span class='ocrx_word' id='word_1_78' title='bbox 728 1279 866 1361; x_wconf 89' lang='lat' dir='ltr'><strong>firmare,</strong></span> <span class='ocrx_word' id='word_1_79' title='bbox 893 1283 1105 1368; x_wconf 89' lang='lat' dir='ltr'><strong>prescriptam</strong></span> <span class='ocrx_word' id='word_1_80' title='bbox 1130 1291 1249 1346; x_wconf 91' lang='lat' dir='ltr'><strong>terram</strong></span> <span class='ocrx_word' id='word_1_81' title='bbox 1273 1278 1557 1366; x_wconf 71' lang='lat' dir='ltr'><strong>acciperent.‚Qui</strong></span> <span class='ocrx_word' id='word_1_82' title='bbox 1576 1282 1704 1366; x_wconf 87' lang='lat' dir='ltr'><strong>penitus</strong></span> <span class='ocrx_word' id='word_1_83' title='bbox 1720 1283 1822 1347; x_wconf 89' lang='lat' dir='ltr'><strong>iusiu-</strong></span> 
     </span>
     <span class='ocr_line' id='line_1_9' title="bbox 135 1383 1823 1472; baseline 0.003 -25"><span class='ocrx_word' id='word_1_84' title='bbox 135 1383 275 1449; x_wconf 86' lang='lat' dir='ltr'><strong>randum</strong></span> <span class='ocrx_word' id='word_1_85' title='bbox 301 1395 501 1470; x_wconf 80' lang='lat' dir='ltr'><strong>spernentes,</strong></span> <span class='ocrx_word' id='word_1_86' title='bbox 527 1384 605 1449; x_wconf 91' lang='lat' dir='ltr'><strong>illud</strong></span> <span class='ocrx_word' id='word_1_87' title='bbox 627 1385 791 1472; x_wconf 85' lang='lat' dir='ltr'><strong>sepedicta</strong></span> <span class='ocrx_word' id='word_1_88' title='bbox 815 1385 979 1452; x_wconf 89' lang='lat' dir='ltr'><strong>abbatisse</strong></span> <span class='ocrx_word' id='word_1_89' title='bbox 1002 1383 1130 1452; x_wconf 87' lang='lat' dir='ltr'><strong>Rosane</strong></span> <span class='ocrx_word' id='word_1_90' title='bbox 1155 1387 1323 1451; x_wconf 90' lang='lat' dir='ltr'><strong>dederunt.</strong></span> <span class='ocrx_word' id='word_1_91' title='bbox 1356 1385 1427 1465; x_wconf 70' lang='lat' dir='ltr'><strong>Qua</strong></span> <span class='ocrx_word' id='word_1_92' title='bbox 1452 1389 1560 1472; x_wconf 90' lang='lat' dir='ltr'><strong>itaque</strong></span> <span class='ocrx_word' id='word_1_93' title='bbox 1584 1409 1692 1450; x_wconf 89' lang='lat' dir='ltr'><strong>coram</strong></span> <span class='ocrx_word' id='word_1_94' title='bbox 1729 1387 1823 1452; x_wconf 91' lang='lat' dir='ltr'><strong>nobis</strong></span> 
     </span>
     <span class='ocr_line' id='line_1_10' title="bbox 139 1490 1814 1576; baseline 0.004 -25"><span class='ocrx_word' id='word_1_95' title='bbox 139 1490 261 1573; x_wconf 89' lang='lat' dir='ltr'><strong>iurans,</strong></span> <span class='ocrx_word' id='word_1_96' title='bbox 287 1493 483 1574; x_wconf 85' lang='lat' dir='ltr'><strong>assignatam</strong></span> <span class='ocrx_word' id='word_1_97' title='bbox 509 1499 542 1556; x_wconf 87' lang='lat' dir='ltr'><strong>et</strong></span> <span class='ocrx_word' id='word_1_98' title='bbox 565 1490 741 1576; x_wconf 85' lang='lat' dir='ltr'><strong>predictam</strong></span> <span class='ocrx_word' id='word_1_99' title='bbox 767 1501 885 1556; x_wconf 89' lang='lat' dir='ltr'><strong>terram</strong></span> <span class='ocrx_word' id='word_1_100' title='bbox 910 1495 942 1556; x_wconf 91' lang='lat' dir='ltr'><strong>in</strong></span> <span class='ocrx_word' id='word_1_101' title='bbox 979 1500 1088 1558; x_wconf 76' lang='lat' dir='ltr'><strong>sancte</strong></span> <span class='ocrx_word' id='word_1_102' title='bbox 1124 1493 1226 1559; x_wconf 87' lang='lat' dir='ltr'><strong>lllarie</strong></span> <span class='ocrx_word' id='word_1_103' title='bbox 1263 1495 1455 1557; x_wconf 90' lang='lat' dir='ltr'><strong>monasterio</strong></span> <span class='ocrx_word' id='word_1_104' title='bbox 1491 1492 1649 1558; x_wconf 89' lang='lat' dir='ltr'><strong>dedimus.</strong></span> <span class='ocrx_word' id='word_1_105' title='bbox 1674 1493 1718 1558; x_wconf 87' lang='lat' dir='ltr'><strong>Et</strong></span> <span class='ocrx_word' id='word_1_106' title='bbox 1753 1493 1814 1559; x_wconf 91' lang='lat' dir='ltr'><strong>hec</strong></span> 
     </span>
     <span class='ocr_line' id='line_1_11' title="bbox 142 1595 1291 1685; baseline 0.005 -27"><span class='ocrx_word' id='word_1_107' title='bbox 142 1605 251 1660; x_wconf 88' lang='lat' dir='ltr'><strong>nostre</strong></span> <span class='ocrx_word' id='word_1_108' title='bbox 275 1595 518 1662; x_wconf 88' lang='lat' dir='ltr'><strong>diiudicacionis</strong></span> <span class='ocrx_word' id='word_1_109' title='bbox 542 1597 661 1682; x_wconf 91' lang='lat' dir='ltr'><strong>pagina</strong></span> <span class='ocrx_word' id='word_1_110' title='bbox 685 1600 717 1662; x_wconf 93' lang='lat' dir='ltr'><strong>in</strong></span> <span class='ocrx_word' id='word_1_111' title='bbox 742 1619 800 1661; x_wconf 91' lang='lat' dir='ltr'><strong>sua</strong></span> <span class='ocrx_word' id='word_1_112' title='bbox 825 1619 953 1685; x_wconf 90' lang='lat' dir='ltr'><strong>semper</strong></span> <span class='ocrx_word' id='word_1_113' title='bbox 975 1610 1104 1664; x_wconf 89' lang='lat' dir='ltr'><strong>maneat</strong></span> <span class='ocrx_word' id='word_1_114' title='bbox 1127 1599 1291 1664; x_wconf 88' lang='lat' dir='ltr'><strong>firmitate.</strong></span> 
     </span>
    </p>

    <p class='ocr_par' dir='ltr' id='par_1_3' title="bbox 288 1700 1820 1793">
     <span class='ocr_line' id='line_1_12' title="bbox 288 1700 1820 1793; baseline 0.005 -29"><span class='ocrx_word' id='word_1_115' title='bbox 288 1705 309 1784; x_wconf 89' lang='lat'><strong>†</strong></span> <span class='ocrx_word' id='word_1_116' title='bbox 332 1700 403 1786; x_wconf 87' lang='lat' dir='ltr'><strong>Ego</strong></span> <span class='ocrx_word' id='word_1_117' title='bbox 427 1701 642 1787; x_wconf 89' lang='lat' dir='ltr'><strong>Lampredius</strong></span> <span class='ocrx_word' id='word_1_118' title='bbox 666 1702 716 1766; x_wconf 89' lang='lat' dir='ltr'><strong>dei</strong></span> <span class='ocrx_word' id='word_1_119' title='bbox 731 1705 841 1787; x_wconf 89' lang='lat' dir='ltr'><strong>gracia</strong></span> <span class='ocrx_word' id='word_1_120' title='bbox 864 1703 1043 1769; x_wconf 89' lang='lat' dir='ltr'><strong>iaderensis</strong></span> <span class='ocrx_word' id='word_1_121' title='bbox 1061 1705 1332 1790; x_wconf 86' lang='lat' dir='ltr'><strong>archiepiscopus,</strong></span> <span class='ocrx_word' id='word_1_122' title='bbox 1350 1727 1446 1770; x_wconf 88' lang='lat' dir='ltr'><strong>manu</strong></span> <span class='ocrx_word' id='word_1_123' title='bbox 1463 1727 1534 1769; x_wconf 92' lang='lat' dir='ltr'><strong>mea</strong></span> <span class='ocrx_word' id='word_1_124' title='bbox 1547 1707 1659 1792; x_wconf 89' lang='lat' dir='ltr'><strong>scripsi</strong></span> <span class='ocrx_word' id='word_1_125' title='bbox 1679 1709 1820 1793; x_wconf 82' lang='lat' dir='ltr'><strong>propria.</strong></span> 
     </span>
    </p>

    <p class='ocr_par' dir='ltr' id='par_1_4' title="bbox 285 1807 1603 1894">
     <span class='ocr_line' id='line_1_13' title="bbox 285 1807 1603 1894; baseline 0.002 -22"><span class='ocrx_word' id='word_1_126' title='bbox 285 1807 401 1892; x_wconf 81' lang='lat' dir='ltr'><strong>†Ego</strong></span> <span class='ocrx_word' id='word_1_127' title='bbox 425 1807 615 1873; x_wconf 90' lang='lat' dir='ltr'><strong>Dominicus</strong></span> <span class='ocrx_word' id='word_1_128' title='bbox 640 1808 854 1873; x_wconf 88' lang='lat' dir='ltr'><strong>Maurocenus</strong></span> <span class='ocrx_word' id='word_1_129' title='bbox 877 1809 930 1874; x_wconf 88' lang='lat' dir='ltr'><strong>dei</strong></span> <span class='ocrx_word' id='word_1_130' title='bbox 954 1812 1064 1894; x_wconf 88' lang='lat' dir='ltr'><strong>gracia</strong></span> <span class='ocrx_word' id='word_1_131' title='bbox 1085 1811 1198 1875; x_wconf 90' lang='lat' dir='ltr'><strong>ladere</strong></span> <span class='ocrx_word' id='word_1_132' title='bbox 1222 1831 1330 1874; x_wconf 89' lang='lat' dir='ltr'><strong>comes</strong></span> <span class='ocrx_word' id='word_1_133' title='bbox 1392 1861 1405 1888; x_wconf 90' lang='lat'>„</span> <span class='ocrx_word' id='word_1_134' title='bbox 1479 1859 1494 1890; x_wconf 91' lang='lat'>„</span> <span class='ocrx_word' id='word_1_135' title='bbox 1588 1858 1603 1893; x_wconf 91' lang='lat'>„</span> 
     </span>
    </p>

    <p class='ocr_par' dir='ltr' id='par_1_5' title="bbox 286 1912 1271 2003">
     <span class='ocr_line' id='line_1_14' title="bbox 286 1912 1271 2003; baseline 0.002 -26"><span class='ocrx_word' id='word_1_136' title='bbox 286 1917 308 1994; x_wconf 90' lang='lat'><em>†</em></span> <span class='ocrx_word' id='word_1_137' title='bbox 330 1912 402 1996; x_wconf 86' lang='lat' dir='ltr'><strong>Ego</strong></span> <span class='ocrx_word' id='word_1_138' title='bbox 427 1912 625 1998; x_wconf 83' lang='lat' dir='ltr'><strong>Orisogonus</strong></span> <span class='ocrx_word' id='word_1_139' title='bbox 649 1914 757 1998; x_wconf 85' lang='lat' dir='ltr'><strong>iudex,</strong></span> <span class='ocrx_word' id='word_1_140' title='bbox 780 1937 876 1980; x_wconf 88' lang='lat' dir='ltr'><strong>manu</strong></span> <span class='ocrx_word' id='word_1_141' title='bbox 899 1939 971 1980; x_wconf 91' lang='lat' dir='ltr'><strong>mea</strong></span> <span class='ocrx_word' id='word_1_142' title='bbox 995 1918 1108 2003; x_wconf 89' lang='lat' dir='ltr'><strong>scripsi</strong></span> <span class='ocrx_word' id='word_1_143' title='bbox 1132 1917 1271 2003; x_wconf 90' lang='lat' dir='ltr'><strong>propria.</strong></span> 
     </span>
    </p>

    <p class='ocr_par' dir='ltr' id='par_1_6' title="bbox 284 2018 1186 2105">
     <span class='ocr_line' id='line_1_15' title="bbox 284 2018 1186 2105; baseline 0.002 -23"><span class='ocrx_word' id='word_1_144' title='bbox 284 2019 399 2104; x_wconf 87' lang='lat' dir='ltr'><strong>†Ego</strong></span> <span class='ocrx_word' id='word_1_145' title='bbox 424 2018 593 2094; x_wconf 87' lang='lat' dir='ltr'><strong>Voticarra</strong></span> <span class='ocrx_word' id='word_1_146' title='bbox 690 2071 704 2098; x_wconf 92' lang='lat'>„</span> <span class='ocrx_word' id='word_1_147' title='bbox 810 2071 823 2098; x_wconf 90' lang='lat'>„</span> <span class='ocrx_word' id='word_1_148' title='bbox 919 2070 934 2105; x_wconf 92' lang='lat'>„</span> <span class='ocrx_word' id='word_1_149' title='bbox 1030 2073 1043 2102; x_wconf 90' lang='lat'>„</span> <span class='ocrx_word' id='word_1_150' title='bbox 1173 2072 1186 2099; x_wconf 92' lang='lat'><strong>„</strong></span> 
     </span>
    </p>

    <p class='ocr_par' dir='ltr' id='par_1_7' title="bbox 286 2123 1185 2208">
     <span class='ocr_line' id='line_1_16' title="bbox 286 2123 1185 2208; baseline 0.003 -3"><span class='ocrx_word' id='word_1_151' title='bbox 286 2123 400 2208; x_wconf 74' lang='lat' dir='ltr'>†Eg⁰</span> <span class='ocrx_word' id='word_1_152' title='bbox 425 2123 533 2188; x_wconf 58' lang='lat' dir='ltr'><strong>Dfflld</strong></span> <span class='ocrx_word' id='word_1_153' title='bbox 687 2173 702 2208; x_wconf 85' lang='lat' dir='ltr'><strong>rr</strong></span> <span class='ocrx_word' id='word_1_154' title='bbox 811 2177 824 2204; x_wconf 77' lang='lat' dir='ltr'><strong>s</strong></span> <span class='ocrx_word' id='word_1_155' title='bbox 919 2177 933 2207; x_wconf 80' lang='lat' dir='ltr'><strong>n</strong></span> <span class='ocrx_word' id='word_1_156' title='bbox 1029 2177 1043 2204; x_wconf 76' lang='lat' dir='ltr'><em>n</em></span> <span class='ocrx_word' id='word_1_157' title='bbox 1171 2177 1185 2208; x_wconf 80' lang='lat' dir='ltr'><strong>a</strong></span> 
     </span>
    </p>

    <p class='ocr_par' dir='ltr' id='par_1_8' title="bbox 282 2229 1184 2313">
     <span class='ocr_line' id='line_1_17' title="bbox 282 2229 1184 2313; baseline 0.003 -21"><span class='ocrx_word' id='word_1_158' title='bbox 282 2229 820 2312; x_wconf 72' lang='lat' dir='ltr'><strong>†llgoPetriaoMichael.Panze,</strong></span> <span class='ocrx_word' id='word_1_159' title='bbox 916 2281 930 2310; x_wconf 88' lang='lat'>„</span> <span class='ocrx_word' id='word_1_160' title='bbox 1026 2283 1041 2313; x_wconf 89' lang='lat'>„</span> <span class='ocrx_word' id='word_1_161' title='bbox 1170 2283 1184 2312; x_wconf 91' lang='lat'><strong>„</strong></span> 
     </span>
    </p>

    <p class='ocr_par' dir='ltr' id='par_1_9' title="bbox 284 2333 1241 2429">
     <span class='ocr_line' id='line_1_18' title="bbox 284 2333 1241 2429; baseline 0.003 -31"><span class='ocrx_word' id='word_1_162' title='bbox 284 2333 399 2420; x_wconf 89' lang='lat' dir='ltr'><strong>†Ego</strong></span> <span class='ocrx_word' id='word_1_163' title='bbox 425 2334 604 2421; x_wconf 81' lang='lat' dir='ltr'><strong>Gregorius</strong></span> <span class='ocrx_word' id='word_1_164' title='bbox 628 2335 712 2400; x_wconf 74' lang='lat' dir='ltr'><strong>(lose</strong></span> <span class='ocrx_word' id='word_1_165' title='bbox 805 2386 821 2421; x_wconf 94' lang='lat'>„</span> <span class='ocrx_word' id='word_1_166' title='bbox 916 2389 930 2415; x_wconf 91' lang='lat'>„</span> <span class='ocrx_word' id='word_1_167' title='bbox 1026 2389 1039 2414; x_wconf 89' lang='lat'>„</span> <span class='ocrx_word' id='word_1_168' title='bbox 1166 2387 1181 2422; x_wconf 94' lang='lat'>„</span> <span class='ocrx_word' id='word_1_169' title='bbox 1234 2419 1241 2429; x_wconf 26' lang='grc' dir='ltr'>ι</span> 
     </span>
    </p>

    <p class='ocr_par' dir='ltr' id='par_1_10' title="bbox 284 2439 1185 2527">
     <span class='ocr_line' id='line_1_19' title="bbox 284 2439 1185 2527; baseline 0.003 -23"><span class='ocrx_word' id='word_1_170' title='bbox 284 2439 400 2524; x_wconf 84' lang='lat' dir='ltr'><strong>†Ego</strong></span> <span class='ocrx_word' id='word_1_171' title='bbox 425 2441 598 2506; x_wconf 89' lang='lat' dir='ltr'><strong>Dimitrius</strong></span> <span class='ocrx_word' id='word_1_172' title='bbox 811 2491 825 2522; x_wconf 92' lang='lat'><em>„</em></span> <span class='ocrx_word' id='word_1_173' title='bbox 922 2495 935 2522; x_wconf 92' lang='lat'><strong>,</strong></span> <span class='ocrx_word' id='word_1_174' title='bbox 1032 2491 1047 2527; x_wconf 86' lang='lat'>„</span> <span class='ocrx_word' id='word_1_175' title='bbox 1171 2495 1185 2526; x_wconf 93' lang='lat'>„</span> 
     </span>
    </p>

    <p class='ocr_par' dir='ltr' id='par_1_11' title="bbox 287 2545 1185 2632">
     <span class='ocr_line' id='line_1_20' title="bbox 287 2545 1185 2632; baseline 0.002 -22"><span class='ocrx_word' id='word_1_176' title='bbox 287 2546 403 2632; x_wconf 84' lang='lat' dir='ltr'><strong>†Eg0</strong></span> <span class='ocrx_word' id='word_1_177' title='bbox 427 2545 537 2610; x_wconf 88' lang='lat' dir='ltr'><strong>Micha</strong></span> <span class='ocrx_word' id='word_1_178' title='bbox 560 2547 679 2611; x_wconf 83' lang='lat' dir='ltr'><strong>Petrizi</strong></span> <span class='ocrx_word' id='word_1_179' title='bbox 808 2597 821 2627; x_wconf 87' lang='lat'><strong>,</strong></span> <span class='ocrx_word' id='word_1_180' title='bbox 917 2595 932 2630; x_wconf 92' lang='lat'>„</span> <span class='ocrx_word' id='word_1_181' title='bbox 1027 2599 1042 2626; x_wconf 93' lang='lat'>„</span> <span class='ocrx_word' id='word_1_182' title='bbox 1170 2597 1185 2632; x_wconf 85' lang='lat'>„</span> 
     </span>
    </p>

    <p class='ocr_par' dir='ltr' id='par_1_12' title="bbox 136 2651 1820 2844">
     <span class='ocr_line' id='line_1_21' title="bbox 285 2651 1820 2740; baseline 0.008 -25"><span class='ocrx_word' id='word_1_183' title='bbox 285 2656 306 2734; x_wconf 88' lang='lat'>†</span> <span class='ocrx_word' id='word_1_184' title='bbox 329 2651 401 2736; x_wconf 85' lang='lat' dir='ltr'><strong>Ego</strong></span> <span class='ocrx_word' id='word_1_185' title='bbox 425 2651 574 2716; x_wconf 85' lang='lat' dir='ltr'><strong>Matheus</strong></span> <span class='ocrx_word' id='word_1_186' title='bbox 598 2665 708 2717; x_wconf 87' lang='lat' dir='ltr'><strong>sancte</strong></span> <span class='ocrx_word' id='word_1_187' title='bbox 733 2652 905 2716; x_wconf 84' lang='lat' dir='ltr'><strong>Anastasia</strong></span> <span class='ocrx_word' id='word_1_188' title='bbox 929 2651 1145 2718; x_wconf 89' lang='lat' dir='ltr'><strong>subdiaconus</strong></span> <span class='ocrx_word' id='word_1_189' title='bbox 1159 2664 1255 2740; x_wconf 89' lang='lat' dir='ltr'><strong>atque</strong></span> <span class='ocrx_word' id='word_1_190' title='bbox 1274 2655 1433 2720; x_wconf 89' lang='lat' dir='ltr'><strong>iadrensis</strong></span> <span class='ocrx_word' id='word_1_191' title='bbox 1450 2658 1603 2740; x_wconf 88' lang='lat' dir='ltr'><strong>notarius,</strong></span> <span class='ocrx_word' id='word_1_192' title='bbox 1624 2660 1713 2725; x_wconf 89' lang='lat' dir='ltr'><strong>iussu</strong></span> <span class='ocrx_word' id='word_1_193' title='bbox 1731 2663 1820 2728; x_wconf 89' lang='lat' dir='ltr'><strong>curie</strong></span> 
     </span>
     <span class='ocr_line' id='line_1_22' title="bbox 136 2757 952 2844; baseline 0.004 -24"><span class='ocrx_word' id='word_1_194' title='bbox 136 2759 262 2844; x_wconf 87' lang='lat' dir='ltr'><strong>scripsi,</strong></span> <span class='ocrx_word' id='word_1_195' title='bbox 288 2757 438 2824; x_wconf 83' lang='lat' dir='ltr'><strong>roboraui</strong></span> <span class='ocrx_word' id='word_1_196' title='bbox 463 2769 495 2822; x_wconf 90' lang='lat' dir='ltr'><strong>et</strong></span> <span class='ocrx_word' id='word_1_197' title='bbox 518 2768 672 2823; x_wconf 90' lang='lat' dir='ltr'><strong>consueto</strong></span> <span class='ocrx_word' id='word_1_198' title='bbox 697 2759 790 2843; x_wconf 91' lang='lat' dir='ltr'><strong>signo</strong></span> <span class='ocrx_word' id='word_1_199' title='bbox 815 2759 952 2842; x_wconf 89' lang='lat' dir='ltr'><strong>signaui.</strong></span> 
     </span>
    </p>
   </div>
   <div class='ocr_carea' id='block_1_3' title="bbox 294 2957 1814 3038">
    <p class='ocr_par' dir='ltr' id='par_1_13' title="bbox 294 2957 1814 3038">
     <span class='ocr_line' id='line_1_23' title="bbox 294 2957 1814 3038; baseline 0.007 -26"><span class='ocrx_word' id='word_1_200' title='bbox 294 2957 324 3012; x_wconf 89' lang='lat' dir='ltr'><strong>la</strong></span> <span class='ocrx_word' id='word_1_201' title='bbox 346 2964 440 3030; x_wconf 76' lang='lat' dir='ltr'><strong>starog</strong></span> <span class='ocrx_word' id='word_1_202' title='bbox 462 2959 612 3030; x_wconf 73' lang='lat' dir='ltr'><strong>aepisnika</strong></span> <span class='ocrx_word' id='word_1_203' title='bbox 634 2966 796 3014; x_wconf 87' lang='lat' dir='ltr'><strong>samostana</strong></span> <span class='ocrx_word' id='word_1_204' title='bbox 812 2975 854 3018; x_wconf 84' lang='lat' dir='ltr'><strong>sr.</strong></span> <span class='ocrx_word' id='word_1_205' title='bbox 872 2959 973 3032; x_wconf 77' lang='lat' dir='ltr'><strong>MariJ&#39;e</strong></span> <span class='ocrx_word' id='word_1_206' title='bbox 988 2977 1007 3016; x_wconf 92' lang='lat' dir='ltr'><strong>u</strong></span> <span class='ocrx_word' id='word_1_207' title='bbox 1023 2960 1127 3020; x_wconf 87' lang='lat' dir='ltr'><strong>Zadru.</strong></span> <span class='ocrx_word' id='word_1_208' title='bbox 1149 2961 1255 3018; x_wconf 86' lang='lat' dir='ltr'><strong>Matica</strong></span> <span class='ocrx_word' id='word_1_209' title='bbox 1270 2961 1372 3034; x_wconf 88' lang='lat' dir='ltr'><strong>pisana</strong></span> <span class='ocrx_word' id='word_1_210' title='bbox 1388 2981 1426 3019; x_wconf 89' lang='lat' dir='ltr'><strong>na</strong></span> <span class='ocrx_word' id='word_1_211' title='bbox 1441 2963 1621 3036; x_wconf 81' lang='lat' dir='ltr'><strong>podugadkoj</strong></span> <span class='ocrx_word' id='word_1_212' title='bbox 1639 2967 1814 3038; x_wconf 84' lang='lat' dir='ltr'><strong>pergameni.</strong></span> 
     </span>
    </p>
   </div>
   <div class='ocr_carea' id='block_1_4' title="bbox 573 3207 1372 3355">
    <p class='ocr_par' dir='ltr' id='par_1_14' title="bbox 573 3207 1372 3355">
     <span class='ocr_line' id='line_1_24' title="bbox 573 3207 1372 3355; baseline 0.003 -19"><span class='ocrx_word' id='word_1_213' title='bbox 573 3248 748 3336; x_wconf 80' lang='lat' dir='ltr'>CXXX.</span> <span class='ocrx_word' id='word_1_214' title='bbox 777 3251 1123 3355; x_wconf 69' lang='lat' dir='ltr'><strong>chamanto.</strong></span> <span class='ocrx_word' id='word_1_215' title='bbox 1151 3207 1189 3339; x_wconf 84' lang='lat' dir='ltr'><strong>Il</strong></span> <span class='ocrx_word' id='word_1_216' title='bbox 1218 3255 1372 3342; x_wconf 81' lang='lat' dir='ltr'><strong>usura.</strong></span> 
     </span>
    </p>
   </div>
   <div class='ocr_carea' id='block_1_5' title="bbox 687 3437 1260 3512">
    <p class='ocr_par' dir='ltr' id='par_1_15' title="bbox 687 3437 1260 3512">
     <span class='ocr_line' id='line_1_25' title="bbox 687 3437 1260 3512; baseline 0.003 -16"><span class='ocrx_word' id='word_1_217' title='bbox 687 3437 811 3497; x_wconf 80' lang='lat' dir='ltr'><strong>Raauod</strong></span> <span class='ocrx_word' id='word_1_218' title='bbox 831 3437 949 3512; x_wconf 81' lang='lat' dir='ltr'><strong>medjolr</strong></span> <span class='ocrx_word' id='word_1_219' title='bbox 971 3439 1072 3511; x_wconf 79' lang='lat' dir='ltr'><strong>semlje</strong></span> <span class='ocrx_word' id='word_1_220' title='bbox 1096 3438 1260 3499; x_wconf 78' lang='lat' dir='ltr'><strong>Petritcni.</strong></span> 
     </span>
    </p>
   </div>
   <div class='ocr_carea' id='block_1_6' title="bbox 289 3619 1814 3718">
    <p class='ocr_par' dir='ltr' id='par_1_16' title="bbox 289 3619 1814 3718">
     <span class='ocr_line' id='line_1_26' title="bbox 289 3619 1814 3718; baseline 0.007 -29"><span class='ocrx_word' id='word_1_221' title='bbox 289 3619 333 3689; x_wconf 88' lang='lat' dir='ltr'><strong>Hi</strong></span> <span class='ocrx_word' id='word_1_222' title='bbox 357 3634 432 3690; x_wconf 87' lang='lat' dir='ltr'><strong>sunt</strong></span> <span class='ocrx_word' id='word_1_223' title='bbox 455 3623 583 3689; x_wconf 89' lang='lat' dir='ltr'><strong>termini</strong></span> <span class='ocrx_word' id='word_1_224' title='bbox 606 3635 764 3690; x_wconf 89' lang='lat' dir='ltr'><strong>terrarum</strong></span> <span class='ocrx_word' id='word_1_225' title='bbox 787 3625 925 3690; x_wconf 89' lang='lat' dir='ltr'><strong>ecclesie</strong></span> <span class='ocrx_word' id='word_1_226' title='bbox 948 3635 1059 3690; x_wconf 88' lang='lat' dir='ltr'><strong>sancte</strong></span> <span class='ocrx_word' id='word_1_227' title='bbox 1081 3623 1184 3691; x_wconf 83' lang='lat' dir='ltr'><strong>Maris</strong></span> <span class='ocrx_word' id='word_1_228' title='bbox 1213 3647 1432 3714; x_wconf 76' lang='lat' dir='ltr'><strong>neonacarum,</strong></span> <span class='ocrx_word' id='word_1_229' title='bbox 1465 3651 1527 3716; x_wconf 93' lang='lat' dir='ltr'><strong>que</strong></span> <span class='ocrx_word' id='word_1_230' title='bbox 1559 3643 1749 3718; x_wconf 89' lang='lat' dir='ltr'><strong>permanent</strong></span> <span class='ocrx_word' id='word_1_231' title='bbox 1781 3637 1814 3700; x_wconf 91' lang='lat' dir='ltr'><strong>in</strong></span> 
     </span>
    </p>
   </div>
   <div class='ocr_carea' id='block_1_7' title="bbox 15 3727 625 3818">
    <p class='ocr_par' dir='ltr' id='par_1_17' title="bbox 15 3727 625 3818">
     <span class='ocr_line' id='line_1_27' title="bbox 15 3727 625 3818; baseline 0 -24"><span class='ocrx_word' id='word_1_232' title='bbox 15 3739 16 3744; x_wconf 77' lang='grc'>’</span> <span class='ocrx_word' id='word_1_233' title='bbox 129 3727 200 3796; x_wconf 92' lang='lat' dir='ltr'><strong>loco</strong></span> <span class='ocrx_word' id='word_1_234' title='bbox 225 3732 281 3818; x_wconf 93' lang='lat' dir='ltr'><strong>qui</strong></span> <span class='ocrx_word' id='word_1_235' title='bbox 305 3729 422 3812; x_wconf 86' lang='lat' dir='ltr'><strong>dicitur</strong></span> <span class='ocrx_word' id='word_1_236' title='bbox 444 3731 625 3796; x_wconf 84' lang='lat' dir='ltr'><strong>Petriaaui:</strong></span> 
     </span>
    </p>
   </div>
   <div class='ocr_carea' id='block_1_8' title="bbox 129 3837 1814 4137">
    <p class='ocr_par' dir='ltr' id='par_1_18' title="bbox 129 3837 1814 4137">
     <span class='ocr_line' id='line_1_28' title="bbox 290 3837 1814 3926; baseline 0.005 -24"><span class='ocrx_word' id='word_1_237' title='bbox 290 3837 432 3902; x_wconf 89' lang='lat' dir='ltr'><strong>Primum</strong></span> <span class='ocrx_word' id='word_1_238' title='bbox 457 3837 640 3924; x_wconf 91' lang='lat' dir='ltr'><strong>incipiendo</strong></span> <span class='ocrx_word' id='word_1_239' title='bbox 664 3861 683 3901; x_wconf 92' lang='lat' dir='ltr'><strong>a</strong></span> <span class='ocrx_word' id='word_1_240' title='bbox 707 3839 788 3902; x_wconf 90' lang='lat' dir='ltr'><strong>mari</strong></span> <span class='ocrx_word' id='word_1_241' title='bbox 813 3859 915 3924; x_wconf 89' lang='lat' dir='ltr'><strong>usque</strong></span> <span class='ocrx_word' id='word_1_242' title='bbox 939 3837 980 3902; x_wconf 92' lang='lat' dir='ltr'><strong>ad</strong></span> <span class='ocrx_word' id='word_1_243' title='bbox 1004 3844 1146 3925; x_wconf 85' lang='lat' dir='ltr'><strong>puteum,</strong></span> <span class='ocrx_word' id='word_1_244' title='bbox 1171 3841 1225 3926; x_wconf 91' lang='lat' dir='ltr'><strong>qui</strong></span> <span class='ocrx_word' id='word_1_245' title='bbox 1251 3851 1300 3904; x_wconf 91' lang='lat' dir='ltr'><strong>est</strong></span> <span class='ocrx_word' id='word_1_246' title='bbox 1324 3843 1415 3905; x_wconf 86' lang='lat' dir='ltr'><strong>iuxta</strong></span> <span class='ocrx_word' id='word_1_247' title='bbox 1448 3852 1564 3907; x_wconf 91' lang='lat' dir='ltr'><strong>terram</strong></span> <span class='ocrx_word' id='word_1_248' title='bbox 1603 3846 1707 3909; x_wconf 90' lang='lat' dir='ltr'><strong>sancti</strong></span> <span class='ocrx_word' id='word_1_249' title='bbox 1744 3845 1814 3911; x_wconf 91' lang='lat' dir='ltr'><strong>Pla·</strong></span> 
     </span>
     <span class='ocr_line' id='line_1_29' title="bbox 129 3941 1813 4036; baseline 0.005 -30"><span class='ocrx_word' id='word_1_250' title='bbox 129 3943 224 4024; x_wconf 91' lang='lat' dir='ltr'><strong>tonis,</strong></span> <span class='ocrx_word' id='word_1_251' title='bbox 250 3941 346 4007; x_wconf 83' lang='lat' dir='ltr'><strong>stab</strong></span> <span class='ocrx_word' id='word_1_252' title='bbox 370 3941 482 4008; x_wconf 90' lang='lat' dir='ltr'><strong>eodem</strong></span> <span class='ocrx_word' id='word_1_253' title='bbox 507 3953 603 4027; x_wconf 90' lang='lat' dir='ltr'><strong>puteo</strong></span> <span class='ocrx_word' id='word_1_254' title='bbox 627 3963 730 4028; x_wconf 89' lang='lat' dir='ltr'><strong>usque</strong></span> <span class='ocrx_word' id='word_1_255' title='bbox 754 3943 795 4008; x_wconf 86' lang='lat' dir='ltr'><strong>ad</strong></span> <span class='ocrx_word' id='word_1_256' title='bbox 820 3944 971 4028; x_wconf 90' lang='lat' dir='ltr'><strong>Bregum,</strong></span> <span class='ocrx_word' id='word_1_257' title='bbox 996 3947 1050 4030; x_wconf 90' lang='lat' dir='ltr'><strong>qui</strong></span> <span class='ocrx_word' id='word_1_258' title='bbox 1083 3953 1133 4010; x_wconf 92' lang='lat' dir='ltr'><strong>est</strong></span> <span class='ocrx_word' id='word_1_259' title='bbox 1152 3943 1184 4008; x_wconf 75' lang='lat' dir='ltr'><strong>&#39;a</strong></span> <span class='ocrx_word' id='word_1_260' title='bbox 1216 3949 1372 4031; x_wconf 88' lang='lat' dir='ltr'><strong>superiori</strong></span> <span class='ocrx_word' id='word_1_261' title='bbox 1406 3958 1506 4033; x_wconf 87' lang='lat' dir='ltr'><strong>parte,</strong></span> <span class='ocrx_word' id='word_1_262' title='bbox 1540 3950 1813 4036; x_wconf 89' lang='lat' dir='ltr'><strong>quemadmodum</strong></span> 
     </span>
     <span class='ocr_line' id='line_1_30' title="bbox 129 4046 1811 4137; baseline 0.006 -26"><span class='ocrx_word' id='word_1_263' title='bbox 129 4048 237 4112; x_wconf 88' lang='lat' dir='ltr'><strong>dictus</strong></span> <span class='ocrx_word' id='word_1_264' title='bbox 259 4046 386 4133; x_wconf 89' lang='lat' dir='ltr'><strong>Bregus</strong></span> <span class='ocrx_word' id='word_1_265' title='bbox 413 4047 565 4112; x_wconf 85' lang='lat' dir='ltr'><strong>discurrit</strong></span> <span class='ocrx_word' id='word_1_266' title='bbox 587 4047 628 4112; x_wconf 92' lang='lat' dir='ltr'><strong>ab</strong></span> <span class='ocrx_word' id='word_1_267' title='bbox 652 4047 785 4113; x_wconf 87' lang='lat' dir='ltr'><strong>australi</strong></span> <span class='ocrx_word' id='word_1_268' title='bbox 810 4061 900 4134; x_wconf 89' lang='lat' dir='ltr'><strong>parte</strong></span> <span class='ocrx_word' id='word_1_269' title='bbox 925 4073 1021 4135; x_wconf 91' lang='lat' dir='ltr'><strong>super</strong></span> <span class='ocrx_word' id='word_1_270' title='bbox 1046 4073 1173 4137; x_wconf 90' lang='lat' dir='ltr'><strong>aquam.</strong></span> <span class='ocrx_word' id='word_1_271' title='bbox 1209 4051 1293 4116; x_wconf 83' lang='lat' dir='ltr'><strong>Eta</strong></span> <span class='ocrx_word' id='word_1_272' title='bbox 1324 4063 1409 4116; x_wconf 89' lang='lat' dir='ltr'><strong>terra</strong></span> <span class='ocrx_word' id='word_1_273' title='bbox 1440 4053 1585 4119; x_wconf 85' lang='lat' dir='ltr'><strong>Desinne</strong></span> <span class='ocrx_word' id='word_1_274' title='bbox 1618 4055 1674 4120; x_wconf 91' lang='lat' dir='ltr'><strong>filii</strong></span> <span class='ocrx_word' id='word_1_275' title='bbox 1707 4057 1811 4121; x_wconf 84' lang='lat' dir='ltr'><strong>illrute</strong></span> 
     </span>
    </p>
   </div>
   <div class='ocr_carea' id='block_1_9' title="bbox 15 4153 1813 4244">
    <p class='ocr_par' dir='ltr' id='par_1_19' title="bbox 15 4153 1813 4244">
     <span class='ocr_line' id='line_1_31' title="bbox 15 4153 1813 4244; baseline 0.005 -27"><span class='ocrx_word' id='word_1_276' title='bbox 15 4219 17 4224; x_wconf 74' lang='grc'><em>,</em></span> <span class='ocrx_word' id='word_1_277' title='bbox 131 4153 298 4239; x_wconf 87' lang='lat' dir='ltr'><strong>usquead</strong></span> <span class='ocrx_word' id='word_1_278' title='bbox 322 4164 463 4238; x_wconf 90' lang='lat' dir='ltr'><strong>puteum,</strong></span> <span class='ocrx_word' id='word_1_279' title='bbox 491 4176 594 4241; x_wconf 88' lang='lat' dir='ltr'><strong>usque</strong></span> <span class='ocrx_word' id='word_1_280' title='bbox 619 4154 664 4218; x_wconf 91' lang='lat' dir='ltr'><strong>ibi</strong></span> <span class='ocrx_word' id='word_1_281' title='bbox 688 4155 899 4237; x_wconf 91' lang='lat' dir='ltr'><strong>conuicimus,</strong></span> <span class='ocrx_word' id='word_1_282' title='bbox 924 4155 1017 4218; x_wconf 89' lang='lat' dir='ltr'><strong>vallis</strong></span> <span class='ocrx_word' id='word_1_283' title='bbox 1043 4179 1161 4240; x_wconf 90' lang='lat' dir='ltr'><strong>rnagna</strong></span> <span class='ocrx_word' id='word_1_284' title='bbox 1185 4167 1268 4220; x_wconf 88' lang='lat' dir='ltr'><strong>srcut</strong></span> <span class='ocrx_word' id='word_1_285' title='bbox 1292 4159 1375 4221; x_wconf 86' lang='lat' dir='ltr'><strong>iacet</strong></span> <span class='ocrx_word' id='word_1_286' title='bbox 1400 4181 1500 4244; x_wconf 89' lang='lat' dir='ltr'><strong>usque</strong></span> <span class='ocrx_word' id='word_1_287' title='bbox 1524 4161 1565 4224; x_wconf 87' lang='lat' dir='ltr'><strong>ad</strong></span> <span class='ocrx_word' id='word_1_288' title='bbox 1599 4159 1746 4244; x_wconf 83' lang='lat' dir='ltr'><strong>Carsum,</strong></span> <span class='ocrx_word' id='word_1_289' title='bbox 1781 4175 1813 4226; x_wconf 90' lang='lat' dir='ltr'><strong>ct</strong></span> 
     </span>
    </p>
   </div>
   <div class='ocr_carea' id='block_1_10' title="bbox 129 4258 1849 4666">
    <p class='ocr_par' dir='ltr' id='par_1_20' title="bbox 129 4258 1849 4666">
     <span class='ocr_line' id='line_1_32' title="bbox 130 4258 1849 4350; baseline 0.005 -27"><span class='ocrx_word' id='word_1_290' title='bbox 130 4258 273 4323; x_wconf 86' lang='lat' dir='ltr'><strong>aCarso</strong></span> <span class='ocrx_word' id='word_1_291' title='bbox 298 4259 568 4344; x_wconf 86' lang='lat' dir='ltr'><strong>quemadmodum</strong></span> <span class='ocrx_word' id='word_1_292' title='bbox 593 4259 720 4344; x_wconf 88' lang='lat' dir='ltr'><strong>Bregus</strong></span> <span class='ocrx_word' id='word_1_293' title='bbox 744 4263 828 4325; x_wconf 90' lang='lat' dir='ltr'><strong>iacet</strong></span> <span class='ocrx_word' id='word_1_294' title='bbox 852 4283 954 4346; x_wconf 90' lang='lat' dir='ltr'><strong>usque</strong></span> <span class='ocrx_word' id='word_1_295' title='bbox 978 4261 1019 4326; x_wconf 91' lang='lat' dir='ltr'><strong>ad</strong></span> <span class='ocrx_word' id='word_1_296' title='bbox 1046 4285 1134 4325; x_wconf 90' lang='lat' dir='ltr'><strong>mare</strong></span> <span class='ocrx_word' id='word_1_297' title='bbox 1159 4285 1256 4348; x_wconf 87' lang='lat' dir='ltr'><strong>supra</strong></span> <span class='ocrx_word' id='word_1_298' title='bbox 1280 4273 1397 4326; x_wconf 89' lang='lat' dir='ltr'><strong>terram</strong></span> <span class='ocrx_word' id='word_1_299' title='bbox 1423 4263 1567 4329; x_wconf 85' lang='lat' dir='ltr'><strong>Desinne</strong></span> <span class='ocrx_word' id='word_1_300' title='bbox 1600 4265 1657 4330; x_wconf 92' lang='lat' dir='ltr'><strong>filii</strong></span> <span class='ocrx_word' id='word_1_301' title='bbox 1689 4267 1811 4350; x_wconf 81' lang='lat' dir='ltr'><strong>lllrate3</strong></span> <span class='ocrx_word' id='word_1_302' title='bbox 1847 4288 1849 4295; x_wconf 89' lang='lat'>·</span> 
     </span>
     <span class='ocr_line' id='line_1_33' title="bbox 129 4351 1812 4455; baseline 0.005 -26"><span class='ocrx_word' id='word_1_303' title='bbox 129 4388 149 4429; x_wconf 88' lang='lat' dir='ltr'><strong>a</strong></span> <span class='ocrx_word' id='word_1_304' title='bbox 172 4359 297 4430; x_wconf 89' lang='lat' dir='ltr'><strong>boreali</strong></span> <span class='ocrx_word' id='word_1_305' title='bbox 323 4379 414 4452; x_wconf 87' lang='lat' dir='ltr'><strong>parte</strong></span> <span class='ocrx_word' id='word_1_306' title='bbox 439 4377 473 4429; x_wconf 93' lang='lat' dir='ltr'><strong>ut</strong></span> <span class='ocrx_word' id='word_1_307' title='bbox 497 4365 623 4452; x_wconf 91' lang='lat' dir='ltr'><strong>Bregus</strong></span> <span class='ocrx_word' id='word_1_308' title='bbox 648 4368 732 4431; x_wconf 90' lang='lat' dir='ltr'><strong>iacet</strong></span> <span class='ocrx_word' id='word_1_309' title='bbox 754 4390 855 4453; x_wconf 86' lang='lat' dir='ltr'><strong>usque</strong></span> <span class='ocrx_word' id='word_1_310' title='bbox 879 4367 919 4432; x_wconf 88' lang='lat' dir='ltr'><strong>ad</strong></span> <span class='ocrx_word' id='word_1_311' title='bbox 946 4379 1087 4454; x_wconf 85' lang='lat' dir='ltr'><strong>puteum,</strong></span> <span class='ocrx_word' id='word_1_312' title='bbox 1108 4391 1127 4430; x_wconf 93' lang='lat' dir='ltr'><strong>a</strong></span> <span class='ocrx_word' id='word_1_313' title='bbox 1151 4379 1248 4453; x_wconf 90' lang='lat' dir='ltr'><strong>puteo</strong></span> <span class='ocrx_word' id='word_1_314' title='bbox 1272 4391 1349 4432; x_wconf 88' lang='lat' dir='ltr'><strong>vero</strong></span> <span class='ocrx_word' id='word_1_315' title='bbox 1373 4351 1538 4455; x_wconf 55' lang='lat' dir='ltr'><strong>usquc‘ad</strong></span> <span class='ocrx_word' id='word_1_316' title='bbox 1566 4369 1711 4454; x_wconf 81' lang='lat' dir='ltr'><strong>Oarsum,</strong></span> <span class='ocrx_word' id='word_1_317' title='bbox 1737 4382 1769 4437; x_wconf 90' lang='lat' dir='ltr'><strong>et</strong></span> <span class='ocrx_word' id='word_1_318' title='bbox 1792 4397 1812 4438; x_wconf 87' lang='lat' dir='ltr'><strong>a</strong></span> 
     </span>
     <span class='ocr_line' id='line_1_34' title="bbox 130 4469 1805 4562; baseline 0.004 -26"><span class='ocrx_word' id='word_1_319' title='bbox 130 4469 232 4536; x_wconf 80' lang='lat' dir='ltr'><strong>Carso</strong></span> <span class='ocrx_word' id='word_1_320' title='bbox 257 4493 359 4556; x_wconf 92' lang='lat' dir='ltr'><strong>usque</strong></span> <span class='ocrx_word' id='word_1_321' title='bbox 382 4472 458 4535; x_wconf 93' lang='lat' dir='ltr'><strong>dum</strong></span> <span class='ocrx_word' id='word_1_322' title='bbox 478 4471 573 4536; x_wconf 92' lang='lat' dir='ltr'><strong>homo</strong></span> <span class='ocrx_word' id='word_1_323' title='bbox 598 4483 704 4558; x_wconf 88' lang='lat' dir='ltr'><strong>potest</strong></span> <span class='ocrx_word' id='word_1_324' title='bbox 721 4472 877 4538; x_wconf 65' lang='lat' dir='ltr'><strong>laborare,</strong></span> <span class='ocrx_word' id='word_1_325' title='bbox 903 4472 1030 4536; x_wconf 92' lang='lat' dir='ltr'><strong>Deinde</strong></span> <span class='ocrx_word' id='word_1_326' title='bbox 1047 4474 1180 4536; x_wconf 90' lang='lat' dir='ltr'><strong>veniens</strong></span> <span class='ocrx_word' id='word_1_327' title='bbox 1197 4475 1229 4537; x_wconf 92' lang='lat' dir='ltr'><strong>in</strong></span> <span class='ocrx_word' id='word_1_328' title='bbox 1247 4473 1361 4538; x_wconf 89' lang='lat' dir='ltr'><strong>dextra</strong></span> <span class='ocrx_word' id='word_1_329' title='bbox 1381 4487 1471 4560; x_wconf 90' lang='lat' dir='ltr'><strong>parte</strong></span> <span class='ocrx_word' id='word_1_330' title='bbox 1488 4476 1527 4540; x_wconf 91' lang='lat' dir='ltr'><strong>ad</strong></span> <span class='ocrx_word' id='word_1_331' title='bbox 1550 4475 1625 4540; x_wconf 86' lang='lat' dir='ltr'><strong>solis</strong></span> <span class='ocrx_word' id='word_1_332' title='bbox 1642 4500 1805 4562; x_wconf 87' lang='lat' dir='ltr'><strong>occasum,</strong></span> 
     </span>
     <span class='ocr_line' id='line_1_35' title="bbox 130 4577 1811 4666; baseline 0.004 -26"><span class='ocrx_word' id='word_1_333' title='bbox 130 4578 330 4664; x_wconf 78' lang='lat' dir='ltr'><strong>incipiens&#39;a</strong></span> <span class='ocrx_word' id='word_1_334' title='bbox 355 4577 466 4659; x_wconf 84' lang='lat' dir='ltr'><strong>Carsu,</strong></span> <span class='ocrx_word' id='word_1_335' title='bbox 491 4580 522 4641; x_wconf 92' lang='lat' dir='ltr'><strong>in</strong></span> <span class='ocrx_word' id='word_1_336' title='bbox 547 4600 612 4663; x_wconf 88' lang='lat' dir='ltr'><strong>quo</strong></span> <span class='ocrx_word' id='word_1_337' title='bbox 633 4579 771 4664; x_wconf 89' lang='lat' dir='ltr'><strong>quedam</strong></span> <span class='ocrx_word' id='word_1_338' title='bbox 797 4589 866 4642; x_wconf 90' lang='lat' dir='ltr'><strong>erat</strong></span> <span class='ocrx_word' id='word_1_339' title='bbox 889 4579 974 4642; x_wconf 89' lang='lat' dir='ltr'><strong>oliua</strong></span> <span class='ocrx_word' id='word_1_340' title='bbox 998 4601 1099 4664; x_wconf 90' lang='lat' dir='ltr'><strong>usque</strong></span> <span class='ocrx_word' id='word_1_341' title='bbox 1122 4579 1162 4642; x_wconf 89' lang='lat' dir='ltr'><strong>ad</strong></span> <span class='ocrx_word' id='word_1_342' title='bbox 1188 4589 1304 4642; x_wconf 87' lang='lat' dir='ltr'><strong>terram</strong></span> <span class='ocrx_word' id='word_1_343' title='bbox 1329 4579 1436 4643; x_wconf 89' lang='lat' dir='ltr'><strong>Miche</strong></span> <span class='ocrx_word' id='word_1_344' title='bbox 1458 4583 1582 4666; x_wconf 90' lang='lat' dir='ltr'><strong>nepotis</strong></span> <span class='ocrx_word' id='word_1_345' title='bbox 1600 4581 1658 4645; x_wconf 93' lang='lat' dir='ltr'><strong>filii</strong></span> <span class='ocrx_word' id='word_1_346' title='bbox 1686 4581 1811 4648; x_wconf 83' lang='lat' dir='ltr'><strong>Griliai.</strong></span> 
     </span>
    </p>
   </div>
   <div class='ocr_carea' id='block_1_11' title="bbox 15 4682 1648 4769">
    <p class='ocr_par' dir='ltr' id='par_1_21' title="bbox 15 4682 1648 4769">
     <span class='ocr_line' id='line_1_36' title="bbox 15 4682 1648 4769; baseline -0.001 -17"><span class='ocrx_word' id='word_1_347' title='bbox 15 4745 16 4752; x_wconf 72' lang='grc'>,</span> <span class='ocrx_word' id='word_1_348' title='bbox 130 4682 247 4748; x_wconf 89' lang='lat' dir='ltr'><strong>Postea</strong></span> <span class='ocrx_word' id='word_1_349' title='bbox 271 4683 346 4748; x_wconf 91' lang='lat' dir='ltr'><strong>inde</strong></span> <span class='ocrx_word' id='word_1_350' title='bbox 370 4683 580 4763; x_wconf 90' lang='lat' dir='ltr'><strong>descendens,</strong></span> <span class='ocrx_word' id='word_1_351' title='bbox 607 4697 638 4747; x_wconf 91' lang='lat' dir='ltr'><strong>et</strong></span> <span class='ocrx_word' id='word_1_352' title='bbox 662 4687 795 4748; x_wconf 90' lang='lat' dir='ltr'><strong>veniens</strong></span> <span class='ocrx_word' id='word_1_353' title='bbox 820 4707 922 4769; x_wconf 89' lang='lat' dir='ltr'><strong>usque</strong></span> <span class='ocrx_word' id='word_1_354' title='bbox 946 4683 987 4747; x_wconf 90' lang='lat' dir='ltr'><strong>ad</strong></span> <span class='ocrx_word' id='word_1_355' title='bbox 1014 4695 1130 4748; x_wconf 87' lang='lat' dir='ltr'><strong>terram</strong></span> <span class='ocrx_word' id='word_1_356' title='bbox 1156 4683 1243 4746; x_wconf 93' lang='lat' dir='ltr'><strong>Petri</strong></span> <span class='ocrx_word' id='word_1_357' title='bbox 1266 4683 1394 4766; x_wconf 86' lang='lat' dir='ltr'><strong>Farine,</strong></span> <span class='ocrx_word' id='word_1_358' title='bbox 1417 4695 1452 4749; x_wconf 94' lang='lat' dir='ltr'><strong>ut</strong></span> <span class='ocrx_word' id='word_1_359' title='bbox 1475 4685 1648 4752; x_wconf 87' lang='lat' dir='ltr'><strong>ferebatur.</strong></span> 
     </span>
    </p>
   </div>
   <div class='ocr_carea' id='block_1_12' title="bbox 15 4787 1802 4981">
    <p class='ocr_par' dir='ltr' id='par_1_22' title="bbox 15 4787 1802 4981">
     <span class='ocr_line' id='line_1_37' title="bbox 285 4787 1802 4875; baseline 0.003 -23"><span class='ocrx_word' id='word_1_360' title='bbox 285 4787 357 4853; x_wconf 90' lang='lat' dir='ltr'><strong>Hec</strong></span> <span class='ocrx_word' id='word_1_361' title='bbox 380 4811 491 4854; x_wconf 89' lang='lat' dir='ltr'><strong>omnes</strong></span> <span class='ocrx_word' id='word_1_362' title='bbox 516 4799 590 4853; x_wconf 90' lang='lat' dir='ltr'><strong>sunt</strong></span> <span class='ocrx_word' id='word_1_363' title='bbox 614 4799 697 4852; x_wconf 90' lang='lat' dir='ltr'><strong>terre</strong></span> <span class='ocrx_word' id='word_1_364' title='bbox 721 4789 847 4854; x_wconf 89' lang='lat' dir='ltr'><strong>cenobii</strong></span> <span class='ocrx_word' id='word_1_365' title='bbox 873 4800 982 4852; x_wconf 90' lang='lat' dir='ltr'><strong>sancte</strong></span> <span class='ocrx_word' id='word_1_366' title='bbox 1006 4787 1117 4871; x_wconf 83' lang='lat' dir='ltr'><strong>Maria,</strong></span> <span class='ocrx_word' id='word_1_367' title='bbox 1142 4811 1222 4874; x_wconf 91' lang='lat' dir='ltr'><strong>quas</strong></span> <span class='ocrx_word' id='word_1_368' title='bbox 1246 4811 1265 4851; x_wconf 91' lang='lat' dir='ltr'><strong>a</strong></span> <span class='ocrx_word' id='word_1_369' title='bbox 1287 4789 1478 4875; x_wconf 87' lang='lat' dir='ltr'><strong>quibusdam</strong></span> <span class='ocrx_word' id='word_1_370' title='bbox 1504 4794 1627 4856; x_wconf 91' lang='lat' dir='ltr'><strong>ratione</strong></span> <span class='ocrx_word' id='word_1_371' title='bbox 1656 4793 1702 4856; x_wconf 92' lang='lat' dir='ltr'><strong>ibi</strong></span> <span class='ocrx_word' id='word_1_372' title='bbox 1730 4815 1802 4857; x_wconf 87' lang='lat' dir='ltr'><strong>oon·</strong></span> 
     </span>
     <span class='ocr_line' id='line_1_38' title="bbox 15 4891 1568 4981; baseline 0.002 -24"><span class='ocrx_word' id='word_1_373' title='bbox 15 4915 16 4920; x_wconf 50' lang='lat'>¹</span> <span class='ocrx_word' id='word_1_374' title='bbox 130 4893 268 4958; x_wconf 87' lang='lat' dir='ltr'><strong>uicimus</strong></span> <span class='ocrx_word' id='word_1_375' title='bbox 292 4891 353 4958; x_wconf 89' lang='lat' dir='ltr'><strong>sub</strong></span> <span class='ocrx_word' id='word_1_376' title='bbox 378 4903 521 4980; x_wconf 88' lang='lat' dir='ltr'><strong>tempore</strong></span> <span class='ocrx_word' id='word_1_377' title='bbox 547 4892 661 4976; x_wconf 80' lang='lat' dir='ltr'><strong>Cerne,</strong></span> <span class='ocrx_word' id='word_1_378' title='bbox 687 4892 812 4959; x_wconf 81' lang='lat' dir='ltr'><strong>Cucille</strong></span> <span class='ocrx_word' id='word_1_379' title='bbox 837 4894 903 4978; x_wconf 85' lang='lat' dir='ltr'><strong>filii,</strong></span> <span class='ocrx_word' id='word_1_380' title='bbox 930 4894 1173 4981; x_wconf 88' lang='lat' dir='ltr'><strong>prudentissimi</strong></span> <span class='ocrx_word' id='word_1_381' title='bbox 1199 4896 1260 4958; x_wconf 84' lang='lat' dir='ltr'><strong>viri</strong></span> <span class='ocrx_word' id='word_1_382' title='bbox 1285 4898 1385 4959; x_wconf 91' lang='lat' dir='ltr'><strong>nostri</strong></span> <span class='ocrx_word' id='word_1_383' title='bbox 1408 4896 1568 4962; x_wconf 88' lang='lat' dir='ltr'><strong>aduocati.</strong></span> 
     </span>
    </p>
   </div>
   <div class='ocr_carea' id='block_1_13' title="bbox 277 5089 1235 5164">
    <p class='ocr_par' dir='ltr' id='par_1_23' title="bbox 277 5089 1235 5164">
     <span class='ocr_line' id='line_1_39' title="bbox 277 5089 1235 5164; baseline 0.003 -18"><span class='ocrx_word' id='word_1_384' title='bbox 277 5089 308 5146; x_wconf 86' lang='lat' dir='ltr'><strong>lz</strong></span> <span class='ocrx_word' id='word_1_385' title='bbox 330 5090 477 5164; x_wconf 82' lang='lat' dir='ltr'><strong>aepisnika</strong></span> <span class='ocrx_word' id='word_1_386' title='bbox 499 5098 662 5148; x_wconf 86' lang='lat' dir='ltr'><strong>semustaca</strong></span> <span class='ocrx_word' id='word_1_387' title='bbox 685 5091 881 5163; x_wconf 83' lang='lat' dir='ltr'><strong>kalndjericah</strong></span> <span class='ocrx_word' id='word_1_388' title='bbox 902 5111 943 5152; x_wconf 82' lang='lat' dir='ltr'><strong>sr.</strong></span> <span class='ocrx_word' id='word_1_389' title='bbox 968 5092 1070 5163; x_wconf 86' lang='lat' dir='ltr'><strong>Merije</strong></span> <span class='ocrx_word' id='word_1_390' title='bbox 1092 5109 1110 5147; x_wconf 92' lang='lat' dir='ltr'><strong>u</strong></span> <span class='ocrx_word' id='word_1_391' title='bbox 1133 5093 1235 5150; x_wconf 82' lang='lat' dir='ltr'><strong>Zadru.</strong></span> 
     </span>
    </p>
   </div>
   <div class='ocr_carea' id='block_1_14' title="bbox 0 0 2154 5924">
    <p class='ocr_par' dir='ltr' id='par_1_24' title="bbox 0 0 2154 5924">
     <span class='ocr_line' id='line_1_40' title="bbox 0 0 2154 5924; baseline 0 0"><span class='ocrx_word' id='word_1_392' title='bbox 0 0 2154 5924; x_wconf 95' lang='lat' dir='ltr'><strong> </strong></span> 
     </span>
    </p>
   </div>
  </div>
 </body>
</html>
