4300 5930
337 387 400 478 isc

334 627 397 691 que
421 601 582 690 quondum
607 599 683 664 dum
707 600 740 664 iu
764 619 823 664 suo
846 605 931 662 statu
955 598 1118 678 existeret,
1142 595 1229 661 Alba
1247 596 1432 671 vocabatur,
1457 597 1686 662 confirmamus
1709 606 1742 661 et
1772 601 1913 683 presenti
1947 599 2010 684 pri·

331 708 442 793 nilegii
467 706 648 772 testimonio
672 703 928 785 corroboramus,
953 711 988 766 ut
1011 703 1136 787 integre
1158 700 1260 767 abbas
1284 710 1317 766 et
1339 701 1455 767 fratres
1487 702 1622 789 predicti
1653 705 1838 767 monasterii
1870 701 2012 768 habeant

331 836 443 879 omnes
466 807 675 894 terrasillas,
699 827 780 897 quas
804 809 879 874 olim
902 807 1058 874 Oresimir
1078 815 1109 871 et
1132 805 1318 871 suennimn
1338 808 1501 894 quondam
1530 806 1687 872 Ohroacis
1718 829 1811 893 reges
1835 817 1868 872 et
1896 829 2009 873 eorum

330 920 502 1006 principes,
525 940 584 982 nec
607 940 672 982 uon
698 913 890 1002 Stephanus,
916 915 1008 980 beate
1032 915 1186 977 memorie
1208 911 1308 978 frater
1331 923 1365 977 et
1386 923 1572 978 antecessor
1595 924 1713 994 noster,
1735 935 1804 994 rex,
1831 917 1895 977 iam
1921 913 2008 978 dicto

330 1023 526 1088 monasterio
551 1023 584 1086 iu
608 1030 799 1108 perpetuum
823 1018 1034 1099 tradiderunt,
1057 1019 1141 1083 sicut
1176 1020 1211 1082 in
1245 1041 1355 1083 eorum
1388 1019 1567 1105 priuilegiis
1603 1021 1794 1102 continetur,
1830 1017 2010 1084 secundum

329 1129 540 1214 quantitatem
566 1137 598 1192 ct
619 1127 792 1192 terminum
817 1134 976 1190 terrarum
999 1122 1137 1206 illarum,
1160 1122 1312 1188 videlicet
1335 1133 1451 1188 terram
1489 1126 1519 1188 in
1546 1124 1681 1211 Rogoua
1703 1136 1735 1190 et
1766 1123 1903 1190 Virhiza
1935 1147 2009 1188 cum

328 1255 413 1319 aqua
424 1231 670 1306 molendinaria
693 1239 725 1295 et
747 1231 779 1294 in
805 1227 995 1295 Oameuiani
1018 1237 1050 1293 et
1073 1239 1197 1294 ceteras
1215 1239 1325 1310 terras,
1342 1251 1422 1316 quas
1440 1231 1471 1294 iu
1489 1229 1627 1294 diuersis
1644 1230 1724 1319 locis
1741 1253 1798 1316 pen
1813 1229 2009 1294 Ohroaciam

328 1335 548 1424 sepedictum
570 1337 800 1402 monasterium
825 1335 956 1421 optinet
979 1333 1052 1398 Hoc
1074 1343 1181 1400 autem
1206 1335 1310 1398 edicto
1342 1357 1474 1420 presens
1509 1329 1663 1401 statutum
1697 1338 1937 1416 confirmamus,
1973 1345 2009 1399 ut

328 1445 355 1507 si
378 1445 450 1530 quis
474 1443 650 1528 infringere
673 1440 890 1528 temptauerit,
916 1450 947 1505 et
959 1437 1070 1504 abbati
1093 1438 1146 1504 vel
1164 1439 1317 1504 fratribus
1335 1440 1399 1504 illis
1417 1441 1456 1504 de
1474 1441 1626 1526 predictis
1643 1441 1738 1506 terris
1753 1439 2007 1506 diminucionem

329 1549 379 1614 vel
405 1549 585 1614 molestiam
609 1548 752 1635 aliquam
774 1546 880 1612 lacere
904 1545 1052 1630 voluerit,
1076 1545 1186 1610 diuino
1209 1548 1255 1609 ire
1280 1544 1457 1632 periculum
1472 1547 1615 1612 incurrat
1630 1557 1662 1611 et
1678 1555 1819 1612 nostram
1839 1567 1875 1610 se
1892 1546 2010 1610 sentiat

330 1655 438 1720 ledere
463 1656 672 1735 maiestatem,
695 1676 734 1718 ac
757 1651 859 1739 regali
882 1651 1002 1718 iudicio
1023 1651 1198 1716 subiaceat.
1223 1650 1375 1715 Proterea
1399 1652 1442 1717 ob
1466 1663 1668 1738 peccatorum
1683 1661 1866 1716 nostrorum
1891 1651 2003 1714 remis·

329 1763 461 1842 sionem,
488 1762 572 1825 sicut
604 1761 638 1824 in
661 1760 827 1844 rescriptis
859 1756 1097 1844 predecessoris
1127 1757 1227 1821 nostri
1262 1754 1417 1843 Stephani
1451 1758 1513 1820 iarn
1550 1757 1627 1821 dicti
1662 1757 1748 1841 regis
1778 1757 2008 1842 comperimus,

329 1867 472 1933 eiusdem
496 1865 655 1932 fratribus
678 1865 768 1950 regia
790 1864 981 1929 auctoritate
1004 1862 1220 1943 concedimus,
1246 1871 1282 1926 ut
1304 1883 1524 1948 quoecumque
1547 1859 1691 1947 hospites
1715 1861 1757 1925 od
1774 1859 2007 1925 inhabitandas

327 1983 430 2038 terras
455 1971 528 2052 illas
556 1971 596 2036 de
620 1970 865 2057 quibuscunque
884 1968 963 2034 loeis
987 1967 1149 2033 adducere
1174 1969 1323 2053 poterint,
1347 1990 1367 2032 a
1391 1969 1518 2033 nemine
1543 1969 1604 2032 nisi
1628 1967 1669 2032 ab
1693 1965 1811 2032 abbate
1835 1955 1869 2031 et
1891 1991 1911 2030 a
1942 1965 2006 2030 fra-

327 2079 432 2144 tribus
457 2097 632 2162 eorumque
656 2076 828 2162 prepositis
850 2073 1041 2156 iudicentur,
1065 2073 1106 2137 ad
1129 2074 1290 2138 neminem
1315 2093 1388 2136 nun
1411 2071 1519 2158 sigillo
1552 2071 1605 2138 vel
1636 2071 1766 2136 homine
1797 2071 2008 2136 determinafi

326 2184 373 2248 ire
397 2191 562 2267 cogantur.
587 2179 684 2261 Quod
707 2181 824 2265 siquis
846 2181 893 2244 eis
915 2179 981 2244 vim
1005 2177 1149 2243 intulerit
1164 2176 1317 2264 aliquam,
1338 2177 1482 2264 predicte
1498 2177 1660 2243 sentencie
1684 2177 1859 2242 subiaceat.
1885 2175 2005 2241 Actum

327 2297 377 2354 est
400 2299 505 2353 autem
530 2285 618 2352 istud
641 2285 727 2372 apud
752 2283 949 2368 strigonium
974 2285 1006 2348 iu
1030 2277 1347 2369 comuni'presoucia
1362 2285 1544 2371 principum
1562 2305 1716 2365 meorum,
1733 2293 1884 2369 presente
1901 2280 2005 2347 Paulo

325 2392 487 2460 colocensi
511 2390 623 2473 electo,
648 2389 812 2477 Stephano
836 2390 951 2456 comite
975 2387 1019 2454 de
1037 2383 1122 2472 Sala,
1146 2387 1304 2455 Mochone
1339 2391 1473 2454 nitrensi
1508 2391 1634 2472 comite,
1665 2389 1839 2454 Dominico
1875 2389 2005 2470 comite,

325 2499 487 2564 Damiano
510 2497 653 2562 iodrensi
676 2497 802 2579 comite,
823 2493 1028 2581 Lampredio,
1053 2493 1178 2576 Vitaae,
1202 2494 1370 2580 Bogdano,
1392 2480 1534 2578 Ziaouls,
1565 2493 1709 2578 Detriao,
1733 2491 1842 2558 Blasio
1866 2496 2005 2574 dotano,

325 2603 415 2669 Luca
435 2601 624 2690 presbitero,
647 2600 821 2686 Slauogost
840 2602 970 2688 iupano,
994 2599 1139 2664 Sloniuia
1169 2587 1296 2686 iupano.
1327 2599 1447 2666 Datum
1480 2600 1643 2686 Strigouio
1676 2621 1732 2682 per
1759 2619 1876 2663 manus
1907 2597 2004 2663 Pauli

323 2708 396 2773 aule
421 2711 519 2794 regie.

474 2873 662 2929 Policborion.
685 2872 712 2929 U
733 2872 832 2929 arhivu
856 2873 922 2964 gub.
946 2872 1008 2932 aad.

732 3163 889 3248 CXCV.
915 3163 1026 3246 1188.
1054 3165 1092 3246 8.
1116 3162 1269 3268 llpnjo.
1297 3167 1334 3249 U
1361 3161 1579 3250 Rivoaltu.

455 3339 533 3403 Inoo
555 3343 661 3418 biatup
686 3343 777 3421 nort,
802 3344 908 3417 dorrrjr
930 3343 1005 3402 redu
1028 3359 1070 3404 eo.
1093 3343 1271 3432 Beneditta
1295 3345 1386 3404 erton
1408 3361 1454 3408 so.
1477 3346 1579 3406 Ioue·
1595 3367 1623 3408 ss
1643 3350 1742 3424 produ
1763 3348 1861 3409 Kriou.

470 3533 508 3597 In
531 3534 659 3596 nomine
683 3531 803 3596 domini
827 3529 879 3596 dei
903 3540 935 3596 et
957 3530 1127 3596 saluatoris
1151 3532 1251 3595 nostri
1274 3529 1354 3597 Jesu
1378 3529 1508 3614 Christi,
1525 3559 1609 3601 anno
1626 3537 1797 3602 millesimo
1814 3541 1996 3603 centesimo

323 3641 522 3724 octogesimo
546 3647 670 3714 octauo,
694 3659 803 3701 mense
827 3637 915 3718 iunii,
941 3636 1113 3701 indictione
1137 3649 1238 3716 sexta,
1263 3637 1420 3704 Riuoalto.
1445 3637 1610 3727 Quidquid
1642 3643 1738 3710 datur
1768 3643 1821 3707 vel
1850 3644 1997 3725 offertur,

322 3754 456 3833 oportet,
478 3753 514 3806 ut
536 3743 694 3827 scripture
718 3739 847 3805 vinculo
871 3741 1087 3806 confirmetur.
1121 3739 1328 3828 Quapropter
1356 3765 1414 3806 nos
1446 3745 1574 3829 quidem
1610 3745 1778 3812 Johsnnes
1808 3749 1860 3812 dei
1890 3751 1999 3833 gratia

321 3850 484 3936 veglensis
509 3849 688 3937 epiecopus,
712 3869 786 3910 cum
811 3848 928 3910 nostris
951 3848 1202 3928 successoribus,
1235 3869 1293 3933 per
1326 3857 1507 3932 presentem
1540 3851 1722 3917 efferciouis
1753 3854 1919 3932 cartulam,
1951 3855 1996 3920 ab

320 3957 416 4022 hodie
438 3956 587 4018 inantea
611 3952 734 4033 damus,
755 3950 919 4015 offerimus
943 3949 1004 4016 deo
1028 3962 1060 4016 et
1082 3955 1278 4018 monasterio
1302 3956 1403 4018 sancti
1429 3953 1594 4020 Benedicti
1611 3979 1708 4044 super
1723 3957 1857 4040 Padum,
1875 3969 1907 4024 et
1928 3982 1995 4024 mo-

320 4063 460 4128 nasterio
484 4059 585 4124 sancti
610 4055 765 4144 Cypriani
790 4056 829 4120 de
853 4057 1018 4150 Marianis,
1041 4067 1072 4122 et
1094 4058 1203 4123 abbati
1225 4068 1321 4145 atque
1334 4061 1432 4145 priori
1450 4061 1706 4147 supradictorum
1723 4066 1995 4129 monasteriorum

319 4179 351 4235 et
373 4168 490 4234 vestris
507 4163 748 4229 successoribus
767 4161 934 4227 ecclesiam
956 4173 1097 4230 nostram
1117 4166 1220 4229 sancti
1236 4165 1257 4230 J
1260 4164 1394 4230 ohannis
1411 4168 1547 4252 positam
1566 4169 1596 4232 in
1615 4169 1745 4234 ciuitate
1764 4167 1877 4254 Vegle,
1893 4193 1993 4256 quam

318 4297 386 4355 nos,
413 4282 583 4356 antequam
608 4267 648 4332 nd
673 4270 876 4356 episcopatus
900 4267 1042 4334 officium
1067 4269 1357 4351 adscendissemus,
1373 4274 1515 4358 propriis
1536 4276 1655 4338 nostris
1679 4277 1831 4362 expensis
1849 4276 1994 4342 edificari

317 4381 461 4446 lecimus.
487 4377 579 4440 Hanc
603 4385 709 4439 autern
735 4374 951 4460 supradictam
976 4375 1243 4442 ecclesiam'cum
1267 4374 1358 4440 libris
1382 4387 1414 4441 et
1438 4377 1692 4444 sacerdotalibus
1725 4379 1924 4446 indumentis
1959 4393 1994 4448 et

318 4509 390 4552 cum
415 4483 563 4550 omnibus
587 4480 717 4545 edifitiis
740 4490 772 4545 et
788 4480 1057 4568 possessionibus,
1078 4503 1142 4568 que
1164 4483 1195 4546 in
1221 4483 1357 4547 circuitu
1382 4482 1525 4548 eiusdem
1550 4483 1685 4550 ecclesie
1716 4496 1800 4568 sunt,
1832 4487 1929 4551 vobis
1959 4497 1994 4552 et

318 4592 435 4656 vestris
460 4585 700 4651 successoribus
723 4594 755 4648 et
777 4585 898 4650 eisdem
922 4589 1126 4652 monasteriis
1150 4588 1274 4670 damus,
1298 4587 1463 4655 offerimus
1486 4599 1583 4676 atque
1605 4599 1844 4657 transactamus
1866 4591 1992 4658 hahen-

317 4699 403 4774 dum,
425 4693 608 4769 tenendum,
632 4689 828 4767 enitendum,
852 4687 1093 4776 dominandum,
1118 4693 1343 4776 edificandum,
1375 4694 1427 4760 vel
1460 4695 1617 4781 quidquid
1646 4695 1765 4762 exinde
1797 4697 1892 4763 vobis
1922 4697 1993 4785 pla·

317 4804 420 4868 cuerit
442 4795 634 4870 faciendum,
658 4795 745 4860 nullo
768 4797 861 4861 vobis
877 4796 1009 4863 homine
1030 4808 1142 4864 contra
1165 4799 1302 4865 dicente.
1338 4797 1432 4866 Unde
1455 4802 1542 4865 omni
1558 4823 1642 4866 anno
1672 4804 1836 4888 perpetuis
1867 4813 1994 4890 tempo·-

316 4908 406 4974 ribus
430 4903 508 4969 dare
528 4911 561 4965 et
583 4900 708 4965 soluere
731 4901 855 4966 debetis
876 4902 969 4967 nobis
993 4913 1026 4967 et
1049 4907 1166 4969 nostris
1189 4904 1430 4970 successoribus
1453 4915 1486 4970 et
1509 4904 1612 4971 eidem
1647 4915 1757 4972 nostro
1789 4909 1992 4994 episcopatui

317 5037 375 5102 pro
399 5015 540 5090 incenso,
564 5005 678 5071 libram
703 5027 799 5070 unam
823 5008 956 5074 incensi.
981 5007 1085 5096 Super
1108 5009 1168 5075 hec
1190 5020 1296 5076 autem
1325 5011 1448 5094 damus,
1481 5009 1648 5094 donamus,
1684 5011 1859 5090 offerimus,
1890 5025 1990 5104 atqrw

314 5127 549 5188 transactamus
572 5113 665 5178 vobis
686 5120 718 5176 et
740 5115 856 5178 vestris
879 5115 1119 5184 successorihus
1143 5125 1175 5180 et
1190 5111 1310 5185 eisdem
1334 5117 1538 5204 monasteriis
1557 5114 1643 5185 duas,
1662 5127 1790 5192 nostras
1812 5119 1925 5186 vineas
1955 5129 1990 5207 ct

312 5235 414 5291 terras
437 5231 564 5288 nostras
587 5218 732 5306 proprias
754 5239 836 5304 quas
859 5241 918 5285 nos
940 5218 1106 5304 habemus,
1130 5230 1163 5285 et
1190 5243 1245 5286 eas
1261 5219 1496 5308 adquisinimus
1512 5231 1544 5290 et
1559 5225 1824 5312 recuperauimue
1840 5227 1985 5312 propriis
