4350 5932
603 597 768 682 LXIII.
795 597 884 683 861.
910 597 975 682 20.
1003 595 1185 700 vellate.
1211 598 1248 680 n
1270 599 1438 696 Itouna

171 781 316 842 Ludouilr
339 781 387 842 11.
412 779 493 854 lunlj
514 781 662 854 ujematln'
683 779 853 855 potordiuje
876 779 1040 850 dororcar'e
1073 779 1143 838 oolla
1167 779 1258 853 scioli,
1284 779 1349 852 troje
1371 779 1485 838 durooo
1507 778 1635 838 Pribiiru
1657 779 1731 842 anea
1755 781 1863 841 blutslri

711 887 794 946 ortui
816 887 828 944 i
849 891 1023 945 sumostouu
1045 885 1330 958 dolnjo-oltajslrom.

335 1049 374 1114 In
398 1052 527 1115 nomine
550 1058 684 1116 sanetae
707 1061 740 1116 et
762 1049 951 1115 indiuiduas
979 1049 1142 1114 trinitatis.
1160 1047 1372 1128 Hlndonicus,
1390 1048 1501 1114 diuina
1514 1050 1642 1115 fauente
1665 1053 1769 1136 gratia
1792 1075 1861 1134 rex,

172 1155 211 1220 Si
236 1158 323 1220 enim
347 1178 395 1238 ea,
419 1178 503 1242 qnae
526 1155 640 1222 fideles
674 1157 768 1242 regni
792 1158 894 1220 nostri
917 1177 974 1241 pro
998 1177 1109 1220 eorum
1137 1155 1411 1241 oportunitatibus
1447 1177 1505 1219 nos
1536 1155 1699 1242 deprecati
1731 1156 1860 1240 fuerint,

171 1260 313 1348 implere
346 1262 576 1344 studuerimus,
608 1285 673 1328 non
705 1263 808 1328 solum
840 1263 965 1346 regium
996 1284 1118 1326 morem
1152 1261 1304 1326 decenter
1332 1261 1512 1348 implemus,
1540 1285 1652 1327 verum
1685 1265 1781 1328 etiam
1805 1287 1860 1329 cos

169 1367 290 1453 procul
313 1367 413 1432 dubio
436 1367 610 1451 fideliores,
634 1389 674 1433 ac
705 1369 889 1434 deuotiorea
916 1371 947 1432 in
972 1377 1081 1431 nostro
1105 1367 1264 1432 efficimus
1288 1369 1429 1448 seruitio,
1453 1367 1548 1432 etad
1572 1379 1736 1434 aeternam
1760 1371 1861 1434 vitam

170 1472 315 1540 feliciter
339 1472 558 1555 obtinendam,
583 1474 785 1560 profuturum
816 1472 939 1560 liquido
956 1474 1126 1538 credimus.
1146 1471 1352 1560 Quapropter
1364 1475 1540 1560 comperiat
1556 1475 1699 1540 omnium
1717 1475 1860 1540 fidelium

170 1589 360 1646 nostrorum
383 1581 602 1666 praesentium
631 1579 755 1645 scilicet
771 1589 802 1644 et
818 1579 997 1644 futurorum
1016 1579 1155 1662 solertia,
1172 1579 1310 1664 qualiter
1327 1581 1511 1662 Briuuinus,
1528 1579 1634 1644 fidelis
1659 1581 1726 1645 dux
1741 1591 1859 1662 noster,

170 1679 320 1750 seuleus
335 1689 368 1750 in
392 1707 562 1772 procerum
586 1697 769 1751 nostrorum
794 1687 1020 1771 praesentiam,
1046 1685 1222 1772 postulauit
1245 1687 1450 1752 serenitatem
1467 1697 1620 1768 nostram,
1641 1698 1676 1751 ut
1698 1688 1738 1752 de
1759 1688 1857 1752 rebus

170 1793 385 1878 proprietatis
409 1815 496 1872 suae,
521 1814 601 1878 quas
626 1795 655 1856 ei
681 1794 715 1856 iu
736 1793 964 1879 proprietatem
982 1793 1214 1872 concessimus,
1238 1791 1349 1856 liceret
1373 1794 1402 1856 ei
1426 1804 1548 1878 partem
1572 1793 1714 1880 aliquam
1738 1797 1770 1856 in
1794 1817 1859 1858 me·

170 1899 312 1962 moriam
327 1899 396 1962 eius
412 1897 487 1962 dare
498 1897 541 1962 ad
558 1906 704 1962 sanctum
721 1897 924 1972 Macrinum,
937 1896 1022 1960 etad
1039 1899 1268 1962 monasterium
1281 1907 1428 1963 nostrum
1440 1897 1569 1980 Altaha,
1583 1901 1636 1963 cui
1648 1908 1792 1986 tempore
1805 1900 1859 1964 illo

171 2001 332 2088 Otgarins
355 1987 457 2070 abbas
480 2025 632 2089 praeesse
664 2003 837 2068 videbatur
882 2015 913 2066 et
946 2012 1059 2068 rector.
1093 2001 1193 2068 Cuius
1230 2007 1374 2090 petitioni
1406 2003 1519 2070 libenti
1554 2006 1661 2070 animo
1692 2029 1860 2070 assensum

171 2107 381 2194 praebentes,
398 2109 601 2174 decreuimus
625 2109 671 2173 ita
693 2109 774 2173 fieri.
799 2107 900 2174 Dedit
915 2111 1025 2196 itaque
1053 2109 1238 2192 Brinuinus,
1256 2111 1360 2176 fidelis
1382 2111 1449 2174 dux
1466 2121 1583 2196 noster,
1602 2135 1675 2176 cum
1702 2135 1862 2178 consensu

172 2225 208 2279 et
233 2214 363 2280 licentia
379 2226 498 2296 nostra,
523 2215 564 2278 ad
581 2214 760 2301 praefatum
778 2218 1008 2280 monasterium
1030 2219 1131 2280 sancti
1149 2217 1297 2282 Illauricii
1319 2219 1470 2303 martyris
1495 2217 1624 2298 Christi,
1647 2217 1687 2282 de
1711 2239 1769 2282 sua
1789 2241 1861 2304 pro-

70 2385 77 2394 ,
172 2322 326 2408 prietate,
351 2323 384 2385 in
409 2343 466 2386 sno
490 2321 617 2404 ducatu,
644 2322 801 2407 quidquid
833 2321 946 2386 habuit
967 2321 1009 2385 ad
1032 2321 1220 2407 Salapiugin
1244 2323 1328 2386 infra
1349 2325 1502 2388 terminos
1527 2325 1622 2388 istos:
1648 2327 1681 2387 in
1706 2325 1862 2388 orientem

171 2426 262 2491 ultra
287 2425 395 2491 Salam
418 2426 586 2491 fluuiolum
610 2449 711 2511 usque
736 2427 777 2490 ad
801 2426 998 2511 Slougcnaiu
1036 2428 1209 2513 marcham,
1235 2440 1267 2492 et
1293 2431 1505 2509 b'trcsmaren,
1529 2440 1561 2494 et
1585 2431 1631 2494 sic
1654 2451 1781 2494 sursum
1804 2453 1862 2516 per

172 2531 289 2598 Salam
312 2555 416 2620 usque
432 2532 724 2617 Wualtungesbah,
742 2535 837 2598 etsie
853 2534 928 2598 inde
944 2557 1047 2620 usquc
1064 2536 1097 2598 in
1114 2534 1359 2620 Hrabagiskeit,
1378 2546 1410 2599 et
1431 2535 1471 2599 ad
1496 2533 1719 2600 Chirihstetiu.
1743 2534 1860 2599 Postea

171 2661 257 2702 vero
270 2639 454 2723 praedictus
469 2638 572 2704 fidelis
585 2638 688 2702 abbas
703 2649 813 2704 noster
828 2638 983 2724 Otgarius
999 2640 1189 2725 deprecatus
1207 2651 1256 2706 est
1272 2641 1495 2705 celsitudinem
1508 2650 1660 2720 nostram,
1679 2657 1714 2706 ut
1730 2640 1860 2706 easdem

171 2767 231 2808 res
254 2765 312 2829 per
335 2753 463 2808 nostrae
486 2747 687 2810 auctoritatis
722 2756 931 2831 praeceptum
956 2750 1246 2812 confirmassemus.
1272 2746 1372 2812 Cuius
1398 2749 1542 2832 petitioni
1567 2747 1608 2812 ob
1633 2747 1786 2811 honorem
1808 2746 1860 2811 dei

171 2860 210 2914 et
233 2852 335 2914 sancti
361 2851 503 2914 Mauritii
527 2851 639 2914 militis
664 2849 797 2932 Christi,
823 2862 855 2916 et
873 2852 992 2916 bonnm
1009 2852 1096 2916 illius
1114 2856 1291 2933 seruitium,
1310 2853 1420 2920 libenti
1445 2857 1553 2919 animo
1577 2876 1744 2920 assensum
1768 2875 1858 2940 prae-

172 2956 327 3038 buimus3
352 2967 384 3020 et
406 2955 468 3021 hoc
491 2959 520 3022 ei
554 2967 682 3022 nostrae
713 2960 914 3024 auctoritatIs
938 2969 1146 3044 praeceptum
1178 2960 1249 3026 fieri
1282 2962 1443 3036 iussimus,
1468 2983 1524 3046 per
1548 2959 1633 3046 quocl
1659 2960 1860 3024 decernimus

172 3071 211 3125 et
232 3061 393 3142 iubemus,
418 3073 453 3126 ut
476 3065 560 3128 sicut
583 3064 740 3152 praedicti
764 3067 891 3128 tormini
917 3066 950 3128 in
982 3065 1156 3151 praedictis
1191 3067 1270 3130 locis
1295 3066 1424 3131 diffiniti
1456 3076 1540 3148 sunt,
1564 3068 1609 3129 ita
1633 3064 1795 3150 deinceps,
1820 3067 1861 3130 ad

170 3171 241 3232 iam
267 3167 388 3232 dictum
412 3171 643 3234 monasterium
668 3193 727 3256 per
747 3170 809 3234 hoc
832 3181 963 3235 nostrae
984 3173 1187 3235 auctoritatis
1211 3183 1417 3258 praeceptum
1442 3174 1530 3259 ipsae
1555 3196 1606 3237 res
1627 3171 1713 3238 nullo
1737 3175 1859 3259 inquic-

171 3283 274 3354 tante,
299 3274 357 3338 sed
381 3274 442 3339 deo
465 3275 651 3358 auxiliante,
670 3281 831 3362 perpetuis
863 3279 1062 3364 temporibus
1094 3279 1272 3343 consistant
1294 3282 1326 3342 in
1351 3283 1525 3366 proprium.
1560 3278 1603 3342 Et
1627 3291 1661 3342 ut
1684 3278 1764 3343 baec
1787 3301 1860 3344 auc-

172 3382 290 3445 toritas
314 3380 495 3466 largitionis
529 3393 658 3448 nostrae
689 3384 812 3446 firmior
848 3383 1013 3464 habeatur,
1047 3395 1079 3448 et
1111 3408 1168 3470 per
1201 3385 1309 3448 futura
1338 3394 1485 3472 tempora
1516 3409 1535 3448 a
1566 3385 1717 3450 fidelibus
1741 3387 1859 3450 nostris

171 3489 287 3552 verius
311 3487 471 3570 credatur,
496 3498 528 3552 et
551 3487 739 3574 diligentius
764 3489 964 3574 obscructnr,
987 3513 1083 3554 manu
1107 3493 1238 3576 propria
1270 3501 1379 3556 nostra
1410 3491 1520 3556 subter
1551 3515 1621 3556 eam
1654 3491 1854 3556 firmauimus

172 3603 208 3656 et
230 3591 320 3658 anuli
346 3596 448 3658 nostri
470 3595 683 3679 impressione
706 3593 859 3659 roborare
883 3597 1044 3660 iussimus.

689 3699 824 3784 Signum
848 3700 1023 3766 Hlndonici
1048 3703 1244 3766 serenissimi
1268 3704 1364 3786 regis.

524 3808 759 3873 Hebarhardus
784 3809 926 3871 notarius
950 3807 991 3870 ad
1016 3809 1120 3870 vicem
1144 3806 1306 3892 Vuitgarii
1331 3811 1515 3892 recognoui.

336 3914 506 3998 Regnaute
530 3914 711 3978 Indictione
735 3914 825 3978 VIII.

335 4018 423 4083 Data
445 4019 489 4083 X.
513 4020 579 4085 kal.
605 4022 752 4087 marcias.
777 4021 873 4085 Anno
907 4017 1035 4084 Christo
1060 4021 1198 4104 propitio
1224 4017 1382 4082 XXVIII.
1405 4020 1497 4102 regni
1530 4018 1652 4082 domini
1683 4017 1859 4082 Hlndonici

174 4126 378 4190 serenissimi
400 4127 487 4209 regis
511 4127 543 4189 in
568 4126 717 4191 orientali
740 4126 891 4190 Francia.

336 4230 456 4296 Actum
479 4232 713 4317 Regauesburc
734 4235 864 4297 ciuitate
888 4233 977 4318 regia
1001 4233 1034 4294 in
1060 4231 1112 4294 dei
1132 4231 1260 4294 nominc
1284 4229 1430 4294 feliciter.
1454 4227 1568 4294 Arnen.

337 4398 521 4454 Monunrenta
543 4357 633 4454 Boius
654 4399 690 4458 T.
715 4401 768 4458 XI.
793 4407 842 4458 str.
869 4399 940 4452 119.
971 4398 1066 4469 Kopp.
1089 4417 1106 4452 u
1126 4397 1327 4468 Palaeografiji
1347 4397 1368 4450 Ι.
1390 4397 1461 4450 432.
1487 4405 1591 4451 smatra
1623 4413 1676 4450 ovu
1707 4396 1804 4451 listinn
1827 4414 1859 4452 za

171 4489 371 4563 podmetnutu.

559 4691 707 4772 LXII.
736 4691 823 4774 861.
855 4692 920 4773 20.
950 4692 1147 4773 strulena.
1176 4693 1214 4773 U
1242 4691 1476 4772 IIIataIrovI.

174 4882 319 4943 Ludour'lr
342 4882 390 4940 11.
413 4881 494 4954 λιταί]
516 4881 671 4954 anomaeus,
690 4881 854 4956 podieljuje
876 4883 958 4940 ortui
980 4883 1204 4956 soluoprudstoj
1226 4899 1331 4955 rnrroyn
1354 4881 1521 4953 slovjcustu
1544 4881 1555 4938 i
1579 4880 1733 4954 njemuetc
1756 4880 1860 4938 nricstu

925 5005 946 5044 u
968 4987 1123 5056 Panouijr'.

338 5153 376 5217 In
400 5153 529 5218 nomine
563 5161 693 5216 sanotae
726 5161 759 5215 et
790 5149 976 5215 indiuiduas
1009 5151 1172 5214 trinitatis.
1203 5148 1424 5230 Hladouicus,
1461 5148 1571 5213 diuina
1602 5147 1730 5212 feriente
1754 5147 1858 5231 gratia

172 5283 245 5326 rex.
272 5258 411 5346 Oportet
433 5259 534 5343 igitur
554 5281 622 5339 nos,
647 5260 701 5344 qui
728 5258 835 5321 diuino
867 5277 976 5320 sumus
1008 5278 1139 5320 munere
1165 5254 1401 5342 quodammodo
1426 5276 1503 5341 prae
1528 5255 1642 5318 ceteris
1667 5245 1855 5316 mortalibus

171 5365 354 5448 sublimati,
377 5365 446 5429 eius
470 5366 503 5428 in
527 5363 675 5429 omnibus
701 5387 813 5450 parere
838 5365 1028 5450 praeceptis,
1055 5363 1145 5426 cuius
1162 5359 1332 5426 clementia
1356 5361 1491 5447 praelati
1509 5382 1628 5442 snmus,
1645 5367 1742 5444 atque
1767 5357 1858 5421 cuius

1735 5466 1756 5530 4
