4350 5932
1847 414 1941 534 ,δικ

195 649 299 716 Aetas
323 649 453 737 quidem
478 659 533 716 tua
552 659 709 736 prouecta
739 659 801 732 est,¹
820 647 877 714 sod
899 657 990 714 actus
1022 669 1149 736 quoque
1172 650 1336 718 maturior.
1361 651 1448 731 Quid
1479 653 1564 722 enim
1595 675 1682 720 nunc
1705 657 1870 741 surripere

196 756 315 837 valeat,
340 759 371 820 in
389 778 453 841 quo
467 778 528 820 neo
544 758 695 820 iuventus
715 754 977 841 reprehensibilis
998 754 1143 822 suissed
1159 755 1240 825 haec
1256 758 1288 820 in
1306 757 1416 825 domni
1438 759 1491 828 sui
1514 761 1615 827 nostri
1639 781 1738 844 regno
1761 760 1877 844 fecisti,

195 883 285 938 nnnc
300 861 376 926 talia
391 862 585 944 demonstra,
604 871 638 926 ut
654 861 852 947 temporibus
870 862 1176 978 uostrisxreseruare
1191 861 1332 929 videaris
1346 861 1505 948 quidquid
1519 863 1687 949 probitatis
1703 863 1875 934 addideris.

269 1054 274 1061 '
358 1041 541 1098 Cassiodorus
562 1041 615 1114 Ep.
639 1041 797 1098 Variarum.
821 1042 884 1100 Lib.
907 1043 959 1098 IX.
985 1041 1074 1114 Epist.
1103 1043 1183 1100 VIII.

334 1135 349 1164 ι

958 1286 1007 1408 u.
1034 1325 1125 1410 sss.

199 1537 264 1598 Gor
286 1540 457 1612 Justr'aijon
486 1539 628 1612 Upruodo
644 1538 799 1612 priohtar'c
813 1538 853 1598 A.
876 1539 1054 1612 Kotelijoou
1069 1539 1260 1610 uodhtstrrpu
1287 1537 1552 1612 yjusteucttlshoruu
1582 1539 1658 1599 tato
1682 1557 1716 1617 pe
1747 1543 1880 1615 njeyoooj

233 1645 370 1717 ortum
387 1645 486 1713 olustt,
510 1647 583 1702 osius
604 1643 705 1716 raiatih
728 1643 835 1717 drupih
852 1643 1037 1716 potruttnolr
1059 1643 1186 1716 attrahit,
1204 1643 1345 1716 poddtnio
1367 1643 1379 1702 i
1399 1645 1527 1703 structu
1549 1644 1646 1718 doluja
1669 1645 1830 1719 Puuontje.
1863 1657 1865 1664 '

299 1847 306 1853 ·
355 1817 535 1904 Imperator
571 1816 784 1898 lastinianus,
807 1813 862 1886 Α.Δ
878 1812 1073 1895 Catelliano,
1104 1814 1174 1880 viro
1214 1814 1417 1897 beatissimo,
1453 1816 1714 1904 archiepiscopo
1749 1795 1872 1905 primae

196 1919 220 1984 J
223 1921 413 1986 ushnranae
1859 1945 1863 1953 “

355 2025 465 2090 Multis
489 2037 521 2092 et
552 2027 649 2092 variis
676 2026 782 2092 modis
813 2033 956 2090 nostram
986 2025 1135 2127 patriam·
1154 2045 1273 2110 augere
1306 2013 1491 2112 cupientes,
1524 2027 1557 2092 in
1581 2049 1646 2114 qua
1668 2031 1771 2116 primo
1795 2031 1875 2095 deus

199 2131 362 2218 praestitit
376 2125 478 2197 nobis
502 2131 650 2196 adhunc
673 2129 951 2216 mundum,quem
977 2129 1045 2215 ipse
1066 2112 1218 2211 condidit,
1243 2131 1364 2212 venire,
1390 2141 1420 2194 et
1445 2132 1531 2195 circa
1555 2119 1786 2198 sacerdotalem
1809 2157 1882 2200 cen·

198 2259 306 2301 suram
332 2259 402 2301 cam
426 2235 575 2301 volumus
600 2237 751 2300 maximis
773 2237 977 2300 incrementis
993 2232 1156 2320 ampliare,
1181 2242 1216 2310 ut
1238 2257 1360 2320 primae
1369 2234 1587 2320 dustrnranae,
1605 2241 1727 2324 patriae
1743 2248 1881 2322 nostrae,

195 2365 256 2428 pro
279 2353 424 2428 tempore
447 2349 671 2406 sacrosanctus
694 2342 837 2422 antistes,
863 2360 926 2403 non
950 2339 1051 2404 solum
1082 2337 1357 2424 metropolitanus,¹
1387 2340 1445 2404 sed
1476 2343 1572 2406 etiam
1604 2342 1706 2406 archi·
1696 2345 1880 2430 episcopus

194 2449 264 2528 fiat,
294 2457 326 2512 et
356 2457 481 2514 ceterae
513 2448 697 2533 provinciae
728 2445 788 2510 sub
823 2447 893 2509 eius
923 2445 988 2510 sint
1018 2445 1217 2528 auctoritate,
1249 2443 1370 2511 idest:
1406 2455 1471 2526 tam
1507 2446 1740 2526 mediterranea
1765 2447 1878 2529 Dacia,

196 2576 294 2640 quam
325 2551 429 2617 Dacia
459 2554 606 2638 ripensis,
623 2574 690 2634 ,neo
725 2573 787 2614 non
818 2550 925 2636 Mysia
954 2550 1104 2632 secunda,
1138 2548 1306 2614 Dardania
1330 2560 1362 2615 et
1385 2550 1609 2615 Praeualitana
1650 2555 1825 2638 prouincia,
1849 2565 1881 2618 et

195 2657 339 2723 secunda
362 2656 602 2743 Mesopotamia,
636 2666 668 2722 et
691 2677 764 2741 pars
789 2655 948 2720 secundae
971 2655 1068 2720 etiam
1099 2655 1294 2737 Pannoniae,
1318 2667 1401 2742 quae
1438 2659 1471 2720 in
1495 2657 1634 2722 Baosnsi
1665 2669 1714 2722 est
1736 2660 1878 2726 civitate.

196 2762 280 2828 Cum
315 2765 401 2827 enim
437 2763 642 2848 in.antiquie
675 2759 871 2847 temporibus
906 2759 1003 2828 Sirmi
1033 2760 1235 2848 praefectura
1274 2761 1371 2826 fuerit
1402 2765 1593 2844 constituta,
1633 2761 1742 2850 ibique
1786 2787 1881 2830 omne

194 2868 295 2934 fuerit
325 2869 446 2955 lllyrici
475 2867 650 2951 festigium,
681 2876 747 2931 tam
777 2868 809 2930 in
841 2859 999 2950 ciuilibus,
1033 2889 1129 2954 quam
1165 2868 1198 2931 in
1230 2866 1478 2954 episcopalibus
1501 2869 1616 2950 causis,
1638 2875 1751 2954 postea
1773 2879 1881 2936 autern

195 2975 351 3041 Attilanis
374 2973 573 3059 temporibus
597 2973 740 3038 eiusdem
758 2971 836 3038 locis
859 2973 1043 3056 deuastatis,
1072 2972 1240 3058 Apennius
1256 2955 1440 3059 praefectus
1457 2975 1616 3059 praetorio
1637 2975 1680 3037 de
1702 2974 1882 3040 Firmitan'a

197 3079 400 3164 (Sirmitana)
425 3079 553 3143 ciuitate
578 3079 610 3142 in
633 3075 879 3142 Thesalonicam
896 3079 1051 3165 profugus
1073 3088 1215 3162 venerat,
1245 3087 1323 3142 tunc
1343 3079 1453 3164 ipsam
1470 3078 1705 3165 praefecturam
1722 3089 1754 3144 et
1777 3103 1882 3146 sacera

196 3186 313 3250 dotalis
344 3185 445 3250 honor
473 3194 602 3250 secutus
634 3194 699 3268 est3
731 3195 762 3250 et
789 3183 1087 3250 Thessalonicensis
1112 3186 1291 3271 episcopus,
1324 3205 1388 3250 uon
1429 3207 1487 3250 sua
1505 3185 1703 3268 auctoritate,
1729 3185 1785 3250 sed
1821 3183 1880 3252 sub

197 3291 313 3355 umbra
336 3289 557 3376 praefecturae
579 3293 697 3356 meruit
718 3289 859 3376 aliquam
875 3290 1144 3375 praerogatiuam.
1162 3287 1245 3353 Cum
1272 3289 1370 3373 igitur
1390 3289 1424 3374 in
1458 3291 1631 3375 praesenti,
1657 3290 1717 3355 deo
1740 3299 1881 3374 auctore,

195 3399 245 3461 ita
265 3406 374 3461 nostra
397 3395 580 3482 respublica
598 3403 692 3459 aucta
708 3404 765 3476 est,
789 3405 825 3459 ut
851 3405 987 3481 utraque
1008 3397 1079 3481 ripa
1102 3395 1246 3458 Danubii
1279 3397 1344 3459 iam
1376 3397 1494 3460 nostris
1525 3395 1709 3459 ciuitatibus
1734 3381 1882 3481 frequen·

195 3510 292 3585 tetur,
316 3513 348 3566 et
370 3511 435 3566 tam
456 3499 698 3581 Wiminaoium,
722 3523 818 3586 quam
839 3501 985 3566 Recidua
1006 3511 1039 3566 et
1061 3501 1215 3582 Literata,
1243 3523 1327 3586 quae
1343 3509 1432 3565 trans
1449 3499 1635 3564 Danubium
1654 3509 1737 3578 sunt,
1753 3510 1882 3565 nostrae

197 3609 315 3672 iterum
339 3605 453 3670 ditioni
484 3606 648 3671 subiectas
679 3608 764 3690 sint3
783 3603 1007 3672 necessarium
1031 3607 1216 3672 duximus
1206 3627 1309 3693 ipsam
1344 3604 1610 3690 gloriosissimam
1635 3604 1880 3726 praefecturam,

199 3733 283 3798 quae
305 3713 339 3776 in
361 3709 528 3776 Pannonia
552 3713 687 3793 erat,1n
711 3712 1019 3777 nostrafelioissima
1052 3714 1156 3798 patria
1187 3710 1363 3792 collocare3
1395 3733 1467 3774 cum
1501 3707 1579 3773 nihil
1611 3709 1741 3794 quidem
1772 3689 1882 3794 magni

198 3817 297 3882 distet
318 3840 339 3882 a
361 3817 465 3882 Dacia
488 3805 739 3900 mediterranea,
754 3817 895 3882 secunda
911 3818 1089 3882 Pannonia.
1103 3817 1147 3882 Et
1160 3819 1237 3906 quia
1255 3815 1401 3880 homines
1418 3836 1545 3902 semper
1560 3813 1686 3880 bellicis
1710 3815 1881 3881 sudoribus

196 3900 411 4004 inhaerentes,
444 3945 507 3987 non
539 3933 608 3988 erat
624 3921 700 3988 utile
728 3923 923 4008 reipublicae
942 3923 983 3990 ad
1000 3923 1135 4009 primam
1159 3920 1386 3986 Macedoniam
1407 3927 1482 4006 post
1504 3927 1552 3984 tot
1575 3921 1687 4006 spatia,
1712 3927 1881 4006 tantasque

198 4032 294 4093 etiam
318 4027 523 4094 difficultates
547 4030 675 4110 venire;
695 4027 770 4092 ideo
801 4029 1002 4092 necesarium
1032 4025 1126 4093 nobis
1151 4028 1256 4090 visum
1280 4034 1338 4106 est,
1373 4027 1476 4110 ipsam
1506 4024 1741 4110 praefecturam
1765 4025 1806 4088 ad
1830 4047 1881 4090 su·

197 4135 341 4220 periores
364 4143 471 4220 partos
495 4131 631 4216 trahere,
655 4143 691 4198 ut
713 4135 806 4198 iuxta
828 4155 900 4198 cam
936 4133 1123 4218 provinciae
1146 4133 1354 4212 constitutae,
1384 4129 1512 4194 felicius
1544 4131 1685 4194 sentiant
1707 4129 1793 4194 illius
1817 4151 1882 4194 me-

81 4287 84 4294 .
196 4238 347 4304 dicinam.
372 4237 415 4304 Et
436 4237 509 4304 ideo
532 4247 587 4302 tua
606 4237 782 4314 beatitudo,
820 4245 853 4302 et
878 4259 988 4302 omnes
1017 4236 1179 4323 praefatae
1200 4237 1322 4322 primae
1346 4235 1549 4306 Jusrinianae
1576 4237 1771 4304 sacrosancti
1801 4237 1882 4298 anti-

198 4347 299 4426 stites,
333 4343 576 4430 archiepiscopi,
598 4343 739 4408 habeant
770 4345 1028 4429 praerogatiuam
1052 4351 1084 4406 et
1107 4361 1234 4405 omnem
1267 4339 1438 4422 licentiam,
1473 4363 1563 4404 suam
1597 4342 1819 4404 auctoritatem
1842 4342 1882 4404 iis

197 4449 365 4536 impertiri,
390 4457 422 4514 et
444 4469 502 4512 eos
526 4446 685 4530 ordinare,
710 4455 742 4512 et
765 4449 799 4512 in
822 4446 971 4512 omnibus
1005 4447 1231 4532 suprascriptis
1263 4445 1438 4532 provinciis
1467 4446 1604 4531 primam
1636 4443 1755 4508 habere
1778 4443 1881 4528 digni·

198 4566 307 4637 tutem,
336 4575 495 4620 summum
518 4552 744 4634 sacerdotium,
780 4545 940 4616 summum
967 4549 1131 4636 fastigium
1155 4573 1176 4615 a
1197 4560 1253 4616 tua
1276 4551 1351 4616 sede
1388 4558 1551 4632 creentur,
1577 4558 1609 4614 et
1640 4548 1743 4614 solum
1777 4548 1881 4613 archi·

193 4665 387 4750 ,episcopum
419 4657 568 4742 habeant,
604 4657 693 4724 nulla
720 4659 944 4724 communione
975 4655 1114 4722 adeum
1138 4654 1403 4720 thessalonicensi
1437 4657 1589 4742 episeopo
1623 4653 1800 4738 seruanda;
1816 4652 1882 4730 sed

181 4777 234 4834 ,tu
255 4770 334 4852 ipae,
356 4775 388 4832 et
410 4786 522 4851 omnes
544 4766 667 4850 primae
689 4764 890 4831 «lastinianus
923 4763 1093 4844 antistites,
1120 4764 1189 4828 siue
1212 4763 1281 4828 eins
1307 4762 1436 4826 iudices
1472 4771 1504 4826 et
1525 4761 1766 4846 disceptatores,
1791 4759 1882 4846 quid·
1962 4813 1975 4848 Ι,

197 4874 276 4962 quid
299 4873 422 4938 oriatur
444 4873 528 4936 inter
551 4893 606 4936 eos
622 4870 805 4954 discrimen,
821 4870 884 4956 ipsi
898 4867 960 4934 hoc
976 4867 1137 4950 dirimant,
1169 4877 1201 4932 et
1216 4867 1312 4932 finem
1330 4868 1377 4932 eis
1400 4868 1576 4953 imponant,
1596 4875 1628 4929 et
1644 4887 1698 4930 eos
1715 4865 1881 4957 ordinent3

196 4991 229 5047 et
252 5001 313 5044 neo
334 4977 376 5043 ad
399 4977 499 5042 alium
521 4975 694 5062 quemdam
724 4985 824 5058 eatur,
841 4974 898 5040 sed
922 4995 1016 5038 suurn
1032 4981 1210 5057 agnoscant
1232 4970 1524 5057 archi-episcopum
1551 4993 1662 5034 ornnes
1697 4969 1883 5054 praedictae

195 5085 399 5173 provinciae,
424 5091 456 5147 et
479 5082 547 5146 eius
571 5081 711 5146 sentiant
733 5079 943 5160 creationem,
967 5087 999 5143 et
1030 5077 1083 5142 vel
1106 5100 1164 5164 per
1188 5099 1232 5159 se,
1255 5074 1308 5140 vel
1331 5097 1388 5162 per
1419 5097 1510 5140 suam
1551 5074 1794 5156 auctoritatem,
1829 5069 1883 5138 vel

176 5189 335 5264 rclericos
364 5186 555 5270 mittendos,
586 5185 703 5254 haheat
732 5207 861 5252 omnem
887 5191 1096 5272 potestatem,
1130 5201 1322 5267 omnemque
1351 5179 1592 5255 ,sacerdotalem
1632 5199 1819 5260 censuram,
1852 5186 1885 5242 et

194 5295 380 5376 circationis
410 5291 581 5359 licentiam.
613 5289 678 5357 Sed
712 5299 745 5369 et
774 5292 806 5366 in
830 5288 951 5378 ¹Aquis,
983 5311 1066 5376 quae
1098 5296 1147 5352 est
1184 5287 1370 5373 provinciae
1399 5284 1523 5348 Daciae
1556 5283 1716 5368 ripensis,
1740 5283 1883 5376 ordiuapi

196 5399 350 5478 polumus¹
369 5421 390 5478 a
412 5407 468 5476 tua
481 5399 658 5500 *sanctitate
673 5398 869 5483 episcopum,
885 5403 1003 5494 utnon
1023 5394 1058 5458 in
1074 5402 1243 5488 posterum·
1266 5391 1327 5461 sub
1353 5388 1543 5480 Meridiano,
1576 5387 1736 5460 Thraciae
1767 5396 1881 5474 'postpa

1757 5491 1776 5534 a
