4310 5918
914 627 1201 775 Lxxxvlli.
1230 689 1395 776 (2899.

292 879 437 954 Teotmar,
460 885 668 958 eotnoprodski
694 887 867 960 aodbisloap
890 904 910 956 a,
927 889 1057 948 ostolimi
1067 889 1363 963 jutae-njemaelrtmi
1379 891 1498 964 bistups'
1513 889 1673 963 trvreseaje
1687 907 1773 964 papa
1796 891 1896 949 launo
1914 890 1977 952 IX.

290 987 482 1045 aestuosum
511 991 615 1061 stonju
638 991 731 1050 lituos
763 993 917 1064 Poaonije.
950 993 1050 1052 Bruat
1080 1011 1110 1053 se
1134 996 1218 1068 proti
1253 995 1355 1052 osuodr'
1379 993 1552 1068 Stovjeaalr,
1576 1013 1596 1053 a
1618 995 1775 1067 osuudp'ur'c
1794 1011 1845 1054 ove
1862 994 1980 1068 poradi

915 1098 1124 1172 podaptruaju
1147 1099 1325 1173 Muujarau.

1024 1268 1062 1340 (U
1085 1268 1235 1340 izradcih).

448 1457 624 1540 Venerunt,
649 1471 684 1526 ut
706 1465 766 1546 ipsi
791 1463 1043 1549 promulgarunt,
1062 1463 1102 1528 de
1127 1463 1227 1528 latare
1257 1475 1364 1529 vestro
1388 1475 1452 1530 tres
1477 1467 1629 1550 episcopi,
1651 1445 1807 1528 videlicet
1829 1461 1977 1528 Joannes

291 1559 562 1650 archiepiscopus,
585 1567 779 1632 Benedictus
804 1580 835 1632 et
858 1569 976 1632 Daniel
1001 1571 1143 1655 episcopi
1167 1572 1200 1632 in
1224 1581 1341 1632 terram
1367 1569 1556 1634 Sclauorum
1581 1570 1635 1654 qui
1660 1569 1781 1632 Maraei
1815 1567 1976 1645 dicuntur,

290 1686 373 1750 quae
396 1669 528 1752 regibus
552 1675 670 1736 nostris
702 1685 732 1736 et
755 1673 874 1759 populo
912 1687 1028 1754 nostro,
1068 1675 1160 1739 nobis
1196 1698 1333 1761 quoque,
1369 1697 1441 1739 cum
1478 1675 1711 1738 habitatoribus
1747 1679 1815 1736 suis
1841 1672 1979 1736 subacta

292 1767 405 1853 luerat,
430 1784 493 1838 tam
519 1777 551 1840 in
576 1777 663 1842 cultu
687 1777 852 1861 religionis
873 1801 968 1866 quam
993 1803 1033 1844 ex
1056 1780 1175 1842 tributo
1194 1778 1392 1844 substantiae
1410 1779 1592 1859 saecularis,
1612 1781 1687 1864 quia
1703 1781 1821 1842 exinde
1836 1779 1976 1863 primum

290 1873 404 1940 imbuti
429 1889 460 1942 et
483 1903 526 1944 ex
550 1885 684 1966 paganis
709 1883 873 1948 christiani
898 1885 972 1947 sun't
996 1884 1081 1949 facti.
1108 1922 1674 1933 ——————————

445 1983 540 2049 Nunc
564 2009 651 2066 vero,
687 1989 773 2073 quod
808 1989 901 2052 nobis
936 2011 1036 2072 graue
1072 1989 1200 2052 videtur
1234 1999 1266 2052 et
1299 1989 1497 2070 incredibile,
1522 1993 1554 2053 in
1577 1992 1811 2052 incrementum
1836 1987 1977 2050 iniuriae

291 2083 444 2167 iactitant,
477 2112 510 2151 se
534 2092 754 2176 magnitudine
781 2097 937 2178 pecuniae
962 2093 994 2156 id
1019 2095 1133 2178 egisse,
1172 2093 1279 2179 qualia
1302 2095 1342 2158 de
1374 2093 1429 2158 illa
1463 2095 1671 2180 (patauiensi)
1707 2093 1783 2156 sede
1808 2113 1976 2176 nunquam
2076 2141 2080 2146 .

288 2189 472 2275 audiuimus
496 2195 613 2276 exisse,
637 2219 742 2282 neque
768 2221 926 2262 canonum
955 2199 1084 2262 decreta
1109 2197 1141 2260 id
1166 2200 1324 2281 sanxisse,
1349 2209 1384 2262 ut
1408 2208 1530 2262 tautum
1556 2198 1696 2261 schisma
1721 2221 1786 2261 una
1810 2206 1977 2282 pateretur

289 2293 434 2358 ecclesia.
457 2296 517 2360 Est
540 2301 623 2386 enirn
650 2324 731 2365 unus
755 2305 960 2388 episcopatus
977 2304 1008 2365 in
1025 2305 1167 2388 quinque
1189 2303 1312 2366 diuisus
1350 2303 1509 2368 Intrantes
1534 2307 1618 2367 enirn
1646 2303 1803 2389 praedicti
1826 2303 1973 2388 episcopi

289 2400 321 2462 in
348 2405 476 2466 nomine
501 2416 619 2486 vestro,
641 2417 676 2470 ut
699 2409 760 2492 ipsi
778 2408 939 2490 dixerunt,
957 2406 1187 2472 ordinauerunt
1210 2411 1242 2471 in
1267 2431 1329 2472 uno
1347 2409 1524 2494 eodemque
1542 2413 1729 2494 episcopatu
1753 2429 1851 2472 unum
1869 2405 1978 2471 archi-

288 2505 474 2591 episcopum
500 2559 506 2573 .
533 2557 541 2572 .
567 2558 574 2573 .
600 2521 632 2575 et
654 2521 718 2575 tres
742 2513 963 2596 suffraganeos
987 2515 1056 2577 eius
1080 2515 1258 2598 episcopos,
1284 2513 1406 2599 absque
1431 2500 1566 2578 scientia
1587 2514 1824 2599 archiepiscopi
1861 2510 1974 2592 (salis-

290 2607 474 2696 burgensis)
499 2624 530 2678 et
553 2637 712 2680 consensu
736 2621 880 2704 episcopi
905 2618 1130 2705 (patauiensis)
1156 2621 1188 2682 in
1213 2620 1304 2682 cuius
1327 2617 1415 2683 fuere
1439 2619 1589 2684 dioecesi.
1607 2656 1650 2666 -
1666 2657 1702 2666 —
1719 2655 1761 2667 —

445 2745 642 2811 Antecessor
665 2760 771 2813 vester
787 2749 1001 2814 Zuentibaldo
1024 2751 1106 2814 duce
1131 2754 1309 2838 imperante
1334 2729 1757 2834 vichingum‘eonsecrauir
1781 2752 1972 2836 episcopum

293 2855 325 2910 et
348 2869 549 2934 nequaquam
576 2855 608 2915 in
633 2851 722 2916 illum
747 2857 914 2942 antiquum
938 2859 1157 2941 patauiensem
1194 2858 1413 2942 episcopatum
1439 2857 1623 2935 transmisit,
1659 2856 1716 2920 sed
1742 2857 1773 2918 in
1798 2853 1995 2940 quamdam,

295 2949 489 3038 neophytam
514 2966 653 3039 gentem,
678 2981 773 3044 quam
792 2962 860 3044 ipse
889 2960 957 3023 dux
988 2961 1111 3024 domuit
1130 2959 1224 3042 bello,
1249 2970 1346 3024 etex
1373 2961 1507 3046 paganis
1523 2959 1715 3024 christianos
1739 2982 1811 3024 esse
1836 2961 1976 3044 parauit.

291 3053 373 3120 (ium
397 3067 503 3122 autem
527 3059 648 3126 eisdem
674 3062 799 3128 Sclauis
823 3063 912 3128 locus
936 3065 1163 3128 familiaritatis
1190 3065 1275 3149 apud
1300 3065 1422 3150 legatos
1447 3076 1572 3130 vestros
1599 3065 1747 3146 dabatur,
1772 3065 1978 3128 accusabant

290 3183 348 3224 nos
372 3176 403 3226 et
426 3163 637 3230 diffamabant
660 3170 692 3230 in
717 3166 825 3232 multis
850 3180 881 3232 et
905 3170 1014 3234 verbis
1045 3169 1252 3234 mendacibus
1275 3168 1447 3252 instabant,
1465 3171 1541 3256 quia
1558 3173 1651 3235 nemo
1669 3172 1714 3234 eis
1739 3189 1817 3233 vera
1841 3191 1974 3254 respon·

287 3265 394 3350 debat,
418 3269 571 3351 dicentes,
596 3295 654 3335 nos
678 3281 710 3336 et
734 3295 806 3339 oum
830 3273 965 3338 Francis
990 3284 1022 3338 et
1040 3273 1230 3339 Alemannis
1255 3274 1439 3339 scandalum
1466 3286 1498 3340 et
1520 3275 1714 3340 discordiam
1739 3274 1902 3338 habuisse.
1932 3309 1978 3319 —

446 3391 542 3471 Quod
567 3416 625 3456 nos
648 3395 804 3480 praedicti
828 3395 936 3460 Sclaui
961 3397 1214 3460 criminabantur
1238 3420 1308 3461 cum
1334 3398 1471 3480 Vngaris
1494 3397 1591 3462 fidem
1616 3397 1804 3464 catholicam
1830 3395 1974 3461 violasse

179 3551 187 3566 ,
288 3504 319 3557 et
343 3518 400 3579 per
424 3517 536 3561 canem
562 3522 618 3563 seu
643 3499 762 3585 lupum,
787 3500 931 3587 aliasque
969 3502 1217 3566 nefandissimas
1241 3512 1273 3566 et
1296 3501 1440 3566 ethnicas
1471 3525 1524 3566 res
1558 3513 1762 3567 sacramenta
1793 3511 1825 3566 et
1859 3521 1973 3588 pacem

288 3602 404 3682 egisse,
426 3614 522 3688 atque
546 3613 581 3667 ut
604 3606 636 3667 in
653 3604 778 3668 Italiam
796 3608 979 3688 transirent,
998 3609 1167 3692 pecuniam
1185 3606 1330 3688 dedisse3
1357 3609 1382 3671 si
1407 3607 1499 3670 robis
1523 3630 1630 3672 coram
1655 3609 1759 3693 posito
1782 3610 1865 3671 ratio
1887 3608 1974 3670 inter

288 3728 348 3790 nos
369 3709 546 3790 agitaretur
569 3711 762 3798 antedeum
787 3713 840 3798 qui
878 3723 993 3776 cuncta
1018 3714 1116 3790 nouit,
1141 3721 1314 3796 antequam
1332 3712 1420 3791 fiant,
1444 3723 1476 3776 et
1506 3735 1613 3776 coram
1639 3711 1741 3792 vobis,
1774 3714 1829 3796 qui
1862 3713 1969 3776 vicem

288 3811 356 3873 eius
380 3812 591 3896 apostolicam
615 3818 741 3896 tenetis,
761 3819 871 3880 eorum
907 3817 1031 3881 falsitas
1057 3817 1315 3881 manifestaretur
1347 3827 1377 3880 et
1411 3829 1520 3881 nostra
1551 3819 1735 3882 innocentia
1767 3816 1971 3902 probaretur.

289 3914 374 3994 Quia
394 3917 478 3980 enim
504 3918 686 3984 christianis
711 3923 837 4003 nostris,
862 3921 957 4006 longe
987 3945 1007 3984 a
1030 3922 1122 3986 nobis
1147 3924 1258 4007 positis
1282 3943 1408 4006 semper
1432 3923 1651 4004 imminebant,
1684 3931 1716 3986 et
1747 3923 1974 4008 persecutione

287 4021 375 4104 ipsos
400 4024 499 4086 nimia
523 4023 722 4108 affligebant,
747 4026 939 4090 donauimus
957 4026 1019 4090 illis
1036 4026 1154 4090 nullius
1172 4029 1331 4112 pretiosae
1347 4029 1503 4111 pecuniae
1526 4025 1750 4110 substantiam,
1768 4027 1824 4090 sed
1842 4037 1969 4090 tantum

261 4187 267 4210 ,
289 4135 398 4190 nostra
423 4127 733 4212 linearestimenta,
758 4144 916 4218 quatenus
940 4155 1050 4198 eorum
1073 4132 1232 4196 feritatem
1255 4131 1457 4216 aliquatenus
1478 4131 1686 4196 molliremus.
1707 4170 1746 4179 -
1772 4169 1814 4180 -
1839 4169 1879 4178 -

446 4251 512 4336 Ipsi
535 4254 619 4316 enim
645 4255 775 4335 crimen,
811 4255 897 4340 quod
921 4279 940 4318 a
964 4254 1056 4318 nobis
1088 4253 1168 4316 false
1199 4253 1298 4317 semel
1333 4254 1452 4318 factum
1487 4256 1716 4339 imposuerunt,
1741 4253 1850 4318 multis
1874 4256 1970 4318 annis

289 4367 493 4440 peregerunt.
518 4357 585 4442 ipsi
609 4358 747 4444 (Sclaui)
773 4358 1009 4422 multitudinem
1038 4358 1240 4441 Ungarorum
1274 4378 1336 4422 non
1362 4359 1519 4432 modicam
1551 4359 1592 4422 ad
1628 4382 1663 4423 se
1694 4369 1912 4445 sumpserunt,
1937 4370 1972 4424 et

288 4482 376 4524 more
410 4485 520 4526 eorum
559 4466 665 4548 capita
702 4486 832 4527 suorum
868 4463 1239 4548 pseudochristianorum
1274 4465 1400 4549 penitus
1435 4463 1670 4543 detonderunt]
1706 4475 1738 4528 et
1772 4487 1870 4550 super
1904 4487 1965 4528 nos

289 4564 481 4630 christianos
505 4570 716 4649 immiserunt,
741 4579 837 4654 atque
868 4571 928 4653 ipsi
954 4577 1220 4654 superuenerunt,
1245 4579 1276 4631 et
1298 4567 1378 4632 alios
1401 4570 1547 4652 captiuos
1580 4568 1750 4649 drixerunt,
1783 4569 1865 4633 alios
1889 4571 1973 4634 ocei-

290 4670 414 4752 derunt,
440 4671 520 4737 alios
545 4673 647 4738 ferina
673 4696 837 4738 carcerum
875 4673 959 4736 fame
983 4681 1015 4736 et
1046 4674 1096 4736 siti
1130 4673 1347 4757 perdiderunt,
1383 4673 1566 4736 innumeros
1598 4695 1675 4736 vero
1708 4672 1805 4736 exilio
1838 4673 1972 4758 deputa·

289 4785 423 4856 uerunt3
449 4787 480 4840 et
504 4777 628 4841 nobiles
652 4781 740 4842 viros
774 4799 813 4841 ac
844 4777 996 4841 honestas
1016 4775 1179 4852 ‚mulieres
1211 4778 1242 4839 in
1274 4779 1452 4840 seruitium·
1473 4777 1676 4862 redegerunt,
1709 4781 1764 4856 ita,
1788 4787 1824 4842 ut
1848 4780 1879 4840 in
1905 4788 1975 4842 tota

291 4879 467 4964 Pannonia,
489 4893 598 4946 nostra
622 4885 764 4947 maxima
790 4884 965 4967 prouincia,
990 4893 1110 4944 tantum
1137 4904 1197 4944 una
1233 4903 1294 4944 non
1317 4893 1471 4966 appareat
1495 4881 1761 4968 ecelesia‚.pr0ut
1784 4884 1929 4968 episcopi
1954 4907 1975 4947 a

290 4985 383 5050 vobis
407 4986 567 5067 destinati,
589 4989 616 5051 si
633 4987 726 5052 fateri
747 4987 857 5067 velint,
880 5009 1031 5050 enarrare
1050 4995 1192 5070 possunt,
1209 4967 1345 5071 quantos
1362 4986 1430 5050 dies
1448 4989 1653 5067 transierunt,
1677 4997 1709 5051 et
1731 4996 1831 5051 totam
1850 4997 1972 5052 terram

290 5089 465 5155 desolatam
492 5092 650 5156 viderunt.
678 5092 816 5172 Quando
849 5115 925 5156 vero
949 5082 1099 5175 Ungalos
1131 5091 1416 5154 Italiamtintrasse
1452 5093 1676 5176 comperimus,
1709 5092 1873 5177 pacificari
1898 5115 1974 5155 cum

290 5193 410 5258 eisdem
431 5195 565 5278 Sclauis,
605 5207 684 5261 teste
720 5197 789 5276 deo,
816 5196 949 5261 multum
986 5195 1503 5279 desiderauimus,'promittentes
1527 5197 1573 5259 eis
1596 5206 1739 5292 propter⁸
1751 5197 1846 5260 deum
1872 5200 1976 5262 omni·

291 5309 463 5385 potantem,
499 5302 538 5364 ad
574 5301 751 5386 perfectum
786 5303 953 5388 indulgere
986 5303 1092 5364 omnia
1125 5301 1217 5382 mala,
1248 5310 1356 5364 contra
1389 5321 1447 5362 nos
1471 5309 1659 5385 nostrasque
1691 5310 1771 5380 aeta,
1806 5310 1837 5366 et
1865 5295 1979 5366 omnia
