<?xml version="1.0" encoding="UTF-8"?>
<!DOCTYPE html PUBLIC "-//W3C//DTD XHTML 1.0 Transitional//EN"
    "http://www.w3.org/TR/xhtml1/DTD/xhtml1-transitional.dtd">
<html xmlns="http://www.w3.org/1999/xhtml" xml:lang="en" lang="en">
 <head>
  <title>
</title>
<meta http-equiv="Content-Type" content="text/html;charset=utf-8" />
  <meta name='ocr-system' content='tesseract 3.04.00' />
  <meta name='ocr-capabilities' content='ocr_page ocr_carea ocr_par ocr_line ocrx_word'/>
</head>
<body>
  <div class='ocr_page' id='page_1' title='image "./codexdiplomatic00unkngoog_0093.png"; bbox 0 0 4350 5932; ppageno 0'>
   <div class='ocr_carea' id='block_1_1' title="bbox 1790 441 1834 506">
    <p class='ocr_par' dir='ltr' id='par_1_1' title="bbox 1790 441 1834 506">
     <span class='ocr_line' id='line_1_1' title="bbox 1790 441 1834 506; baseline 0.023 -1"><span class='ocrx_word' id='word_1_1' title='bbox 1790 441 1834 506; x_wconf 81' lang='lat'><strong>53</strong></span> 
     </span>
    </p>
   </div>
   <div class='ocr_carea' id='block_1_2' title="bbox 677 521 691 554">
    <p class='ocr_par' dir='ltr' id='par_1_2' title="bbox 677 521 691 554">
     <span class='ocr_line' id='line_1_2' title="bbox 677 521 691 554; baseline 0 0"><span class='ocrx_word' id='word_1_2' title='bbox 677 521 691 554; x_wconf 84' lang='lat' dir='ltr'><strong>l</strong></span> 
     </span>
    </p>
   </div>
   <div class='ocr_carea' id='block_1_3' title="bbox 147 631 1826 724">
    <p class='ocr_par' dir='ltr' id='par_1_3' title="bbox 147 631 1826 724">
     <span class='ocr_line' id='line_1_3' title="bbox 147 631 1826 724; baseline 0.001 -26"><span class='ocrx_word' id='word_1_3' title='bbox 147 641 322 720; x_wconf 83' lang='lat' dir='ltr'><strong>praecepta</strong></span> <span class='ocrx_word' id='word_1_4' title='bbox 342 632 454 703; x_wconf 85' lang='lat' dir='ltr'><strong>diuina</strong></span> <span class='ocrx_word' id='word_1_5' title='bbox 477 631 618 702; x_wconf 83' lang='lat' dir='ltr'><strong>discatis.</strong></span> <span class='ocrx_word' id='word_1_6' title='bbox 648 631 744 702; x_wconf 85' lang='lat' dir='ltr'><strong>Hunc</strong></span> <span class='ocrx_word' id='word_1_7' title='bbox 768 654 866 700; x_wconf 90' lang='lat' dir='ltr'><strong>uuum</strong></span> <span class='ocrx_word' id='word_1_8' title='bbox 890 639 1171 716; x_wconf 87' lang='lat' dir='ltr'><strong>seruatemorem,</strong></span> <span class='ocrx_word' id='word_1_9' title='bbox 1196 633 1287 698; x_wconf 90' lang='lat' dir='ltr'><strong>utin</strong></span> <span class='ocrx_word' id='word_1_10' title='bbox 1315 633 1413 698; x_wconf 90' lang='lat' dir='ltr'><strong>missa</strong></span> <span class='ocrx_word' id='word_1_11' title='bbox 1437 635 1574 724; x_wconf 89' lang='lat' dir='ltr'><strong>primum</strong></span> <span class='ocrx_word' id='word_1_12' title='bbox 1608 633 1717 719; x_wconf 86' lang='lat' dir='ltr'><strong>legant</strong></span> <span class='ocrx_word' id='word_1_13' title='bbox 1751 655 1826 723; x_wconf 89' lang='lat' dir='ltr'><strong>apo·</strong></span> 
     </span>
    </p>
   </div>
   <div class='ocr_carea' id='block_1_4' title="bbox 28 737 1827 826">
    <p class='ocr_par' dir='ltr' id='par_1_4' title="bbox 28 737 1827 826">
     <span class='ocr_line' id='line_1_4' title="bbox 28 737 1827 826; baseline 0.001 -22"><span class='ocrx_word' id='word_1_14' title='bbox 28 811 29 814; x_wconf 11' lang='lat'>¹</span> <span class='ocrx_word' id='word_1_15' title='bbox 147 738 265 804; x_wconf 89' lang='lat' dir='ltr'><strong>stolum</strong></span> <span class='ocrx_word' id='word_1_16' title='bbox 290 747 323 826; x_wconf 87' lang='lat' dir='ltr'><strong>et</strong></span> <span class='ocrx_word' id='word_1_17' title='bbox 346 738 549 826; x_wconf 83' lang='lat' dir='ltr'><strong>euangelium</strong></span> <span class='ocrx_word' id='word_1_18' title='bbox 583 737 693 824; x_wconf 88' lang='lat' dir='ltr'><strong>lingua</strong></span> <span class='ocrx_word' id='word_1_19' title='bbox 716 759 858 821; x_wconf 90' lang='lat' dir='ltr'><strong>romana,</strong></span> <span class='ocrx_word' id='word_1_20' title='bbox 888 737 962 804; x_wconf 88' lang='lat' dir='ltr'><strong>dein</strong></span> <span class='ocrx_word' id='word_1_21' title='bbox 996 737 1168 819; x_wconf 87' lang='lat' dir='ltr'><strong>sloueniea,</strong></span> <span class='ocrx_word' id='word_1_22' title='bbox 1198 746 1233 802; x_wconf 90' lang='lat' dir='ltr'><strong>ut</strong></span> <span class='ocrx_word' id='word_1_23' title='bbox 1264 737 1433 824; x_wconf 83' lang='lat' dir='ltr'>expleatur</span> <span class='ocrx_word' id='word_1_24' title='bbox 1461 738 1598 806; x_wconf 88' lang='lat' dir='ltr'><strong>verbum</strong></span> <span class='ocrx_word' id='word_1_25' title='bbox 1629 741 1827 826; x_wconf 79' lang='lat' dir='ltr'><strong>scripturae:</strong></span> 
     </span>
    </p>
   </div>
   <div class='ocr_carea' id='block_1_5' title="bbox 144 841 1833 1662">
    <p class='ocr_par' dir='ltr' id='par_1_5' title="bbox 144 841 1833 1662">
     <span class='ocr_line' id='line_1_5' title="bbox 146 841 1832 930; baseline 0.001 -21"><span class='ocrx_word' id='word_1_26' title='bbox 146 843 296 910; x_wconf 80' lang='lat' dir='ltr'><strong>Laudato</strong></span> <span class='ocrx_word' id='word_1_27' title='bbox 320 844 484 909; x_wconf 90' lang='lat' dir='ltr'><strong>dominum</strong></span> <span class='ocrx_word' id='word_1_28' title='bbox 509 865 620 908; x_wconf 90' lang='lat' dir='ltr'><strong>omnes</strong></span> <span class='ocrx_word' id='word_1_29' title='bbox 643 851 765 930; x_wconf 83' lang='lat' dir='ltr'>gentes,</span> <span class='ocrx_word' id='word_1_30' title='bbox 783 853 879 929; x_wconf 91' lang='lat' dir='ltr'><strong>atque</strong></span> <span class='ocrx_word' id='word_1_31' title='bbox 895 842 958 908; x_wconf 89' lang='lat' dir='ltr'><strong>alio</strong></span> <span class='ocrx_word' id='word_1_32' title='bbox 975 842 1061 908; x_wconf 92' lang='lat' dir='ltr'><strong>loco:</strong></span> <span class='ocrx_word' id='word_1_33' title='bbox 1079 841 1201 910; x_wconf 85' lang='lat' dir='ltr'>Omnes</span> <span class='ocrx_word' id='word_1_34' title='bbox 1217 842 1387 930; x_wconf 91' lang='lat' dir='ltr'><strong>loquentur</strong></span> <span class='ocrx_word' id='word_1_35' title='bbox 1410 846 1509 910; x_wconf 86' lang='lat' dir='ltr'><strong>variis</strong></span> <span class='ocrx_word' id='word_1_36' title='bbox 1534 845 1653 930; x_wconf 90' lang='lat' dir='ltr'><strong>linguis</strong></span> <span class='ocrx_word' id='word_1_37' title='bbox 1671 843 1832 930; x_wconf 77' lang='lat' dir='ltr'><strong>magnalia</strong></span> 
     </span>
     <span class='ocr_line' id='line_1_6' title="bbox 145 947 1832 1036; baseline -0.002 -20"><span class='ocrx_word' id='word_1_38' title='bbox 145 948 208 1032; x_wconf 90' lang='lat' dir='ltr'><strong>dei,</strong></span> <span class='ocrx_word' id='word_1_39' title='bbox 245 957 342 1036; x_wconf 91' lang='lat' dir='ltr'><strong>prout</strong></span> <span class='ocrx_word' id='word_1_40' title='bbox 365 951 496 1036; x_wconf 86' lang='lat' dir='ltr'><strong>spiritus</strong></span> <span class='ocrx_word' id='word_1_41' title='bbox 517 958 646 1014; x_wconf 87' lang='lat' dir='ltr'><strong>sanctus</strong></span> <span class='ocrx_word' id='word_1_42' title='bbox 667 947 766 1014; x_wconf 88' lang='lat' dir='ltr'><strong>dabat</strong></span> <span class='ocrx_word' id='word_1_43' title='bbox 789 947 876 1036; x_wconf 93' lang='lat' dir='ltr'><strong>loqui</strong></span> <span class='ocrx_word' id='word_1_44' title='bbox 901 948 975 1014; x_wconf 90' lang='lat' dir='ltr'><strong>illis.</strong></span> <span class='ocrx_word' id='word_1_45' title='bbox 1000 947 1034 1013; x_wconf 90' lang='lat' dir='ltr'><strong>Si</strong></span> <span class='ocrx_word' id='word_1_46' title='bbox 1058 950 1231 1036; x_wconf 80' lang='lat' dir='ltr'><strong>quievero</strong></span> <span class='ocrx_word' id='word_1_47' title='bbox 1256 971 1298 1014; x_wconf 83' lang='lat' dir='ltr'><strong>ex</strong></span> <span class='ocrx_word' id='word_1_48' title='bbox 1322 949 1507 1016; x_wconf 88' lang='lat' dir='ltr'><strong>doctoribus</strong></span> <span class='ocrx_word' id='word_1_49' title='bbox 1532 951 1626 1014; x_wconf 90' lang='lat' dir='ltr'><strong>vobis</strong></span> <span class='ocrx_word' id='word_1_50' title='bbox 1651 949 1832 1032; x_wconf 89' lang='lat' dir='ltr'><strong>destinatis,</strong></span> 
     </span>
     <span class='ocr_line' id='line_1_7' title="bbox 146 1052 1831 1143; baseline 0.001 -26"><span class='ocrx_word' id='word_1_51' title='bbox 146 1061 178 1118; x_wconf 92' lang='lat' dir='ltr'><strong>et</strong></span> <span class='ocrx_word' id='word_1_52' title='bbox 201 1075 244 1116; x_wconf 86' lang='lat' dir='ltr'><strong>ex</strong></span> <span class='ocrx_word' id='word_1_53' title='bbox 272 1052 439 1143; x_wconf 78' lang='lat' dir='ltr'><strong>discipulis</strong></span> <span class='ocrx_word' id='word_1_54' title='bbox 463 1053 601 1139; x_wconf 83' lang='lat' dir='ltr'><strong>(eorum)</strong></span> <span class='ocrx_word' id='word_1_55' title='bbox 624 1074 717 1117; x_wconf 90' lang='lat' dir='ltr'><strong>aures</strong></span> <span class='ocrx_word' id='word_1_56' title='bbox 739 1075 813 1116; x_wconf 89' lang='lat' dir='ltr'><strong>suas</strong></span> <span class='ocrx_word' id='word_1_57' title='bbox 838 1077 856 1116; x_wconf 92' lang='lat' dir='ltr'><strong>a</strong></span> <span class='ocrx_word' id='word_1_58' title='bbox 879 1055 1014 1118; x_wconf 84' lang='lat' dir='ltr'><strong>veritate</strong></span> <span class='ocrx_word' id='word_1_59' title='bbox 1031 1053 1260 1134; x_wconf 88' lang='lat' dir='ltr'><strong>auertentibus,</strong></span> <span class='ocrx_word' id='word_1_60' title='bbox 1289 1077 1386 1118; x_wconf 86' lang='lat' dir='ltr'><strong>ausus</strong></span> <span class='ocrx_word' id='word_1_61' title='bbox 1402 1054 1500 1118; x_wconf 88' lang='lat' dir='ltr'><strong>fuerit</strong></span> <span class='ocrx_word' id='word_1_62' title='bbox 1516 1054 1609 1120; x_wconf 89' lang='lat' dir='ltr'><strong>aliter</strong></span> <span class='ocrx_word' id='word_1_63' title='bbox 1634 1053 1831 1142; x_wconf 87' lang='lat' dir='ltr'><strong>persuadere</strong></span> 
     </span>
     <span class='ocr_line' id='line_1_8' title="bbox 144 1155 1833 1244; baseline 0.001 -22"><span class='ocrx_word' id='word_1_64' title='bbox 144 1157 250 1238; x_wconf 82' lang='lat' dir='ltr'><strong>vobis,</strong></span> <span class='ocrx_word' id='word_1_65' title='bbox 277 1159 463 1244; x_wconf 90' lang='lat' dir='ltr'><strong>vituperans</strong></span> <span class='ocrx_word' id='word_1_66' title='bbox 487 1157 586 1222; x_wconf 82' lang='lat' dir='ltr'><strong>libros</strong></span> <span class='ocrx_word' id='word_1_67' title='bbox 614 1155 742 1240; x_wconf 82' lang='lat' dir='ltr'><strong>linguae</strong></span> <span class='ocrx_word' id='word_1_68' title='bbox 760 1166 897 1240; x_wconf 88' lang='lat' dir='ltr'><strong>vestrae,</strong></span> <span class='ocrx_word' id='word_1_69' title='bbox 915 1159 958 1223; x_wconf 86' lang='lat' dir='ltr'><strong>sit</strong></span> <span class='ocrx_word' id='word_1_70' title='bbox 974 1160 1283 1238; x_wconf 85' lang='lat' dir='ltr'><strong>excommunicatus,</strong></span> <span class='ocrx_word' id='word_1_71' title='bbox 1312 1159 1369 1224; x_wconf 89' lang='lat' dir='ltr'><strong>sed</strong></span> <span class='ocrx_word' id='word_1_72' title='bbox 1392 1167 1515 1224; x_wconf 87' lang='lat' dir='ltr'><strong>tantum</strong></span> <span class='ocrx_word' id='word_1_73' title='bbox 1541 1161 1574 1224; x_wconf 90' lang='lat' dir='ltr'><strong>in</strong></span> <span class='ocrx_word' id='word_1_74' title='bbox 1601 1159 1754 1224; x_wconf 87' lang='lat' dir='ltr'><strong>iudicium</strong></span> <span class='ocrx_word' id='word_1_75' title='bbox 1779 1159 1833 1224; x_wconf 87' lang='lat' dir='ltr'><strong>de·</strong></span> 
     </span>
     <span class='ocr_line' id='line_1_9' title="bbox 144 1261 1832 1350; baseline 0.001 -24"><span class='ocrx_word' id='word_1_76' title='bbox 144 1270 197 1328; x_wconf 90' lang='lat' dir='ltr'><strong>tur</strong></span> <span class='ocrx_word' id='word_1_77' title='bbox 221 1261 389 1342; x_wconf 83' lang='lat' dir='ltr'><strong>ecclesiae,</strong></span> <span class='ocrx_word' id='word_1_78' title='bbox 414 1261 516 1327; x_wconf 90' lang='lat' dir='ltr'><strong>donec</strong></span> <span class='ocrx_word' id='word_1_79' title='bbox 540 1285 574 1326; x_wconf 88' lang='lat' dir='ltr'><strong>se</strong></span> <span class='ocrx_word' id='word_1_80' title='bbox 596 1264 790 1342; x_wconf 84' lang='lat' dir='ltr'><strong>correxerit3</strong></span> <span class='ocrx_word' id='word_1_81' title='bbox 815 1264 867 1326; x_wconf 91' lang='lat' dir='ltr'><strong>isti</strong></span> <span class='ocrx_word' id='word_1_82' title='bbox 895 1265 979 1328; x_wconf 89' lang='lat' dir='ltr'><strong>euim</strong></span> <span class='ocrx_word' id='word_1_83' title='bbox 997 1273 1071 1328; x_wconf 89' lang='lat' dir='ltr'><strong>sunt</strong></span> <span class='ocrx_word' id='word_1_84' title='bbox 1094 1261 1160 1348; x_wconf 93' lang='lat' dir='ltr'><strong>lupi</strong></span> <span class='ocrx_word' id='word_1_85' title='bbox 1185 1273 1216 1328; x_wconf 88' lang='lat' dir='ltr'><strong>et</strong></span> <span class='ocrx_word' id='word_1_86' title='bbox 1240 1287 1302 1328; x_wconf 90' lang='lat' dir='ltr'><strong>non</strong></span> <span class='ocrx_word' id='word_1_87' title='bbox 1329 1285 1427 1340; x_wconf 89' lang='lat' dir='ltr'><strong>oues,</strong></span> <span class='ocrx_word' id='word_1_88' title='bbox 1452 1286 1533 1350; x_wconf 89' lang='lat' dir='ltr'><strong>quos</strong></span> <span class='ocrx_word' id='word_1_89' title='bbox 1556 1275 1682 1350; x_wconf 87' lang='lat' dir='ltr'><strong>oportet</strong></span> <span class='ocrx_word' id='word_1_90' title='bbox 1707 1287 1726 1328; x_wconf 87' lang='lat' dir='ltr'><strong>a</strong></span> <span class='ocrx_word' id='word_1_91' title='bbox 1749 1264 1832 1328; x_wconf 85' lang='lat' dir='ltr'><strong>fruc-</strong></span> 
     </span>
     <span class='ocr_line' id='line_1_10' title="bbox 144 1365 1832 1458; baseline 0.002 -28"><span class='ocrx_word' id='word_1_92' title='bbox 144 1365 231 1430; x_wconf 90' lang='lat' dir='ltr'><strong>tibus</strong></span> <span class='ocrx_word' id='word_1_93' title='bbox 257 1387 368 1433; x_wconf 84' lang='lat' dir='ltr'><strong>eorum</strong></span> <span class='ocrx_word' id='word_1_94' title='bbox 392 1387 597 1452; x_wconf 74' lang='lat' dir='ltr'><strong>cognoscere,</strong></span> <span class='ocrx_word' id='word_1_95' title='bbox 616 1375 647 1432; x_wconf 93' lang='lat' dir='ltr'><strong>et</strong></span> <span class='ocrx_word' id='word_1_96' title='bbox 670 1389 785 1432; x_wconf 87' lang='lat' dir='ltr'><strong>cauere</strong></span> <span class='ocrx_word' id='word_1_97' title='bbox 802 1366 843 1432; x_wconf 91' lang='lat' dir='ltr'><strong>ab</strong></span> <span class='ocrx_word' id='word_1_98' title='bbox 867 1366 938 1432; x_wconf 90' lang='lat' dir='ltr'><strong>illis.</strong></span> <span class='ocrx_word' id='word_1_99' title='bbox 957 1367 1024 1432; x_wconf 91' lang='lat' dir='ltr'><strong>Vos</strong></span> <span class='ocrx_word' id='word_1_100' title='bbox 1041 1378 1147 1434; x_wconf 89' lang='lat' dir='ltr'><strong>autem</strong></span> <span class='ocrx_word' id='word_1_101' title='bbox 1165 1367 1221 1436; x_wconf 91' lang='lat' dir='ltr'><strong>filii</strong></span> <span class='ocrx_word' id='word_1_102' title='bbox 1245 1367 1420 1434; x_wconf 83' lang='lat' dir='ltr'><strong>carissimi!</strong></span> <span class='ocrx_word' id='word_1_103' title='bbox 1441 1369 1550 1436; x_wconf 91' lang='lat' dir='ltr'><strong>audite</strong></span> <span class='ocrx_word' id='word_1_104' title='bbox 1576 1379 1746 1458; x_wconf 88' lang='lat' dir='ltr'><strong>praecepta</strong></span> <span class='ocrx_word' id='word_1_105' title='bbox 1770 1369 1832 1450; x_wconf 84' lang='lat' dir='ltr'><strong>dei,</strong></span> 
     </span>
     <span class='ocr_line' id='line_1_11' title="bbox 146 1471 1830 1562; baseline 0.001 -26"><span class='ocrx_word' id='word_1_106' title='bbox 146 1492 228 1536; x_wconf 86' lang='lat' dir='ltr'><strong>oeus</strong></span> <span class='ocrx_word' id='word_1_107' title='bbox 252 1471 420 1558; x_wconf 89' lang='lat' dir='ltr'><strong>repudiate</strong></span> <span class='ocrx_word' id='word_1_108' title='bbox 453 1473 690 1546; x_wconf 52' lang='lat' dir='ltr'><strong>institutionem,</strong></span> <span class='ocrx_word' id='word_1_109' title='bbox 709 1471 875 1554; x_wconf 90' lang='lat' dir='ltr'><strong>ecclesiae,</strong></span> <span class='ocrx_word' id='word_1_110' title='bbox 906 1482 941 1538; x_wconf 89' lang='lat' dir='ltr'><strong>ut</strong></span> <span class='ocrx_word' id='word_1_111' title='bbox 963 1474 1171 1540; x_wconf 88' lang='lat' dir='ltr'><strong>inueniamini</strong></span> <span class='ocrx_word' id='word_1_112' title='bbox 1195 1475 1264 1538; x_wconf 91' lang='lat' dir='ltr'><strong>veri</strong></span> <span class='ocrx_word' id='word_1_113' title='bbox 1297 1473 1483 1540; x_wconf 78' lang='lat' dir='ltr'><strong>adoratores</strong></span> <span class='ocrx_word' id='word_1_114' title='bbox 1515 1474 1567 1540; x_wconf 91' lang='lat' dir='ltr'><strong>dei</strong></span> <span class='ocrx_word' id='word_1_115' title='bbox 1598 1476 1697 1562; x_wconf 88' lang='lat' dir='ltr'><strong>patris</strong></span> <span class='ocrx_word' id='word_1_116' title='bbox 1729 1477 1830 1540; x_wconf 92' lang='lat' dir='ltr'><strong>nostri</strong></span> 
     </span>
     <span class='ocr_line' id='line_1_12' title="bbox 148 1573 940 1662; baseline 0.005 -24"><span class='ocrx_word' id='word_1_117' title='bbox 148 1573 297 1650; x_wconf 84' lang='lat' dir='ltr'><strong>coelestis</strong></span> <span class='ocrx_word' id='word_1_118' title='bbox 321 1585 418 1662; x_wconf 89' lang='lat' dir='ltr'><strong>atque</strong></span> <span class='ocrx_word' id='word_1_119' title='bbox 440 1577 582 1640; x_wconf 87' lang='lat' dir='ltr'><strong>omnium</strong></span> <span class='ocrx_word' id='word_1_120' title='bbox 608 1586 800 1642; x_wconf 87' lang='lat' dir='ltr'><strong>sanctorum.</strong></span> <span class='ocrx_word' id='word_1_121' title='bbox 825 1575 940 1644; x_wconf 88' lang='lat' dir='ltr'><strong>Amen.</strong></span> 
     </span>
    </p>
   </div>
   <div class='ocr_carea' id='block_1_6' title="bbox 147 1755 1830 1922">
    <p class='ocr_par' dir='ltr' id='par_1_6' title="bbox 147 1755 1830 1922">
     <span class='ocr_line' id='line_1_13' title="bbox 305 1755 1827 1834; baseline 0.005 -22"><span class='ocrx_word' id='word_1_122' title='bbox 305 1755 392 1812; x_wconf 75' lang='lat' dir='ltr'><strong>rouo</strong></span> <span class='ocrx_word' id='word_1_123' title='bbox 411 1759 442 1828; x_wconf 86' lang='lat' dir='ltr'><strong>je</strong></span> <span class='ocrx_word' id='word_1_124' title='bbox 465 1774 518 1812; x_wconf 84' lang='lat' dir='ltr'><strong>ora</strong></span> <span class='ocrx_word' id='word_1_125' title='bbox 540 1759 680 1829; x_wconf 85' lang='lat' dir='ltr'><strong>papinska</strong></span> <span class='ocrx_word' id='word_1_126' title='bbox 707 1759 854 1830; x_wconf 87' lang='lat' dir='ltr'><strong>poslanica</strong></span> <span class='ocrx_word' id='word_1_127' title='bbox 876 1777 953 1815; x_wconf 90' lang='lat' dir='ltr'><strong>samo</strong></span> <span class='ocrx_word' id='word_1_128' title='bbox 975 1777 994 1815; x_wconf 92' lang='lat' dir='ltr'><strong>u</strong></span> <span class='ocrx_word' id='word_1_129' title='bbox 1016 1759 1283 1830; x_wconf 77' lang='lat' dir='ltr'><strong>staroelorjenslsom</strong></span> <span class='ocrx_word' id='word_1_130' title='bbox 1308 1763 1440 1834; x_wconf 85' lang='lat' dir='ltr'><strong>prevodu,</strong></span> <span class='ocrx_word' id='word_1_131' title='bbox 1464 1781 1482 1817; x_wconf 94' lang='lat' dir='ltr'><strong>u</strong></span> <span class='ocrx_word' id='word_1_132' title='bbox 1506 1763 1574 1819; x_wconf 85' lang='lat' dir='ltr'><strong>tako</strong></span> <span class='ocrx_word' id='word_1_133' title='bbox 1596 1765 1695 1834; x_wconf 80' lang='lat' dir='ltr'><strong>avanoj</strong></span> <span class='ocrx_word' id='word_1_134' title='bbox 1721 1781 1827 1834; x_wconf 84' lang='lat' dir='ltr'><strong>panon-</strong></span> 
     </span>
     <span class='ocr_line' id='line_1_14' title="bbox 147 1823 1830 1922; baseline 0.006 -24"><span class='ocrx_word' id='word_1_135' title='bbox 147 1843 207 1916; x_wconf 79' lang='lat' dir='ltr'><strong>elroj</strong></span> <span class='ocrx_word' id='word_1_136' title='bbox 231 1844 346 1917; x_wconf 87' lang='lat' dir='ltr'><strong>legendi</strong></span> <span class='ocrx_word' id='word_1_137' title='bbox 369 1864 408 1900; x_wconf 78' lang='grc' dir='ltr'>ιν.</span> <span class='ocrx_word' id='word_1_138' title='bbox 427 1823 536 1900; x_wconf 80' lang='lat' dir='ltr'><strong>(lirilsi</strong></span> <span class='ocrx_word' id='word_1_139' title='bbox 557 1845 699 1914; x_wconf 85' lang='lat' dir='ltr'><strong>Methoda,</strong></span> <span class='ocrx_word' id='word_1_140' title='bbox 716 1847 866 1916; x_wconf 74' lang='lat' dir='ltr'><strong>saturans,</strong></span> <span class='ocrx_word' id='word_1_141' title='bbox 883 1848 1056 1918; x_wconf 73' lang='lat' dir='ltr'><strong>priobbnjem</strong></span> <span class='ocrx_word' id='word_1_142' title='bbox 1068 1849 1103 1919; x_wconf 89' lang='lat' dir='ltr'><strong>ju</strong></span> <span class='ocrx_word' id='word_1_143' title='bbox 1119 1849 1236 1918; x_wconf 89' lang='lat' dir='ltr'><strong>ujeduo</strong></span> <span class='ocrx_word' id='word_1_144' title='bbox 1254 1865 1272 1903; x_wconf 94' lang='lat' dir='ltr'><strong>u</strong></span> <span class='ocrx_word' id='word_1_145' title='bbox 1288 1849 1476 1919; x_wconf 83' lang='lat' dir='ltr'><strong>slovjeuslrom</strong></span> <span class='ocrx_word' id='word_1_146' title='bbox 1493 1852 1537 1907; x_wconf 91' lang='lat' dir='ltr'><strong>iu</strong></span> <span class='ocrx_word' id='word_1_147' title='bbox 1554 1850 1707 1908; x_wconf 83' lang='lat' dir='ltr'><strong>latinslrom</strong></span> <span class='ocrx_word' id='word_1_148' title='bbox 1721 1851 1830 1922; x_wconf 83' lang='lat' dir='ltr'><strong>jeziku,</strong></span> 
     </span>
    </p>
   </div>
   <div class='ocr_carea' id='block_1_7' title="bbox 146 1933 1350 2024">
    <p class='ocr_par' dir='ltr' id='par_1_7' title="bbox 146 1933 1350 2024">
     <span class='ocr_line' id='line_1_15' title="bbox 146 1933 1350 2024; baseline 0.006 -37"><span class='ocrx_word' id='word_1_149' title='bbox 146 1949 183 2003; x_wconf 87' lang='lat' dir='ltr'><strong>po</strong></span> <span class='ocrx_word' id='word_1_150' title='bbox 204 1934 332 2004; x_wconf 82' lang='lat' dir='ltr'><strong>prerodu</strong></span> <span class='ocrx_word' id='word_1_151' title='bbox 351 1933 571 2004; x_wconf 70' lang='lat' dir='ltr'><strong>Mikloliderom,</strong></span> <span class='ocrx_word' id='word_1_152' title='bbox 594 1934 756 2024; x_wconf 81' lang='lat' dir='ltr'><strong>upotriebiv</strong></span> <span class='ocrx_word' id='word_1_153' title='bbox 778 1935 910 2007; x_wconf 77' lang='lat' dir='ltr'><strong>iapravlre</strong></span> <span class='ocrx_word' id='word_1_154' title='bbox 932 1935 1080 1992; x_wconf 85' lang='lat' dir='ltr'><strong>Erbcnore</strong></span> <span class='ocrx_word' id='word_1_155' title='bbox 1103 1936 1112 1990; x_wconf 88' lang='lat' dir='ltr'><strong>i</strong></span> <span class='ocrx_word' id='word_1_156' title='bbox 1135 1937 1185 1994; x_wconf 87' lang='lat' dir='ltr'><strong>Dr.</strong></span> <span class='ocrx_word' id='word_1_157' title='bbox 1206 1935 1350 2008; x_wconf 73' lang='lat' dir='ltr'><strong>Rabkoga.</strong></span> 
     </span>
    </p>
   </div>
   <div class='ocr_carea' id='block_1_8' title="bbox 844 2323 1134 2408">
    <p class='ocr_par' dir='ltr' id='par_1_8' title="bbox 844 2323 1134 2408">
     <span class='ocr_line' id='line_1_16' title="bbox 844 2323 1134 2408; baseline 0 0"><span class='ocrx_word' id='word_1_158' title='bbox 844 2323 1022 2408; x_wconf 84' lang='lat' dir='ltr'>LXVII.</span> <span class='ocrx_word' id='word_1_159' title='bbox 1050 2324 1134 2408; x_wconf 78' lang='lat'>871.</span> 
     </span>
    </p>
   </div>
   <div class='ocr_carea' id='block_1_9' title="bbox 142 2517 1830 2834">
    <p class='ocr_par' dir='ltr' id='par_1_9' title="bbox 142 2517 1830 2834">
     <span class='ocr_line' id='line_1_17' title="bbox 145 2517 1829 2627; baseline 0.002 -21"><span class='ocrx_word' id='word_1_160' title='bbox 145 2544 284 2606; x_wconf 76' lang='lat' dir='ltr'><strong>Ludooilr</strong></span> <span class='ocrx_word' id='word_1_161' title='bbox 307 2545 355 2604; x_wconf 88' lang='grc'><strong>11,</strong></span> <span class='ocrx_word' id='word_1_162' title='bbox 371 2562 425 2611; x_wconf 84' lang='lat' dir='ltr'><strong>car</strong></span> <span class='ocrx_word' id='word_1_163' title='bbox 443 2543 663 2618; x_wconf 68' lang='lat' dir='ltr'><strong>producentes</strong></span> <span class='ocrx_word' id='word_1_164' title='bbox 685 2561 766 2606; x_wconf 83' lang='lat' dir='ltr'><strong>soom</strong></span> <span class='ocrx_word' id='word_1_165' title='bbox 787 2547 894 2624; x_wconf 67' lang='lat' dir='ltr'><strong>omma,</strong></span> <span class='ocrx_word' id='word_1_166' title='bbox 915 2549 1057 2620; x_wconf 66' lang='lat' dir='ltr'><strong>umanum</strong></span> <span class='ocrx_word' id='word_1_167' title='bbox 1075 2547 1214 2621; x_wconf 63' lang='lat' dir='ltr'><strong>matema</strong></span> <span class='ocrx_word' id='word_1_168' title='bbox 1237 2565 1312 2608; x_wconf 80' lang='lat' dir='ltr'><strong>cora</strong></span> <span class='ocrx_word' id='word_1_169' title='bbox 1340 2517 1575 2627; x_wconf 63' lang='lat' dir='ltr'><strong>ructuantem</strong></span> <span class='ocrx_word' id='word_1_170' title='bbox 1597 2552 1710 2625; x_wconf 73' lang='lat' dir='ltr'><strong>mettio</strong></span> <span class='ocrx_word' id='word_1_171' title='bbox 1728 2551 1773 2612; x_wconf 78' lang='lat' dir='ltr'><strong>sito</strong></span> <span class='ocrx_word' id='word_1_172' title='bbox 1796 2552 1829 2610; x_wconf 81' lang='lat' dir='ltr'><strong>tls</strong></span> 
     </span>
     <span class='ocr_line' id='line_1_18' title="bbox 142 2651 1830 2738; baseline 0.004 -29"><span class='ocrx_word' id='word_1_173' title='bbox 142 2651 244 2724; x_wconf 71' lang='lat' dir='ltr'><strong>portat</strong></span> <span class='ocrx_word' id='word_1_174' title='bbox 269 2651 434 2726; x_wconf 70' lang='lat' dir='ltr'><strong>poomrsto</strong></span> <span class='ocrx_word' id='word_1_175' title='bbox 459 2651 564 2723; x_wconf 72' lang='lat' dir='ltr'><strong>coyata</strong></span> <span class='ocrx_word' id='word_1_176' title='bbox 601 2651 694 2726; x_wconf 71' lang='lat' dir='ltr'><strong>ordios</strong></span> <span class='ocrx_word' id='word_1_177' title='bbox 725 2651 919 2725; x_wconf 60' lang='lat' dir='ltr'><strong>jacanaam</strong></span> <span class='ocrx_word' id='word_1_178' title='bbox 960 2651 1146 2725; x_wconf 74' lang='lat' dir='ltr'><strong>Stoojenom,</strong></span> <span class='ocrx_word' id='word_1_179' title='bbox 1177 2653 1336 2727; x_wconf 83' lang='lat' dir='ltr'><strong>(Hrootom</strong></span> <span class='ocrx_word' id='word_1_180' title='bbox 1364 2654 1377 2712; x_wconf 85' lang='lat' dir='ltr'><strong>i</strong></span> <span class='ocrx_word' id='word_1_181' title='bbox 1405 2651 1524 2738; x_wconf 72' lang='lat' dir='ltr'><strong>uum)</strong></span> <span class='ocrx_word' id='word_1_182' title='bbox 1564 2658 1614 2720; x_wconf 81' lang='lat' dir='ltr'><strong>ira</strong></span> <span class='ocrx_word' id='word_1_183' title='bbox 1650 2656 1830 2729; x_wconf 73' lang='lat' dir='ltr'><strong>obsjedaudo</strong></span> 
     </span>
     <span class='ocr_line' id='line_1_19' title="bbox 879 2758 1097 2834; baseline 0 -16"><span class='ocrx_word' id='word_1_184' title='bbox 879 2759 977 2834; x_wconf 74' lang='lat' dir='ltr'><strong>prodo</strong></span> <span class='ocrx_word' id='word_1_185' title='bbox 1000 2758 1097 2818; x_wconf 86' lang='lat' dir='ltr'><strong>Bora.</strong></span> 
     </span>
    </p>
   </div>
   <div class='ocr_carea' id='block_1_10' title="bbox 27 2951 1830 3359">
    <p class='ocr_par' dir='ltr' id='par_1_10' title="bbox 27 2951 1830 3359">
     <span class='ocr_line' id='line_1_20' title="bbox 27 2951 1827 3042; baseline 0.003 -23"><span class='ocrx_word' id='word_1_186' title='bbox 27 3021 28 3024; x_wconf 65' lang='grc'>,</span> <span class='ocrx_word' id='word_1_187' title='bbox 304 2954 344 3020; x_wconf 94' lang='lat' dir='ltr'><strong>In</strong></span> <span class='ocrx_word' id='word_1_188' title='bbox 367 2956 497 3022; x_wconf 90' lang='lat' dir='ltr'><strong>nomine</strong></span> <span class='ocrx_word' id='word_1_189' title='bbox 530 2953 652 3020; x_wconf 92' lang='lat' dir='ltr'><strong>domiui</strong></span> <span class='ocrx_word' id='word_1_190' title='bbox 675 2955 775 3020; x_wconf 89' lang='lat' dir='ltr'><strong>nostri</strong></span> <span class='ocrx_word' id='word_1_191' title='bbox 799 2953 879 3020; x_wconf 88' lang='lat' dir='ltr'><strong>Jesu</strong></span> <span class='ocrx_word' id='word_1_192' title='bbox 899 2951 1021 3022; x_wconf 78' lang='lat' dir='ltr'><strong>Christi</strong></span> <span class='ocrx_word' id='word_1_193' title='bbox 1045 2954 1098 3020; x_wconf 87' lang='lat' dir='ltr'><strong>dei</strong></span> <span class='ocrx_word' id='word_1_194' title='bbox 1129 2958 1260 3028; x_wconf 85' lang='lat' dir='ltr'><strong>aeterni.</strong></span> <span class='ocrx_word' id='word_1_195' title='bbox 1284 2955 1493 3042; x_wconf 88' lang='lat' dir='ltr'><strong>Lodoguicus</strong></span> <span class='ocrx_word' id='word_1_196' title='bbox 1517 2957 1628 3024; x_wconf 90' lang='lat' dir='ltr'><strong>diuina</strong></span> <span class='ocrx_word' id='word_1_197' title='bbox 1658 2958 1827 3026; x_wconf 76' lang='lat' dir='ltr'><strong>ordinante</strong></span> 
     </span>
     <span class='ocr_line' id='line_1_21' title="bbox 27 3059 1830 3150; baseline 0.004 -25"><span class='ocrx_word' id='word_1_198' title='bbox 27 3101 28 3104; x_wconf 60' lang='lat'><em>=</em></span> <span class='ocrx_word' id='word_1_199' title='bbox 147 3059 359 3148; x_wconf 87' lang='lat' dir='ltr'><strong>prouidentia,</strong></span> <span class='ocrx_word' id='word_1_200' title='bbox 383 3063 558 3148; x_wconf 88' lang='lat' dir='ltr'><strong>imperator</strong></span> <span class='ocrx_word' id='word_1_201' title='bbox 580 3069 736 3143; x_wconf 86' lang='lat' dir='ltr'><strong>augustus</strong></span> <span class='ocrx_word' id='word_1_202' title='bbox 760 3059 987 3142; x_wconf 89' lang='lat' dir='ltr'><strong>Romanorum,</strong></span> <span class='ocrx_word' id='word_1_203' title='bbox 1020 3059 1232 3128; x_wconf 87' lang='lat' dir='ltr'><strong>dilectissimo</strong></span> <span class='ocrx_word' id='word_1_204' title='bbox 1267 3063 1491 3150; x_wconf 80' lang='lat' dir='ltr'><strong>spiritualique</strong></span> <span class='ocrx_word' id='word_1_205' title='bbox 1514 3067 1605 3130; x_wconf 82' lang='lat' dir='ltr'><strong>tratri</strong></span> <span class='ocrx_word' id='word_1_206' title='bbox 1636 3075 1745 3132; x_wconf 86' lang='lat' dir='ltr'><strong>nostro</strong></span> <span class='ocrx_word' id='word_1_207' title='bbox 1768 3065 1830 3132; x_wconf 91' lang='lat' dir='ltr'><strong>Ba·</strong></span> 
     </span>
     <span class='ocr_line' id='line_1_22' title="bbox 147 3165 1829 3254; baseline 0.004 -22"><span class='ocrx_word' id='word_1_208' title='bbox 147 3165 216 3232; x_wconf 88' lang='lat' dir='ltr'><strong>silio</strong></span> <span class='ocrx_word' id='word_1_209' title='bbox 240 3165 474 3251; x_wconf 88' lang='lat' dir='ltr'><strong>gloriosissimo</strong></span> <span class='ocrx_word' id='word_1_210' title='bbox 497 3188 535 3232; x_wconf 87' lang='lat' dir='ltr'><strong>ao</strong></span> <span class='ocrx_word' id='word_1_211' title='bbox 556 3166 683 3253; x_wconf 90' lang='lat' dir='ltr'><strong>piisimo</strong></span> <span class='ocrx_word' id='word_1_212' title='bbox 718 3175 814 3250; x_wconf 92' lang='lat' dir='ltr'><strong>atque</strong></span> <span class='ocrx_word' id='word_1_213' title='bbox 845 3165 1030 3248; x_wconf 88' lang='lat' dir='ltr'><strong>imperatori</strong></span> <span class='ocrx_word' id='word_1_214' title='bbox 1055 3187 1158 3230; x_wconf 90' lang='lat' dir='ltr'><strong>nouae</strong></span> <span class='ocrx_word' id='word_1_215' title='bbox 1183 3165 1315 3234; x_wconf 87' lang='lat' dir='ltr'><strong>Romae.</strong></span> <span class='ocrx_word' id='word_1_216' title='bbox 1349 3167 1523 3234; x_wconf 87' lang='lat' dir='ltr'><strong>Probabile</strong></span> <span class='ocrx_word' id='word_1_217' title='bbox 1554 3169 1684 3254; x_wconf 90' lang='lat' dir='ltr'><strong>quidem</strong></span> <span class='ocrx_word' id='word_1_218' title='bbox 1708 3179 1740 3236; x_wconf 88' lang='lat' dir='ltr'><strong>et</strong></span> <span class='ocrx_word' id='word_1_219' title='bbox 1762 3171 1829 3239; x_wconf 89' lang='lat' dir='ltr'><strong>lau·</strong></span> 
     </span>
     <span class='ocr_line' id='line_1_23' title="bbox 146 3260 1829 3359; baseline 0.004 -24"><span class='ocrx_word' id='word_1_220' title='bbox 146 3260 411 3352; x_wconf 52' lang='lat' dir='ltr'><strong>dabile‘constat,</strong></span> <span class='ocrx_word' id='word_1_221' title='bbox 442 3271 581 3358; x_wconf 83' lang='lat' dir='ltr'><strong>aliquem</strong></span> <span class='ocrx_word' id='word_1_222' title='bbox 616 3271 749 3336; x_wconf 88' lang='lat' dir='ltr'><strong>fratrum</strong></span> <span class='ocrx_word' id='word_1_223' title='bbox 782 3271 929 3354; x_wconf 90' lang='lat' dir='ltr'><strong>monitis,</strong></span> <span class='ocrx_word' id='word_1_224' title='bbox 958 3271 1049 3356; x_wconf 89' lang='lat' dir='ltr'><strong>quasi</strong></span> <span class='ocrx_word' id='word_1_225' title='bbox 1091 3270 1283 3356; x_wconf 86' lang='lat' dir='ltr'><strong>quibusdam</strong></span> <span class='ocrx_word' id='word_1_226' title='bbox 1315 3273 1445 3338; x_wconf 81' lang='lat' dir='ltr'><strong>flatibus</strong></span> <span class='ocrx_word' id='word_1_227' title='bbox 1468 3273 1508 3338; x_wconf 92' lang='lat' dir='ltr'><strong>ad</strong></span> <span class='ocrx_word' id='word_1_228' title='bbox 1533 3275 1640 3359; x_wconf 89' lang='lat' dir='ltr'><strong>ignem</strong></span> <span class='ocrx_word' id='word_1_229' title='bbox 1665 3274 1829 3342; x_wconf 82' lang='lat' dir='ltr'><strong>charitatis</strong></span> 
     </span>
    </p>
   </div>
   <div class='ocr_carea' id='block_1_11' title="bbox 27 3375 1829 3474">
    <p class='ocr_par' dir='ltr' id='par_1_11' title="bbox 27 3375 1829 3474">
     <span class='ocr_line' id='line_1_24' title="bbox 27 3375 1829 3474; baseline 0.001 -32"><span class='ocrx_word' id='word_1_230' title='bbox 27 3461 28 3464; x_wconf 8' lang='grc' dir='ltr'><strong>Ἴ</strong></span> <span class='ocrx_word' id='word_1_231' title='bbox 134 3377 296 3469; x_wconf 46' lang='lat' dir='ltr'><strong>,accendi3</strong></span> <span class='ocrx_word' id='word_1_232' title='bbox 328 3375 527 3464; x_wconf 87' lang='lat' dir='ltr'><strong>probabilius</strong></span> <span class='ocrx_word' id='word_1_233' title='bbox 557 3386 663 3442; x_wconf 89' lang='lat' dir='ltr'><strong>antem</strong></span> <span class='ocrx_word' id='word_1_234' title='bbox 695 3386 763 3456; x_wconf 89' lang='lat' dir='ltr'><strong>est,</strong></span> <span class='ocrx_word' id='word_1_235' title='bbox 797 3378 975 3462; x_wconf 87' lang='lat' dir='ltr'><strong>sicutipse</strong></span> <span class='ocrx_word' id='word_1_236' title='bbox 1007 3377 1076 3442; x_wconf 86' lang='lat' dir='ltr'><strong>eius</strong></span> <span class='ocrx_word' id='word_1_237' title='bbox 1097 3375 1272 3474; x_wconf 24' lang='lat' dir='ltr'><strong>,ultroneae</strong></span> <span class='ocrx_word' id='word_1_238' title='bbox 1310 3376 1485 3444; x_wconf 82' lang='lat' dir='ltr'><strong>voluntatis</strong></span> <span class='ocrx_word' id='word_1_239' title='bbox 1515 3379 1556 3443; x_wconf 86' lang='lat' dir='ltr'><strong>ad</strong></span> <span class='ocrx_word' id='word_1_240' title='bbox 1596 3379 1657 3446; x_wconf 84' lang='lat' dir='ltr'><strong>boc</strong></span> <span class='ocrx_word' id='word_1_241' title='bbox 1690 3379 1829 3446; x_wconf 81' lang='lat' dir='ltr'><strong>motibus</strong></span> 
     </span>
    </p>
   </div>
   <div class='ocr_carea' id='block_1_12' title="bbox 146 3471 1828 3570">
    <p class='ocr_par' dir='ltr' id='par_1_12' title="bbox 146 3471 1828 3570">
     <span class='ocr_line' id='line_1_25' title="bbox 146 3471 1828 3570; baseline 0.002 -24"><span class='ocrx_word' id='word_1_242' title='bbox 146 3483 359 3562; x_wconf 80' lang='lat' dir='ltr'><strong>inflammari3</strong></span> <span class='ocrx_word' id='word_1_243' title='bbox 382 3483 439 3546; x_wconf 91' lang='lat' dir='ltr'><strong>sed</strong></span> <span class='ocrx_word' id='word_1_244' title='bbox 463 3481 758 3568; x_wconf 85' lang='lat' dir='ltr'><strong>probabilissimum</strong></span> <span class='ocrx_word' id='word_1_245' title='bbox 789 3491 849 3566; x_wconf 87' lang='lat' dir='ltr'><strong>est,</strong></span> <span class='ocrx_word' id='word_1_246' title='bbox 881 3480 1148 3568; x_wconf 88' lang='lat' dir='ltr'><strong>quandocumque</strong></span> <span class='ocrx_word' id='word_1_247' title='bbox 1172 3483 1258 3548; x_wconf 84' lang='lat' dir='ltr'><strong>viam</strong></span> <span class='ocrx_word' id='word_1_248' title='bbox 1290 3503 1483 3568; x_wconf 88' lang='lat' dir='ltr'><strong>quemquam</strong></span> <span class='ocrx_word' id='word_1_249' title='bbox 1516 3471 1644 3548; x_wconf 84' lang='lat' dir='ltr'><strong>virtutis</strong></span> <span class='ocrx_word' id='word_1_250' title='bbox 1676 3487 1828 3570; x_wconf 90' lang='lat' dir='ltr'><strong>arripere,</strong></span> 
     </span>
    </p>
   </div>
   <div class='ocr_carea' id='block_1_13' title="bbox 27 3575 1825 3676">
    <p class='ocr_par' dir='ltr' id='par_1_13' title="bbox 27 3575 1825 3676">
     <span class='ocr_line' id='line_1_26' title="bbox 27 3575 1825 3676; baseline -0.002 -18"><span class='ocrx_word' id='word_1_251' title='bbox 27 3575 29 3658; x_wconf 72' lang='lat' dir='ltr'>ss</span> <span class='ocrx_word' id='word_1_252' title='bbox 146 3599 177 3656; x_wconf 87' lang='lat' dir='ltr'><strong>et</strong></span> <span class='ocrx_word' id='word_1_253' title='bbox 200 3590 306 3674; x_wconf 87' lang='lat' dir='ltr'><strong>magis</strong></span> <span class='ocrx_word' id='word_1_254' title='bbox 328 3589 496 3676; x_wconf 83' lang='lat' dir='ltr'><strong>magisque</strong></span> <span class='ocrx_word' id='word_1_255' title='bbox 519 3589 609 3654; x_wconf 87' lang='lat' dir='ltr'><strong>miris</strong></span> <span class='ocrx_word' id='word_1_256' title='bbox 626 3588 831 3654; x_wconf 88' lang='lat' dir='ltr'><strong>successibus</strong></span> <span class='ocrx_word' id='word_1_257' title='bbox 849 3589 880 3654; x_wconf 88' lang='lat' dir='ltr'><strong>in</strong></span> <span class='ocrx_word' id='word_1_258' title='bbox 897 3587 1034 3655; x_wconf 88' lang='lat' dir='ltr'><strong>sublime</strong></span> <span class='ocrx_word' id='word_1_259' title='bbox 1051 3578 1219 3672; x_wconf 82' lang='lat' dir='ltr'><strong>prolicere.</strong></span> <span class='ocrx_word' id='word_1_260' title='bbox 1248 3586 1330 3652; x_wconf 91' lang='lat' dir='ltr'><strong>Nam</strong></span> <span class='ocrx_word' id='word_1_261' title='bbox 1356 3587 1410 3652; x_wconf 92' lang='lat' dir='ltr'><strong>ille</strong></span> <span class='ocrx_word' id='word_1_262' title='bbox 1434 3611 1561 3674; x_wconf 91' lang='lat' dir='ltr'><strong>semper</strong></span> <span class='ocrx_word' id='word_1_263' title='bbox 1585 3587 1677 3653; x_wconf 88' lang='lat' dir='ltr'><strong>miles</strong></span> <span class='ocrx_word' id='word_1_264' title='bbox 1700 3611 1720 3652; x_wconf 89' lang='lat' dir='ltr'><strong>a</strong></span> <span class='ocrx_word' id='word_1_265' title='bbox 1743 3589 1825 3656; x_wconf 91' lang='lat' dir='ltr'><strong>duce</strong></span> 
     </span>
    </p>
   </div>
   <div class='ocr_carea' id='block_1_14' title="bbox 145 3691 1839 3990">
    <p class='ocr_par' dir='ltr' id='par_1_14' title="bbox 145 3691 1839 3990">
     <span class='ocr_line' id='line_1_27' title="bbox 146 3691 1819 3780; baseline -0.001 -20"><span class='ocrx_word' id='word_1_266' title='bbox 146 3696 248 3779; x_wconf 80' lang='lat' dir='ltr'><strong>magis</strong></span> <span class='ocrx_word' id='word_1_267' title='bbox 273 3693 429 3778; x_wconf 82' lang='lat' dir='ltr'><strong>diligitur,</strong></span> <span class='ocrx_word' id='word_1_268' title='bbox 453 3695 508 3780; x_wconf 94' lang='lat' dir='ltr'><strong>qui</strong></span> <span class='ocrx_word' id='word_1_269' title='bbox 532 3703 603 3779; x_wconf 85' lang='lat' dir='ltr'><strong>post</strong></span> <span class='ocrx_word' id='word_1_270' title='bbox 626 3695 769 3776; x_wconf 89' lang='lat' dir='ltr'><strong>veniens,</strong></span> <span class='ocrx_word' id='word_1_271' title='bbox 793 3693 931 3761; x_wconf 87' lang='lat' dir='ltr'><strong>boatium</strong></span> <span class='ocrx_word' id='word_1_272' title='bbox 955 3693 1041 3756; x_wconf 89' lang='lat' dir='ltr'><strong>vires</strong></span> <span class='ocrx_word' id='word_1_273' title='bbox 1065 3691 1189 3760; x_wconf 79' lang='lat' dir='ltr'><strong>fortiter</strong></span> <span class='ocrx_word' id='word_1_274' title='bbox 1212 3694 1328 3778; x_wconf 89' lang='lat' dir='ltr'><strong>premit</strong></span> <span class='ocrx_word' id='word_1_275' title='bbox 1367 3715 1463 3778; x_wconf 90' lang='lat' dir='ltr'><strong>quam</strong></span> <span class='ocrx_word' id='word_1_276' title='bbox 1497 3691 1555 3774; x_wconf 89' lang='lat' dir='ltr'><strong>his,</strong></span> <span class='ocrx_word' id='word_1_277' title='bbox 1580 3695 1635 3778; x_wconf 90' lang='lat' dir='ltr'><strong>qui</strong></span> <span class='ocrx_word' id='word_1_278' title='bbox 1663 3695 1819 3760; x_wconf 85' lang='lat' dir='ltr'><strong>maturius</strong></span> 
     </span>
     <span class='ocr_line' id='line_1_28' title="bbox 145 3796 1839 3890; baseline -0.001 -24"><span class='ocrx_word' id='word_1_279' title='bbox 145 3800 275 3890; x_wconf 90' lang='lat' dir='ltr'><strong>quidem</strong></span> <span class='ocrx_word' id='word_1_280' title='bbox 300 3801 446 3882; x_wconf 89' lang='lat' dir='ltr'><strong>accessit,</strong></span> <span class='ocrx_word' id='word_1_281' title='bbox 469 3799 526 3864; x_wconf 89' lang='lat' dir='ltr'><strong>sed</strong></span> <span class='ocrx_word' id='word_1_282' title='bbox 550 3799 632 3864; x_wconf 82' lang='lat' dir='ltr'><strong>sorte</strong></span> <span class='ocrx_word' id='word_1_283' title='bbox 656 3808 713 3864; x_wconf 88' lang='lat' dir='ltr'><strong>aut</strong></span> <span class='ocrx_word' id='word_1_284' title='bbox 737 3796 834 3864; x_wconf 87' lang='lat' dir='ltr'><strong>nichil</strong></span> <span class='ocrx_word' id='word_1_285' title='bbox 852 3807 907 3864; x_wconf 89' lang='lat' dir='ltr'><strong>aut</strong></span> <span class='ocrx_word' id='word_1_286' title='bbox 930 3807 1016 3864; x_wconf 90' lang='lat' dir='ltr'><strong>certe</strong></span> <span class='ocrx_word' id='word_1_287' title='bbox 1041 3797 1203 3864; x_wconf 88' lang='lat' dir='ltr'><strong>modicum</strong></span> <span class='ocrx_word' id='word_1_288' title='bbox 1228 3799 1337 3881; x_wconf 86' lang='lat' dir='ltr'><strong>gessit.</strong></span> <span class='ocrx_word' id='word_1_289' title='bbox 1356 3797 1540 3864; x_wconf 85' lang='lat' dir='ltr'><strong>Secundum</strong></span> <span class='ocrx_word' id='word_1_290' title='bbox 1564 3821 1660 3884; x_wconf 90' lang='lat' dir='ltr'><strong>quam</strong></span> <span class='ocrx_word' id='word_1_291' title='bbox 1679 3798 1839 3882; x_wconf 85' lang='lat' dir='ltr'><strong>regulum·</strong></span> 
     </span>
     <span class='ocr_line' id='line_1_29' title="bbox 147 3903 1826 3990; baseline -0.003 -15"><span class='ocrx_word' id='word_1_292' title='bbox 147 3905 302 3990; x_wconf 81' lang='lat' dir='ltr'><strong>diuinitus</strong></span> <span class='ocrx_word' id='word_1_293' title='bbox 322 3905 529 3972; x_wconf 84' lang='lat' dir='ltr'><strong>sublimatum</strong></span> <span class='ocrx_word' id='word_1_294' title='bbox 554 3905 724 3990; x_wconf 86' lang='lat' dir='ltr'><strong>imperium</strong></span> <span class='ocrx_word' id='word_1_295' title='bbox 742 3912 895 3984; x_wconf 84' lang='lat' dir='ltr'><strong>nostrum,</strong></span> <span class='ocrx_word' id='word_1_296' title='bbox 910 3925 952 3970; x_wconf 85' lang='lat' dir='ltr'><strong>ex</strong></span> <span class='ocrx_word' id='word_1_297' title='bbox 967 3903 1019 3970; x_wconf 88' lang='lat' dir='ltr'><strong>die</strong></span> <span class='ocrx_word' id='word_1_298' title='bbox 1041 3925 1106 3989; x_wconf 88' lang='lat' dir='ltr'><strong>qua</strong></span> <span class='ocrx_word' id='word_1_299' title='bbox 1129 3905 1233 3988; x_wconf 89' lang='lat' dir='ltr'><strong>caepit</strong></span> <span class='ocrx_word' id='word_1_300' title='bbox 1259 3925 1336 3986; x_wconf 86' lang='lat' dir='ltr'><strong>erga</strong></span> <span class='ocrx_word' id='word_1_301' title='bbox 1359 3903 1593 3970; x_wconf 82' lang='lat' dir='ltr'><strong>fraternitatem</strong></span> <span class='ocrx_word' id='word_1_302' title='bbox 1616 3913 1702 3970; x_wconf 88' lang='lat' dir='ltr'><strong>tuam</strong></span> <span class='ocrx_word' id='word_1_303' title='bbox 1728 3905 1826 3970; x_wconf 85' lang='lat' dir='ltr'><strong>dilec-</strong></span> 
     </span>
    </p>
   </div>
   <div class='ocr_carea' id='block_1_15' title="bbox 27 4007 1860 4733">
    <p class='ocr_par' dir='ltr' id='par_1_15' title="bbox 27 4007 1860 4519">
     <span class='ocr_line' id='line_1_30' title="bbox 27 4007 1825 4095; baseline -0.003 -13"><span class='ocrx_word' id='word_1_304' title='bbox 27 4041 31 4064; x_wconf 56' lang='lat'><strong>‘·</strong></span> <span class='ocrx_word' id='word_1_305' title='bbox 60 4035 62 4040; x_wconf 86' lang='lat'>·</span> <span class='ocrx_word' id='word_1_306' title='bbox 112 4045 118 4056; x_wconf 84' lang='lat'><strong>,</strong></span> <span class='ocrx_word' id='word_1_307' title='bbox 147 4013 242 4081; x_wconf 86' lang='lat' dir='ltr'><strong>tionis</strong></span> <span class='ocrx_word' id='word_1_308' title='bbox 266 4010 410 4092; x_wconf 78' lang='lat' dir='ltr'><strong>radicem</strong></span> <span class='ocrx_word' id='word_1_309' title='bbox 434 4012 465 4074; x_wconf 90' lang='lat' dir='ltr'><strong>in</strong></span> <span class='ocrx_word' id='word_1_310' title='bbox 490 4010 587 4076; x_wconf 91' lang='lat' dir='ltr'><strong>corde</strong></span> <span class='ocrx_word' id='word_1_311' title='bbox 612 4031 670 4074; x_wconf 84' lang='lat' dir='ltr'><strong>suo</strong></span> <span class='ocrx_word' id='word_1_312' title='bbox 686 4009 841 4095; x_wconf 83' lang='lat' dir='ltr'><strong>plantare,</strong></span> <span class='ocrx_word' id='word_1_313' title='bbox 858 4007 1051 4095; x_wconf 87' lang='lat' dir='ltr'><strong>multiplices</strong></span> <span class='ocrx_word' id='word_1_314' title='bbox 1070 4007 1192 4074; x_wconf 87' lang='lat' dir='ltr'><strong>fructus</strong></span> <span class='ocrx_word' id='word_1_315' title='bbox 1218 4007 1373 4074; x_wconf 84' lang='lat' dir='ltr'><strong>exhibere</strong></span> <span class='ocrx_word' id='word_1_316' title='bbox 1389 4031 1452 4074; x_wconf 90' lang='lat' dir='ltr'><strong>nou</strong></span> <span class='ocrx_word' id='word_1_317' title='bbox 1476 4008 1606 4092; x_wconf 86' lang='lat' dir='ltr'><strong>destitit,</strong></span> <span class='ocrx_word' id='word_1_318' title='bbox 1631 4032 1696 4077; x_wconf 84' lang='lat' dir='ltr'><strong>uon</strong></span> <span class='ocrx_word' id='word_1_319' title='bbox 1721 4013 1825 4079; x_wconf 88' lang='lat' dir='ltr'><strong>miuus</strong></span> 
     </span>
     <span class='ocr_line' id='line_1_31' title="bbox 27 4113 1824 4214; baseline -0.004 -27"><span class='ocrx_word' id='word_1_320' title='bbox 27 4117 28 4196; x_wconf 66' lang='lat' dir='ltr'>J</span> <span class='ocrx_word' id='word_1_321' title='bbox 145 4141 226 4214; x_wconf 82' lang='lat' dir='ltr'><strong>quae</strong></span> <span class='ocrx_word' id='word_1_322' title='bbox 252 4126 363 4190; x_wconf 83' lang='lat' dir='ltr'><strong>restro</strong></span> <span class='ocrx_word' id='word_1_323' title='bbox 392 4141 430 4182; x_wconf 90' lang='lat' dir='ltr'><strong>ac</strong></span> <span class='ocrx_word' id='word_1_324' title='bbox 459 4139 542 4204; x_wconf 83' lang='lat' dir='ltr'><strong>quae</strong></span> <span class='ocrx_word' id='word_1_325' title='bbox 562 4126 671 4195; x_wconf 78' lang='lat' dir='ltr'><strong>nostra</strong></span> <span class='ocrx_word' id='word_1_326' title='bbox 701 4127 784 4197; x_wconf 84' lang='lat' dir='ltr'><strong>suut,</strong></span> <span class='ocrx_word' id='word_1_327' title='bbox 809 4137 986 4202; x_wconf 87' lang='lat' dir='ltr'><strong>procurans</strong></span> <span class='ocrx_word' id='word_1_328' title='bbox 1020 4124 1052 4178; x_wconf 91' lang='lat' dir='ltr'><strong>et</strong></span> <span class='ocrx_word' id='word_1_329' title='bbox 1083 4113 1261 4179; x_wconf 83' lang='lat' dir='ltr'><strong>vindicans.</strong></span> <span class='ocrx_word' id='word_1_330' title='bbox 1300 4113 1457 4196; x_wconf 77' lang='lat' dir='ltr'><strong>Quamuis</strong></span> <span class='ocrx_word' id='word_1_331' title='bbox 1489 4137 1571 4200; x_wconf 88' lang='lat' dir='ltr'><strong>quac</strong></span> <span class='ocrx_word' id='word_1_332' title='bbox 1602 4116 1688 4180; x_wconf 86' lang='lat' dir='ltr'><strong>circs</strong></span> <span class='ocrx_word' id='word_1_333' title='bbox 1709 4117 1824 4182; x_wconf 86' lang='lat' dir='ltr'><strong>missos</strong></span> 
     </span>
     <span class='ocr_line' id='line_1_32' title="bbox 27 4218 1860 4326; baseline -0.002 -37"><span class='ocrx_word' id='word_1_334' title='bbox 27 4249 29 4326; x_wconf 61' lang='lat' dir='ltr'><strong>p</strong></span> <span class='ocrx_word' id='word_1_335' title='bbox 147 4233 275 4288; x_wconf 90' lang='lat' dir='ltr'><strong>nostros</strong></span> <span class='ocrx_word' id='word_1_336' title='bbox 298 4224 330 4288; x_wconf 91' lang='lat' dir='ltr'><strong>iu</strong></span> <span class='ocrx_word' id='word_1_337' title='bbox 355 4243 453 4286; x_wconf 86' lang='lat' dir='ltr'><strong>causa</strong></span> <span class='ocrx_word' id='word_1_338' title='bbox 478 4220 704 4322; x_wconf 75' lang='lat' dir='ltr'><strong>familiaritatis</strong></span> <span class='ocrx_word' id='word_1_339' title='bbox 721 4231 753 4286; x_wconf 94' lang='lat' dir='ltr'><strong>et</strong></span> <span class='ocrx_word' id='word_1_340' title='bbox 767 4220 974 4304; x_wconf 85' lang='lat' dir='ltr'><strong>benignitatis</strong></span> <span class='ocrx_word' id='word_1_341' title='bbox 998 4229 1029 4286; x_wconf 90' lang='lat' dir='ltr'><strong>te</strong></span> <span class='ocrx_word' id='word_1_342' title='bbox 1045 4218 1194 4305; x_wconf 88' lang='lat' dir='ltr'><strong>gloriaris</strong></span> <span class='ocrx_word' id='word_1_343' title='bbox 1216 4221 1330 4310; x_wconf 82' lang='lat' dir='ltr'><strong>egisse,</strong></span> <span class='ocrx_word' id='word_1_344' title='bbox 1352 4241 1411 4284; x_wconf 90' lang='lat' dir='ltr'><strong>nos</strong></span> <span class='ocrx_word' id='word_1_345' title='bbox 1435 4222 1522 4306; x_wconf 89' lang='lat' dir='ltr'><strong>prius</strong></span> <span class='ocrx_word' id='word_1_346' title='bbox 1546 4243 1623 4304; x_wconf 86' lang='lat' dir='ltr'><strong>erga</strong></span> <span class='ocrx_word' id='word_1_347' title='bbox 1645 4219 1827 4288; x_wconf 88' lang='lat' dir='ltr'><strong>Johannem</strong></span> <span class='ocrx_word' id='word_1_348' title='bbox 1856 4250 1860 4256; x_wconf 95' lang='lat'>·</span> 
     </span>
     <span class='ocr_line' id='line_1_33' title="bbox 27 4319 1827 4416; baseline -0.003 -21"><span class='ocrx_word' id='word_1_349' title='bbox 27 4329 29 4416; x_wconf 79' lang='lat'><strong>,</strong></span> <span class='ocrx_word' id='word_1_350' title='bbox 149 4319 400 4415; x_wconf 61' lang='lat' dir='ltr'><strong>tamosissimam</strong></span> <span class='ocrx_word' id='word_1_351' title='bbox 423 4329 591 4413; x_wconf 85' lang='lat' dir='ltr'><strong>patricium</strong></span> <span class='ocrx_word' id='word_1_352' title='bbox 615 4328 755 4412; x_wconf 84' lang='lat' dir='ltr'><strong>gessisse</strong></span> <span class='ocrx_word' id='word_1_353' title='bbox 768 4335 928 4412; x_wconf 80' lang='lat' dir='ltr'><strong>patescat3</strong></span> <span class='ocrx_word' id='word_1_354' title='bbox 953 4347 1048 4410; x_wconf 92' lang='lat' dir='ltr'><strong>quem</strong></span> <span class='ocrx_word' id='word_1_355' title='bbox 1072 4347 1186 4390; x_wconf 86' lang='lat' dir='ltr'><strong>reuera</strong></span> <span class='ocrx_word' id='word_1_356' title='bbox 1209 4348 1270 4390; x_wconf 87' lang='lat' dir='ltr'><strong>non</strong></span> <span class='ocrx_word' id='word_1_357' title='bbox 1302 4327 1386 4392; x_wconf 88' lang='lat' dir='ltr'><strong>siout</strong></span> <span class='ocrx_word' id='word_1_358' title='bbox 1415 4327 1563 4406; x_wconf 89' lang='lat' dir='ltr'><strong>amicum,</strong></span> <span class='ocrx_word' id='word_1_359' title='bbox 1592 4323 1644 4390; x_wconf 86' lang='lat' dir='ltr'><strong>v&#39;el</strong></span> <span class='ocrx_word' id='word_1_360' title='bbox 1675 4325 1827 4412; x_wconf 89' lang='lat' dir='ltr'><strong>quemad-</strong></span> 
     </span>
     <span class='ocr_line' id='line_1_34' title="bbox 27 4430 1827 4519; baseline -0.004 -16"><span class='ocrx_word' id='word_1_361' title='bbox 27 4433 28 4448; x_wconf 59' lang='lat'><em>³</em></span> <span class='ocrx_word' id='word_1_362' title='bbox 149 4437 276 4508; x_wconf 87' lang='lat' dir='ltr'><strong>modum</strong></span> <span class='ocrx_word' id='word_1_363' title='bbox 302 4435 420 4514; x_wconf 87' lang='lat' dir='ltr'><strong>fratris,</strong></span> <span class='ocrx_word' id='word_1_364' title='bbox 446 4433 477 4500; x_wconf 91' lang='lat' dir='ltr'><strong>id</strong></span> <span class='ocrx_word' id='word_1_365' title='bbox 502 4443 552 4500; x_wconf 87' lang='lat' dir='ltr'><strong>est</strong></span> <span class='ocrx_word' id='word_1_366' title='bbox 574 4435 700 4519; x_wconf 89' lang='lat' dir='ltr'><strong>imperii</strong></span> <span class='ocrx_word' id='word_1_367' title='bbox 717 4435 762 4496; x_wconf 92' lang='lat' dir='ltr'><strong>tui</strong></span> <span class='ocrx_word' id='word_1_368' title='bbox 780 4430 950 4510; x_wconf 74' lang='lat' dir='ltr'><strong>homiuem,</strong></span> <span class='ocrx_word' id='word_1_369' title='bbox 967 4430 1023 4494; x_wconf 89' lang='lat' dir='ltr'><strong>sed</strong></span> <span class='ocrx_word' id='word_1_370' title='bbox 1047 4432 1138 4516; x_wconf 83' lang='lat' dir='ltr'><strong>quasi</strong></span> <span class='ocrx_word' id='word_1_371' title='bbox 1159 4433 1440 4516; x_wconf 82' lang='lat' dir='ltr'><strong>consanguineum</strong></span> <span class='ocrx_word' id='word_1_372' title='bbox 1457 4441 1611 4514; x_wconf 89' lang='lat' dir='ltr'><strong>nostrum,</strong></span> <span class='ocrx_word' id='word_1_373' title='bbox 1627 4441 1661 4496; x_wconf 88' lang='lat' dir='ltr'><strong>et</strong></span> <span class='ocrx_word' id='word_1_374' title='bbox 1675 4440 1827 4518; x_wconf 87' lang='lat' dir='ltr'><strong>tanquam</strong></span> 
     </span>
    </p>

    <p class='ocr_par' dir='ltr' id='par_1_16' title="bbox 27 4534 1827 4733">
     <span class='ocr_line' id='line_1_35' title="bbox 148 4534 1827 4622; baseline -0.002 -18"><span class='ocrx_word' id='word_1_375' title='bbox 148 4540 359 4617; x_wconf 61' lang='lat' dir='ltr'><strong>excellentiae</strong></span> <span class='ocrx_word' id='word_1_376' title='bbox 380 4549 453 4604; x_wconf 90' lang='lat' dir='ltr'><strong>tuae</strong></span> <span class='ocrx_word' id='word_1_377' title='bbox 478 4537 620 4606; x_wconf 87' lang='lat' dir='ltr'><strong>sobolem</strong></span> <span class='ocrx_word' id='word_1_378' title='bbox 645 4539 854 4604; x_wconf 86' lang='lat' dir='ltr'><strong>tractauimus</strong></span> <span class='ocrx_word' id='word_1_379' title='bbox 878 4543 911 4604; x_wconf 86' lang='lat' dir='ltr'><strong>et</strong></span> <span class='ocrx_word' id='word_1_380' title='bbox 933 4534 1116 4617; x_wconf 82' lang='lat' dir='ltr'><strong>dileximus,</strong></span> <span class='ocrx_word' id='word_1_381' title='bbox 1139 4558 1199 4600; x_wconf 89' lang='lat' dir='ltr'><strong>nec</strong></span> <span class='ocrx_word' id='word_1_382' title='bbox 1222 4535 1310 4602; x_wconf 92' lang='lat' dir='ltr'><strong>hunc</strong></span> <span class='ocrx_word' id='word_1_383' title='bbox 1332 4559 1430 4622; x_wconf 90' lang='lat' dir='ltr'><strong>penes</strong></span> <span class='ocrx_word' id='word_1_384' title='bbox 1448 4559 1505 4604; x_wconf 86' lang='lat' dir='ltr'><strong>nos</strong></span> <span class='ocrx_word' id='word_1_385' title='bbox 1525 4539 1662 4622; x_wconf 87' lang='lat' dir='ltr'><strong>positum</strong></span> <span class='ocrx_word' id='word_1_386' title='bbox 1687 4547 1743 4602; x_wconf 86' lang='lat' dir='ltr'><strong>aut</strong></span> <span class='ocrx_word' id='word_1_387' title='bbox 1766 4547 1827 4608; x_wconf 84' lang='lat' dir='ltr'><strong>tar·</strong></span> 
     </span>
     <span class='ocr_line' id='line_1_36' title="bbox 27 4627 1822 4733; baseline -0.004 -17"><span class='ocrx_word' id='word_1_388' title='bbox 27 4627 28 4698; x_wconf 61' lang='grc' dir='ltr'><strong>Ᾰ</strong></span> <span class='ocrx_word' id='word_1_389' title='bbox 147 4648 229 4725; x_wconf 75' lang='lat' dir='ltr'><strong>ditas</strong></span> <span class='ocrx_word' id='word_1_390' title='bbox 253 4667 397 4733; x_wconf 86' lang='lat' dir='ltr'><strong>unquam</strong></span> <span class='ocrx_word' id='word_1_391' title='bbox 421 4647 584 4730; x_wconf 83' lang='lat' dir='ltr'><strong>temporis,</strong></span> <span class='ocrx_word' id='word_1_392' title='bbox 609 4653 664 4714; x_wconf 87' lang='lat' dir='ltr'><strong>aut</strong></span> <span class='ocrx_word' id='word_1_393' title='bbox 687 4646 798 4710; x_wconf 89' lang='lat' dir='ltr'><strong>intima</strong></span> <span class='ocrx_word' id='word_1_394' title='bbox 821 4641 965 4709; x_wconf 89' lang='lat' dir='ltr'><strong>locorum</strong></span> <span class='ocrx_word' id='word_1_395' title='bbox 996 4665 1016 4708; x_wconf 88' lang='lat' dir='ltr'><strong>a</strong></span> <span class='ocrx_word' id='word_1_396' title='bbox 1049 4641 1266 4727; x_wconf 81' lang='lat' dir='ltr'><strong>penetralibus</strong></span> <span class='ocrx_word' id='word_1_397' title='bbox 1298 4643 1415 4708; x_wconf 79' lang='lat' dir='ltr'><strong>nesbit</strong></span> <span class='ocrx_word' id='word_1_398' title='bbox 1447 4641 1553 4708; x_wconf 83' lang='lat' dir='ltr'><strong>fecere</strong></span> <span class='ocrx_word' id='word_1_399' title='bbox 1583 4652 1744 4712; x_wconf 80' lang='lat' dir='ltr'><strong>extorrem</strong></span> <span class='ocrx_word' id='word_1_400' title='bbox 1770 4650 1822 4708; x_wconf 80' lang='lat' dir='ltr'><strong>eto</strong></span> 
     </span>
    </p>
   </div>
   <div class='ocr_carea' id='block_1_16' title="bbox 27 4725 1826 4940">
    <p class='ocr_par' dir='ltr' id='par_1_17' title="bbox 27 4725 1826 4940">
     <span class='ocr_line' id='line_1_37' title="bbox 27 4725 518 4841; baseline -0.014 -18"><span class='ocrx_word' id='word_1_401' title='bbox 27 4725 29 4800; x_wconf 81' lang='grc' dir='ltr'>ἶ</span> <span class='ocrx_word' id='word_1_402' title='bbox 146 4753 257 4841; x_wconf 66' lang='lat' dir='ltr'><strong>(natja</strong></span> <span class='ocrx_word' id='word_1_403' title='bbox 280 4751 518 4837; x_wconf 70' lang='lat' dir='ltr'><strong>tzosavtjooo).</strong></span> 
     </span>
     <span class='ocr_line' id='line_1_38' title="bbox 27 4845 1826 4940; baseline -0.003 -19"><span class='ocrx_word' id='word_1_404' title='bbox 27 4851 28 4854; x_wconf 63' lang='grc'>’</span> <span class='ocrx_word' id='word_1_405' title='bbox 106 4845 109 4852; x_wconf 75' lang='grc'><strong>’</strong></span> <span class='ocrx_word' id='word_1_406' title='bbox 305 4857 363 4922; x_wconf 89' lang='lat' dir='ltr'><strong>Sat</strong></span> <span class='ocrx_word' id='word_1_407' title='bbox 384 4879 446 4926; x_wconf 84' lang='lat' dir='ltr'><strong>uec</strong></span> <span class='ocrx_word' id='word_1_408' title='bbox 469 4857 529 4922; x_wconf 89' lang='lat' dir='ltr'><strong>hoe</strong></span> <span class='ocrx_word' id='word_1_409' title='bbox 552 4856 774 4927; x_wconf 82' lang='lat' dir='ltr'><strong>ammiratione</strong></span> <span class='ocrx_word' id='word_1_410' title='bbox 805 4863 900 4936; x_wconf 84' lang='lat' dir='ltr'><strong>caret,</strong></span> <span class='ocrx_word' id='word_1_411' title='bbox 924 4852 1011 4940; x_wconf 87' lang='lat' dir='ltr'><strong>qnod</strong></span> <span class='ocrx_word' id='word_1_412' title='bbox 1027 4854 1155 4934; x_wconf 80' lang='lat' dir='ltr'><strong>asseris,</strong></span> <span class='ocrx_word' id='word_1_413' title='bbox 1173 4853 1350 4938; x_wconf 88' lang='lat' dir='ltr'><strong>principem</strong></span> <span class='ocrx_word' id='word_1_414' title='bbox 1374 4853 1518 4918; x_wconf 83' lang='lat' dir='ltr'><strong>Arabum</strong></span> <span class='ocrx_word' id='word_1_415' title='bbox 1551 4851 1826 4938; x_wconf 88' lang='lat' dir='ltr'><strong>protosymbolum</strong></span> 
     </span>
    </p>
   </div>
   <div class='ocr_carea' id='block_1_17' title="bbox 27 4955 1826 5046">
    <p class='ocr_par' dir='ltr' id='par_1_18' title="bbox 27 4955 1826 5046">
     <span class='ocr_line' id='line_1_39' title="bbox 27 4955 1826 5046; baseline -0.005 -15"><span class='ocrx_word' id='word_1_416' title='bbox 27 5005 28 5008; x_wconf 61' lang='lat'><em>=</em></span> <span class='ocrx_word' id='word_1_417' title='bbox 149 4965 221 5046; x_wconf 87' lang='lat' dir='ltr'><strong>dici,</strong></span> <span class='ocrx_word' id='word_1_418' title='bbox 246 4985 321 5029; x_wconf 93' lang='lat' dir='ltr'><strong>cum</strong></span> <span class='ocrx_word' id='word_1_419' title='bbox 346 4963 378 5026; x_wconf 90' lang='lat' dir='ltr'><strong>io</strong></span> <span class='ocrx_word' id='word_1_420' title='bbox 403 4960 621 5028; x_wconf 80' lang='lat' dir='ltr'><strong>voluminibus</strong></span> <span class='ocrx_word' id='word_1_421' title='bbox 645 4961 763 5026; x_wconf 82' lang='lat' dir='ltr'><strong>nostris</strong></span> <span class='ocrx_word' id='word_1_422' title='bbox 787 4959 865 5026; x_wconf 93' lang='lat' dir='ltr'><strong>nibil</strong></span> <span class='ocrx_word' id='word_1_423' title='bbox 889 4958 953 5024; x_wconf 82' lang='lat' dir='ltr'><strong>tale</strong></span> <span class='ocrx_word' id='word_1_424' title='bbox 970 4960 1180 5044; x_wconf 89' lang='lat' dir='ltr'><strong>repperiatur,</strong></span> <span class='ocrx_word' id='word_1_425' title='bbox 1205 4969 1237 5023; x_wconf 87' lang='lat' dir='ltr'><strong>et</strong></span> <span class='ocrx_word' id='word_1_426' title='bbox 1266 4959 1364 5023; x_wconf 90' lang='lat' dir='ltr'><strong>vestri</strong></span> <span class='ocrx_word' id='word_1_427' title='bbox 1392 4957 1519 5024; x_wconf 84' lang='lat' dir='ltr'><strong>codices</strong></span> <span class='ocrx_word' id='word_1_428' title='bbox 1543 4958 1638 5032; x_wconf 87' lang='lat' dir='ltr'><strong>modo</strong></span> <span class='ocrx_word' id='word_1_429' title='bbox 1670 4955 1826 5040; x_wconf 89' lang='lat' dir='ltr'><strong>architon,</strong></span> 
     </span>
    </p>
   </div>
   <div class='ocr_carea' id='block_1_18' title="bbox 148 5063 1826 5153">
    <p class='ocr_par' dir='ltr' id='par_1_19' title="bbox 148 5063 1826 5153">
     <span class='ocr_line' id='line_1_40' title="bbox 148 5063 1826 5153; baseline -0.007 -17"><span class='ocrx_word' id='word_1_430' title='bbox 148 5071 241 5142; x_wconf 91' lang='lat' dir='ltr'><strong>modo</strong></span> <span class='ocrx_word' id='word_1_431' title='bbox 266 5090 389 5153; x_wconf 89' lang='lat' dir='ltr'><strong>regem,</strong></span> <span class='ocrx_word' id='word_1_432' title='bbox 413 5065 466 5134; x_wconf 73' lang='lat' dir='ltr'><strong>uel</strong></span> <span class='ocrx_word' id='word_1_433' title='bbox 490 5065 553 5132; x_wconf 90' lang='lat' dir='ltr'><strong>alio</strong></span> <span class='ocrx_word' id='word_1_434' title='bbox 577 5065 720 5152; x_wconf 90' lang='lat' dir='ltr'><strong>quolibet</strong></span> <span class='ocrx_word' id='word_1_435' title='bbox 743 5063 901 5132; x_wconf 84' lang='lat' dir='ltr'><strong>vocabulo</strong></span> <span class='ocrx_word' id='word_1_436' title='bbox 917 5063 1252 5149; x_wconf 63' lang='lat' dir='ltr'><strong>nuncupentverum</strong></span> <span class='ocrx_word' id='word_1_437' title='bbox 1271 5087 1327 5130; x_wconf 84' lang='lat' dir='ltr'><strong>nor</strong></span> <span class='ocrx_word' id='word_1_438' title='bbox 1345 5063 1628 5130; x_wconf 81' lang='lat' dir='ltr'><strong>omnibuslittoris</strong></span> <span class='ocrx_word' id='word_1_439' title='bbox 1651 5064 1826 5148; x_wconf 76' lang='lat' dir='ltr'><strong>scripturas</strong></span> 
     </span>
    </p>
   </div>
   <div class='ocr_carea' id='block_1_19' title="bbox 27 5165 1860 5364">
    <p class='ocr_par' dir='ltr' id='par_1_20' title="bbox 27 5165 1860 5364">
     <span class='ocr_line' id='line_1_41' title="bbox 27 5165 1860 5266; baseline -0.01 -20"><span class='ocrx_word' id='word_1_440' title='bbox 27 5227 29 5266; x_wconf 72' lang='lat'><strong>,</strong></span> <span class='ocrx_word' id='word_1_441' title='bbox 146 5201 254 5260; x_wconf 78' lang='lat' dir='ltr'><strong>sacras</strong></span> <span class='ocrx_word' id='word_1_442' title='bbox 288 5174 511 5262; x_wconf 80' lang='lat' dir='ltr'><strong>praeferimus,</strong></span> <span class='ocrx_word' id='word_1_443' title='bbox 543 5195 626 5260; x_wconf 91' lang='lat' dir='ltr'><strong>quae</strong></span> <span class='ocrx_word' id='word_1_444' title='bbox 650 5195 707 5260; x_wconf 89' lang='lat' dir='ltr'><strong>per</strong></span> <span class='ocrx_word' id='word_1_445' title='bbox 730 5171 836 5242; x_wconf 90' lang='lat' dir='ltr'><strong>Dauid</strong></span> <span class='ocrx_word' id='word_1_446' title='bbox 853 5193 923 5250; x_wconf 22' lang='lat' dir='ltr'><strong>non·</strong></span> <span class='ocrx_word' id='word_1_447' title='bbox 941 5167 1199 5257; x_wconf 85' lang='lat' dir='ltr'><strong>protosymbulos</strong></span> <span class='ocrx_word' id='word_1_448' title='bbox 1226 5181 1274 5233; x_wconf 92' lang='lat' dir='ltr'><strong>set</strong></span> <span class='ocrx_word' id='word_1_449' title='bbox 1296 5191 1389 5253; x_wconf 88' lang='lat' dir='ltr'><strong>reges</strong></span> <span class='ocrx_word' id='word_1_450' title='bbox 1412 5167 1556 5237; x_wconf 84' lang='lat' dir='ltr'><strong>Arabum</strong></span> <span class='ocrx_word' id='word_1_451' title='bbox 1581 5176 1613 5234; x_wconf 88' lang='lat' dir='ltr'><strong>et</strong></span> <span class='ocrx_word' id='word_1_452' title='bbox 1636 5165 1722 5236; x_wconf 88' lang='lat' dir='ltr'><strong>Saba</strong></span> <span class='ocrx_word' id='word_1_453' title='bbox 1753 5188 1825 5256; x_wconf 90' lang='lat' dir='ltr'><strong>pro·</strong></span> <span class='ocrx_word' id='word_1_454' title='bbox 1853 5183 1860 5194; x_wconf 95' lang='lat'>·</span> 
     </span>
     <span class='ocr_line' id='line_1_42' title="bbox 27 5269 1825 5364; baseline -0.009 -12"><span class='ocrx_word' id='word_1_455' title='bbox 27 5275 29 5352; x_wconf 61' lang='lat' dir='ltr'>ss</span> <span class='ocrx_word' id='word_1_456' title='bbox 146 5283 240 5351; x_wconf 85' lang='lat' dir='ltr'><strong>licere</strong></span> <span class='ocrx_word' id='word_1_457' title='bbox 273 5281 476 5350; x_wconf 85' lang='lat' dir='ltr'><strong>confitentur.</strong></span> <span class='ocrx_word' id='word_1_458' title='bbox 510 5277 699 5364; x_wconf 81' lang='lat' dir='ltr'><strong>Cbagaunm</strong></span> <span class='ocrx_word' id='word_1_459' title='bbox 724 5299 801 5342; x_wconf 85' lang='lat' dir='ltr'><strong>vero</strong></span> <span class='ocrx_word' id='word_1_460' title='bbox 825 5297 888 5342; x_wconf 92' lang='lat' dir='ltr'><strong>nou</strong></span> <span class='ocrx_word' id='word_1_461' title='bbox 923 5273 1102 5361; x_wconf 88' lang='lat' dir='ltr'><strong>praelatum</strong></span> <span class='ocrx_word' id='word_1_462' title='bbox 1126 5274 1281 5355; x_wconf 85' lang='lat' dir='ltr'><strong>Avarum,</strong></span> <span class='ocrx_word' id='word_1_463' title='bbox 1303 5298 1365 5340; x_wconf 88' lang='lat' dir='ltr'><strong>non</strong></span> <span class='ocrx_word' id='word_1_464' title='bbox 1390 5273 1599 5356; x_wconf 68' lang='lat' dir='ltr'><strong>(lazarorum,</strong></span> <span class='ocrx_word' id='word_1_465' title='bbox 1630 5282 1686 5339; x_wconf 85' lang='lat' dir='ltr'><strong>aut</strong></span> <span class='ocrx_word' id='word_1_466' title='bbox 1709 5269 1825 5338; x_wconf 87' lang='lat' dir='ltr'><strong>North·</strong></span> 
     </span>
    </p>
   </div>
   <div class='ocr_carea' id='block_1_20' title="bbox 146 5375 1825 5472">
    <p class='ocr_par' dir='ltr' id='par_1_21' title="bbox 27 5375 1825 5478">
     <span class='ocr_line' id='line_1_43' title="bbox 146 5375 1825 5472; baseline -0.007 -15.794"><span class='ocrx_word' id='word_1_467' title='bbox 146 5409 339 5467; x_wconf 80' lang='lat' dir='ltr'><strong>manno-rum</strong></span> <span class='ocrx_word' id='word_1_468' title='bbox 364 5385 541 5472; x_wconf 88' lang='lat' dir='ltr'><strong>nuncupari</strong></span> <span class='ocrx_word' id='word_1_469' title='bbox 574 5385 760 5470; x_wconf 83' lang='lat' dir='ltr'><strong>reperimus,</strong></span> <span class='ocrx_word' id='word_1_470' title='bbox 792 5403 896 5466; x_wconf 87' lang='lat' dir='ltr'><strong>neque</strong></span> <span class='ocrx_word' id='word_1_471' title='bbox 917 5381 1095 5468; x_wconf 87' lang='lat' dir='ltr'><strong>principem</strong></span> <span class='ocrx_word' id='word_1_472' title='bbox 1131 5379 1327 5466; x_wconf 84' lang='lat' dir='ltr'><strong>Vulgarum,</strong></span> <span class='ocrx_word' id='word_1_473' title='bbox 1360 5392 1411 5442; x_wconf 87' lang='lat' dir='ltr'><strong>set</strong></span> <span class='ocrx_word' id='word_1_474' title='bbox 1439 5401 1547 5460; x_wconf 87' lang='lat' dir='ltr'><strong>regem</strong></span> <span class='ocrx_word' id='word_1_475' title='bbox 1577 5375 1629 5444; x_wconf 84' lang='lat' dir='ltr'><strong>vel</strong></span> <span class='ocrx_word' id='word_1_476' title='bbox 1661 5375 1825 5445; x_wconf 86' lang='lat' dir='ltr'><strong>dominum</strong></span> 
     </span>
    </p>
   </div>
   <div class='ocr_carea' id='block_1_21' title="bbox 0 0 2180 5925">
    <p class='ocr_par' dir='ltr' id='par_1_22' title="bbox 0 0 2180 5925">
     <span class='ocr_line' id='line_1_44' title="bbox 0 0 2180 5925; baseline 0 0"><span class='ocrx_word' id='word_1_477' title='bbox 0 0 2180 5925; x_wconf 95' lang='lat' dir='ltr'><strong> </strong></span> 
     </span>
    </p>
   </div>
  </div>
 </body>
</html>
