4310 5918
338 405 402 476 150

332 603 393 670 hac
413 604 464 670 dis
487 605 519 670 in
536 610 638 680 antea,
656 627 790 691 quarum
807 605 912 672 nullus
933 614 1117 671 nostrorum
1135 607 1254 672 ciuium
1272 605 1389 673 audeat
1414 606 1575 674 adducere
1597 608 1814 674 Nortmannos
1831 618 1888 673 aut
1911 617 2018 674 extra·
2132 591 2134 614 Ι

337 734 415 777 neos
437 713 471 776 in
496 711 701 794 Dalmatiam,
726 721 780 776 aut
803 735 860 799 per
886 736 920 778 se
945 715 1050 799 ipsum
1074 711 1127 778 vel
1150 715 1264 801 quouis
1289 715 1429 798 ingenio.

495 816 528 882 Si
553 819 624 904 quis
647 827 752 882 autem
775 817 870 884 huius
894 817 1026 884 sceleris
1049 821 1270 907 preuaricator
1294 821 1451 886 inuentus
1475 819 1580 903 fuerit,
1606 829 1637 884 et
1654 841 1688 884 se
1705 819 1847 906 legitime
1864 843 2024 886 excusare

338 947 400 990 non
436 927 559 1011 poterit,
591 926 716 990 amittat
748 927 845 990 vitam
871 949 971 1009 suam,
992 939 1023 992 ct
1046 926 1202 1014 quidquid
1228 927 1373 1014 possidet
1399 929 1433 991 in
1456 925 1519 991 hcc
1544 925 1661 1006 seculo,
1685 925 1890 992 medietatem
1914 929 1947 992 in
1971 949 2022 992 ca·

339 1054 428 1096 mera
451 1031 550 1112 ducis,
575 1041 606 1095 ct
622 1031 826 1096 medietatem
844 1033 978 1112 ciuibus,
1000 1035 1111 1120 quain
1129 1029 1260 1098 ciuitate
1276 1035 1498 1122 preuaricator
1514 1035 1665 1099 inuentus
1685 1032 1790 1116 fuerit,
1808 1055 1865 1119 per
1882 1031 2020 1098 iudicem

338 1148 370 1202 et
392 1159 450 1225 per
479 1160 643 1202 romanam
676 1137 789 1224 legem,
823 1141 941 1226 quein
967 1141 1104 1225 presenti
1131 1141 1248 1226 pagina
1272 1142 1392 1226 scripta
1415 1162 1488 1205 esse
1514 1140 1663 1204 videatur
1686 1142 1717 1204 in
1742 1151 1855 1228 quarto
1879 1139 2022 1227 capitulo

338 1245 481 1310 eiusdem
505 1243 596 1328 legis.
621 1243 707 1324 Quia
730 1248 756 1309 si
781 1248 853 1332 quis
877 1245 1024 1312 inimicos
1048 1245 1132 1312 infra
1157 1247 1353 1332 prouinciam
1378 1248 1570 1330 inuitauerit,
1595 1255 1650 1312 aut
1674 1245 1899 1328 introduxerit,
1913 1247 2023 1312 auimo

339 1373 396 1416 sue
419 1353 561 1418 incurrat
583 1350 759 1438 periculum
784 1361 817 1418 et
836 1375 887 1417 res
909 1355 977 1418 eius
1001 1352 1188 1419 inferantur.

497 1457 631 1542 Signum
664 1479 776 1524 manus
807 1451 920 1546 prioris
947 1459 1104 1546 spalatine
1135 1461 1274 1524 ciuitatis
1298 1459 1452 1546 Stephani
1477 1458 1600 1540 Valize,
1625 1461 1680 1548 qui
1703 1459 1765 1524 hoc
1790 1460 1918 1544 rogauit
1942 1458 2023 1524 lieri.

341 1563 385 1630 Et
406 1586 590 1629 successere
609 1587 729 1646 omnes,
754 1568 808 1652 qui
833 1568 1096 1653 supranominati,
1120 1564 1327 1632 subscribunt
1348 1577 1384 1632 ut
1407 1589 1513 1653 supra,
1540 1566 1617 1632 inde
1640 1568 1673 1630 in
1696 1565 1795 1631 calce.

498 1671 567 1756 Ego
592 1671 784 1738 Laurentius
808 1683 917 1738 sancte
947 1673 1125 1738 salonitana
1148 1671 1285 1737 ecclesie
1308 1672 1573 1761 archiepiscopus
1600 1673 1725 1738 ratifico
1750 1683 1782 1738 et
1805 1671 1972 1738 confirmo.

498 1776 569 1862 Ego
588 1777 760 1842 Forminus
781 1781 931 1844 nonensis
956 1781 1126 1866 episcopus
1152 1779 1277 1842 ratifico
1298 1787 1329 1843 et
1353 1782 1516 1846 confirmo.

496 1883 569 1968 Ego
591 1883 734 1949 Joannes
758 1869 859 1952 abbas
883 1887 985 1950 sancti
1009 1884 1238 1966 Bartholomei,
1262 1885 1386 1950 ratifieo
1411 1896 1443 1950 et
1465 1886 1627 1951 confirmo.

493 1989 565 2074 Ego
590 1989 788 2057 Prestantius
812 1995 983 2079 episcopus
1005 1991 1229 2078 belgradensis
1251 1993 1375 2057 ratifico
1396 2003 1428 2056 et
1447 1991 1613 2056 confirmo.

496 2095 612 2161 Petrus
635 2097 778 2164 Heucius
802 2103 903 2166 sancti
920 2100 1022 2165 Marci
1046 2100 1201 2164 diaconus
1218 2107 1250 2162 et
1265 2097 1356 2164 ducis
1379 2097 1514 2163 Venetis
1537 2096 1659 2162 domini
1684 2095 1776 2163 Siluii
1805 2097 2026 2185 cappellanus,

340 2210 471 2286 rogatus
493 2202 629 2268 edictis
652 2202 845 2288 hominibus,
871 2207 1000 2293 scripsit
1023 2217 1055 2270 et
1078 2204 1251 2292 compleuit
1273 2203 1418 2270 feliciter.

497 2333 526 2388 Ia
555 2333 708 2405 rukopisa:
741 2334 835 2391 Codex
868 2337 1062 2408 diplomaticus
1091 2336 1265 2391 Treuisanus
1287 2353 1308 2388 s.
1341 2335 1439 2407 Marci,
1463 2355 1481 2392 u
1505 2336 1639 2409 knjitnici
1665 2335 1816 2408 mletadkoj
1849 2355 1890 2391 ιι.
1914 2335 2028 2392 Morka

342 2419 385 2476 Ol.
410 2421 445 2478 X.
469 2423 531 2477 cod.
550 2422 684 2479 LXXXI.
705 2423 725 2480 f.
754 2425 826 2478 113.

762 2567 1031 2649 CLXXXIV.
1058 2568 1168 2654 tots.
1196 2569 1385 2671 mjesecu
1407 2569 1601 2652 studena.

344 2709 478 2772 Gerordo
495 2712 639 2785 posonen
660 2711 803 2786 paptnslri
826 2712 954 2785 umtrujc
976 2731 1017 2772 aa
1040 2715 1193 2774 crlcucnom
1225 2715 1315 2774 ahora
1337 2715 1514 2788 antistatum,
1533 2731 1645 2787 surpra
1670 2715 1770 2790 mauja
1791 2716 1960 2805 cistarum,
1976 2733 2028 2774 ro-

344 2818 476 2876 dorslrtm
499 2819 510 2876 ι’
532 2822 648 2892 opotom
670 2833 712 2878 so.
737 2816 896 2876 Krdeoana
929 2819 997 2878 rudi
1020 2821 1123 2894 tapeta
1153 2837 1196 2880 sa.
1229 2816 1335 2891 lacau,
1366 2821 1437 2894 sora
1470 2821 1582 2880 dorcon
1618 2819 1752 2880 Gorbinc
1781 2826 1960 2882 comestores
1987 2840 2029 2882 sa.

1095 2925 1262 2986 Krievono.

504 3037 539 3100 111
564 3058 648 3101 anno
678 3036 849 3102 MLXXV.
867 3037 908 3102 ab
924 3038 1147 3102 incarnacione
1163 3037 1284 3105 domini
1312 3039 1412 3103 nostri
1433 3036 1515 3102 ¹Jssu
1538 3037 1667 3118 Christi,
1693 3060 1802 3102 mense
1825 3038 2030 3118 nousmbris,

346 3167 384 3207 ea
407 3149 607 3228 tempestate,
632 3165 697 3229 qua
723 3166 831 3208 comes
854 3143 988 3209 Amicus
1004 3166 1113 3229 regem
1130 3143 1258 3208 Oroatia
1284 3145 1378 3231 cepit.
1402 3145 1474 3230 Ego
1498 3143 1656 3210 Girardus
1680 3168 1704 3211 s.
1729 3167 1860 3210 romane
1885 3146 2027 3212 ecclesie

344 3250 567 3336 apocrisarius,
588 3251 815 3338 sipontineque
847 3251 934 3316 sedis
966 3252 1073 3334 gratia
1096 3249 1146 3314 dei
1170 3248 1380 3337 archipresul,
1417 3253 1534 3314 missus
1557 3275 1577 3316 a
1600 3250 1729 3316 domino
1762 3249 1922 3336 Gregorio
1947 3274 2031 3339 papa

349 3364 454 3440 partes
484 3357 518 3419 in
548 3357 636 3435 istas,
671 3358 767 3421 statui
802 3368 945 3422 sanctam
978 3355 1136 3444 synodum
1161 3356 1321 3442 spalatina
1358 3359 1390 3422 in
1419 3357 1497 3422 urbe
1522 3357 1647 3438 sedens,
1671 3359 1821 3423 uniuerso
1846 3381 1919 3422 cum
1947 3369 2030 3440 cetu,

347 3464 480 3528 firmans
505 3485 591 3544 vera,
626 3485 784 3528 execrans
820 3463 941 3545 illicita,
976 3486 1130 3551 respuens
1158 3463 1247 3528 l'alsa.
1279 3463 1362 3528 Tum
1390 3465 1421 3530 in
1454 3463 1532 3530 hora
1564 3463 1678 3528 Petrus
1701 3464 1896 3530 venerabilis
1921 3465 2027 3531 abbas

347 3570 450 3656 sancti
474 3566 648 3653 Grisogoni
672 3579 870 3657 conquestus
904 3580 953 3635 est
976 3570 1016 3636 de
1040 3568 1121 3635 cella
1151 3569 1436 3651 sanctiJohannis,
1461 3593 1524 3658 que
1548 3569 1645 3656 vulgo
1668 3569 1797 3655 Silagus
1830 3572 2026 3654 nominatur,

346 3674 431 3760 quod
456 3697 532 3739 suus
556 3677 734 3762 episcopus,
752 3676 907 3742 videlieet
923 3675 1115 3762 Stephanus,
1133 3675 1208 3740 inde
1224 3673 1287 3752 sibi
1304 3675 1492 3757 abstulerat,
1510 3675 1594 3738 unde
1611 3673 1713 3738 abbas
1733 3676 1824 3740 nobis
1849 3675 2030 3742 chartulam

348 3784 501 3866 porrexit,
524 3783 557 3845 in
581 3804 646 3868 qua
668 3784 861 3865 inuenimus,
876 3783 961 3870 quod
987 3781 1141 3864 Gorbina,
1159 3804 1220 3869 que
1237 3781 1312 3846 olim
1331 3780 1548 3867 supradictam
1574 3779 1686 3845 cellam
1711 3804 1768 3845 sua
1792 3794 1905 3867 sponte
1931 3783 2030 3847 dona-

349 3991 447 4077 legati
470 3993 591 4057 domini
616 3992 744 4059 Nicolai
767 4017 858 4082 pape.
883 3993 946 4059 Sed
969 3994 1074 4060 dietus
1099 3995 1315 4080 apocrisarius
1332 3992 1446 4057 videus
1470 3991 1531 4057 hoc
1554 4003 1622 4058 arte
1646 3992 1809 4058 diabolica
1835 3995 2026 4077 machinari,

348 4097 457 4164 audax
482 4109 515 4162 ut
539 4101 699 4185 scriptura
723 4110 867 4180 testatur,
885 4103 987 4166 iustus
1004 4099 1137 4164 confidit
1154 4110 1187 4182 ut
1213 4097 1271 4181 leo,
1304 4099 1469 4164 inuestiuit
1491 4099 1641 4163 abbatem
1667 4122 1724 4184 per
1746 4097 1906 4176 baculum,
1931 4123 2029 4188 quem

349 4205 497 4290 gestabat
521 4227 626 4286 manu,
644 4205 755 4270 eodem
775 4209 880 4293 priore
897 4206 1093 4272 concedente
1110 4229 1182 4270 cum
1200 4229 1259 4270 suo
1277 4204 1409 4292 populo,
1433 4215 1465 4270 et
1480 4207 1612 4291 insuper
1635 4216 1762 4269 eternas
1785 4204 2029 4272 maledictiones

349 4312 465 4375 futuris
488 4311 737 4397 usurpatoribus
762 4311 860 4378 dedit.
886 4313 957 4399 Ego
980 4323 1086 4378 autem
1110 4313 1224 4377 videns
1248 4313 1308 4377 sibi
1332 4311 1414 4377 iuste
1438 4313 1518 4394 lieri,
1542 4323 1574 4376 ct
1595 4335 1688 4378 omne
1712 4311 1880 4377 consilium
1907 4335 2027 4388 meum,

350 4440 476 4481 rursum
501 4418 696 4504 precipimus
718 4441 777 4483 suo
804 4417 921 4505 presuli
943 4421 1095 4484 inuestire
1110 4419 1259 4484 abbatem
1277 4443 1334 4484 suo
1352 4419 1405 4484 illo
1426 4418 1581 4499 cenobio,
1595 4441 1652 4506 per
1668 4417 1796 4505 pedum,
1818 4403 1913 4506 quod¹
1932 4443 2029 4485 manu

303 4515 310 4526 ’
350 4521 516 4610 portabat;
548 4523 841 4589 contradicentibus
868 4535 973 4590 autem
1005 4535 1117 4591 nostra
1149 4525 1248 4590 verbs
1280 4524 1348 4605 hec,
1381 4537 1413 4590 et
1443 4525 1569 4591 auferre
1593 4525 1785 4606 volentibus,
1824 4538 1896 4616 post
1930 4529 2029 4592 noxia

352 4627 453 4694 verba
466 4623 562 4693 'itlius
579 4630 668 4694 missi
685 4631 800 4716 prioris
828 4629 1057 4712 collaudamus,
1074 4643 1106 4697 et
1122 4643 1231 4696 nostra
1254 4633 1386 4719 insuper
1409 4636 1582 4720 posuimus.
1607 4633 1801 4698 Laurentius
1825 4633 2027 4720 archipresul

351 4735 520 4819 collaudat,
545 4746 577 4801 et
600 4735 745 4820 roborat3
768 4737 912 4804 Joanncs
936 4743 1119 4824 tragurinus
1151 4741 1320 4826 episcopus
1352 4737 1562 4828 collaudauit3
1596 4739 1795 4805 Prostantius
1827 4741 2028 4806 castilanus¹
2075 4803 2081 4812 .

354 4845 525 4930 episcopus
549 4842 763 4926 collaudauit;
787 4855 820 4910 et
842 4847 946 4910 omnis
969 4847 1112 4934 synodus
1138 4844 1301 4912 collaudat
1323 4855 1355 4910 et
1378 4845 1518 4913 roborat.

509 5001 617 5059 Farlati
640 5004 720 5076 illyr.
744 5004 822 5061 Sacr.
841 5005 877 5065 Τ.
903 5005 955 5060 111.
977 5023 1005 5077 p.
1032 5004 1101 5061 142.

350 5335 610 5350 ffl—

461 5386 471 5426 ¹
495 5391 505 5449 i
529 5433 536 5448 .
557 5410 574 5450 c
597 5434 604 5447 .
626 5391 829 5470 belgradensis.
