<?xml version="1.0" encoding="UTF-8"?>
<!DOCTYPE html PUBLIC "-//W3C//DTD XHTML 1.0 Transitional//EN"
    "http://www.w3.org/TR/xhtml1/DTD/xhtml1-transitional.dtd">
<html xmlns="http://www.w3.org/1999/xhtml" xml:lang="en" lang="en">
 <head>
  <title>
</title>
<meta http-equiv="Content-Type" content="text/html;charset=utf-8" />
  <meta name='ocr-system' content='tesseract 3.04.00' />
  <meta name='ocr-capabilities' content='ocr_page ocr_carea ocr_par ocr_line ocrx_word'/>
</head>
<body>
  <div class='ocr_page' id='page_1' title='image "./codexdiplomatic00unkngoog_0156.png"; bbox 0 0 4310 5918; ppageno 0'>
   <div class='ocr_carea' id='block_1_1' title="bbox 286 434 349 500">
    <p class='ocr_par' dir='ltr' id='par_1_1' title="bbox 286 434 349 500">
     <span class='ocr_line' id='line_1_1' title="bbox 286 434 349 500; baseline 0 -1"><span class='ocrx_word' id='word_1_1' title='bbox 286 434 349 500; x_wconf 87' lang='grc'><strong>110</strong></span> 
     </span>
    </p>
   </div>
   <div class='ocr_carea' id='block_1_2' title="bbox 282 627 1967 924">
    <p class='ocr_par' dir='ltr' id='par_1_2' title="bbox 282 627 1967 924">
     <span class='ocr_line' id='line_1_2' title="bbox 282 627 1967 716; baseline 0 -22"><span class='ocrx_word' id='word_1_2' title='bbox 282 631 354 715; x_wconf 91' lang='lat' dir='ltr'><strong>quis</strong></span> <span class='ocrx_word' id='word_1_3' title='bbox 380 637 600 715; x_wconf 87' lang='lat' dir='ltr'><strong>transgressus</strong></span> <span class='ocrx_word' id='word_1_4' title='bbox 626 628 686 693; x_wconf 92' lang='lat' dir='ltr'><strong>hoc</strong></span> <span class='ocrx_word' id='word_1_5' title='bbox 711 627 816 710; x_wconf 83' lang='lat' dir='ltr'><strong>luerit,</strong></span> <span class='ocrx_word' id='word_1_6' title='bbox 841 637 1012 714; x_wconf 86' lang='lat' dir='ltr'><strong>componat</strong></span> <span class='ocrx_word' id='word_1_7' title='bbox 1035 628 1112 694; x_wconf 88' lang='lat' dir='ltr'>XII.</span> <span class='ocrx_word' id='word_1_8' title='bbox 1137 651 1262 712; x_wconf 89' lang='lat' dir='ltr'><strong>aureos,</strong></span> <span class='ocrx_word' id='word_1_9' title='bbox 1283 631 1309 693; x_wconf 93' lang='lat' dir='ltr'><strong>si</strong></span> <span class='ocrx_word' id='word_1_10' title='bbox 1333 638 1441 694; x_wconf 87' lang='lat' dir='ltr'><strong>autem</strong></span> <span class='ocrx_word' id='word_1_11' title='bbox 1465 639 1529 695; x_wconf 69' lang='lat' dir='ltr'><strong>mm</strong></span> <span class='ocrx_word' id='word_1_12' title='bbox 1554 629 1650 695; x_wconf 85' lang='lat' dir='ltr'><strong>fuerit</strong></span> <span class='ocrx_word' id='word_1_13' title='bbox 1673 630 1849 716; x_wconf 90' lang='lat' dir='ltr'><strong>improbus,</strong></span> <span class='ocrx_word' id='word_1_14' title='bbox 1875 627 1967 715; x_wconf 89' lang='lat' dir='ltr'><strong>quod</strong></span> 
     </span>
     <span class='ocr_line' id='line_1_3' title="bbox 287 735 1965 822; baseline -0.001 -22"><span class='ocrx_word' id='word_1_15' title='bbox 287 744 451 812; x_wconf 86' lang='lat' dir='ltr'><strong>statutuni,</strong></span> <span class='ocrx_word' id='word_1_16' title='bbox 475 737 505 799; x_wconf 90' lang='lat' dir='ltr'><strong>in</strong></span> <span class='ocrx_word' id='word_1_17' title='bbox 531 735 592 799; x_wconf 90' lang='lat' dir='ltr'><strong>hoc</strong></span> <span class='ocrx_word' id='word_1_18' title='bbox 615 735 852 820; x_wconf 73' lang='lat' dir='ltr'>contempserit,</span> <span class='ocrx_word' id='word_1_19' title='bbox 877 736 998 799; x_wconf 85' lang='lat' dir='ltr'><strong>tamdiu</strong></span> <span class='ocrx_word' id='word_1_20' title='bbox 1016 735 1057 798; x_wconf 91' lang='lat' dir='ltr'><strong>ab</strong></span> <span class='ocrx_word' id='word_1_21' title='bbox 1082 735 1220 800; x_wconf 89' lang='lat' dir='ltr'><strong>ecelesia</strong></span> <span class='ocrx_word' id='word_1_22' title='bbox 1244 745 1420 822; x_wconf 86' lang='lat' dir='ltr'><strong>separetur,</strong></span> <span class='ocrx_word' id='word_1_23' title='bbox 1444 737 1596 822; x_wconf 82' lang='lat' dir='ltr'><strong>quamdin</strong></span> <span class='ocrx_word' id='word_1_24' title='bbox 1629 740 1771 822; x_wconf 83' lang='lat' dir='ltr'><strong>peniteat</strong></span> <span class='ocrx_word' id='word_1_25' title='bbox 1794 759 1898 821; x_wconf 83' lang='lat' dir='ltr'><strong>usqne</strong></span> <span class='ocrx_word' id='word_1_26' title='bbox 1923 737 1965 798; x_wconf 88' lang='lat' dir='ltr'><strong>ad</strong></span> 
     </span>
     <span class='ocr_line' id='line_1_4' title="bbox 285 841 745 924; baseline -0.007 -17"><span class='ocrx_word' id='word_1_27' title='bbox 285 841 536 907; x_wconf 73' lang='lat' dir='ltr'><strong>satisfactionem</strong></span> <span class='ocrx_word' id='word_1_28' title='bbox 560 861 745 924; x_wconf 84' lang='lat' dir='ltr'><strong>congruam.</strong></span> 
     </span>
    </p>
   </div>
   <div class='ocr_carea' id='block_1_3' title="bbox 282 969 1971 1218">
    <p class='ocr_par' dir='ltr' id='par_1_3' title="bbox 282 969 1971 1218">
     <span class='ocr_line' id='line_1_5' title="bbox 442 969 1967 1042; baseline -0.001 -16"><span class='ocrx_word' id='word_1_29' title='bbox 442 971 515 1026; x_wconf 89' lang='lat' dir='ltr'><strong>Stari</strong></span> <span class='ocrx_word' id='word_1_30' title='bbox 550 969 645 1040; x_wconf 87' lang='lat' dir='ltr'><strong>prepis</strong></span> <span class='ocrx_word' id='word_1_31' title='bbox 668 970 693 1023; x_wconf 87' lang='lat' dir='ltr'><strong>iz</strong></span> <span class='ocrx_word' id='word_1_32' title='bbox 728 969 777 1023; x_wconf 92' lang='lat' dir='ltr'>XI.</span> <span class='ocrx_word' id='word_1_33' title='bbox 810 969 892 1024; x_wconf 84' lang='lat' dir='ltr'><strong>vioka</strong></span> <span class='ocrx_word' id='word_1_34' title='bbox 920 988 956 1024; x_wconf 88' lang='grc' dir='ltr'><strong>ιιιι</strong></span> <span class='ocrx_word' id='word_1_35' title='bbox 985 970 1149 1042; x_wconf 77' lang='lat' dir='ltr'><strong>pergameni</strong></span> <span class='ocrx_word' id='word_1_36' title='bbox 1173 970 1263 1026; x_wconf 86' lang='lat' dir='ltr'><strong>nalazi</strong></span> <span class='ocrx_word' id='word_1_37' title='bbox 1286 987 1316 1026; x_wconf 90' lang='lat' dir='ltr'><strong>se</strong></span> <span class='ocrx_word' id='word_1_38' title='bbox 1339 989 1357 1025; x_wconf 94' lang='lat' dir='ltr'><strong>u</strong></span> <span class='ocrx_word' id='word_1_39' title='bbox 1376 971 1561 1042; x_wconf 79' lang='lat' dir='ltr'><strong>zagrobadkoj</strong></span> <span class='ocrx_word' id='word_1_40' title='bbox 1596 971 1759 1041; x_wconf 84' lang='lat' dir='ltr'><strong>zemaljslroj</strong></span> <span class='ocrx_word' id='word_1_41' title='bbox 1792 970 1967 1041; x_wconf 80' lang='lat' dir='ltr'><strong>piemohrani</strong></span> 
     </span>
     <span class='ocr_line' id='line_1_6' title="bbox 283 1056 1971 1133; baseline -0.001 -19"><span class='ocrx_word' id='word_1_42' title='bbox 283 1060 379 1130; x_wconf 86' lang='lat' dir='ltr'><strong>medju</strong></span> <span class='ocrx_word' id='word_1_43' title='bbox 397 1058 480 1130; x_wconf 83' lang='lat' dir='ltr'><strong>pismi</strong></span> <span class='ocrx_word' id='word_1_44' title='bbox 502 1057 573 1112; x_wconf 91' lang='lat' dir='ltr'><strong>Doc.</strong></span> <span class='ocrx_word' id='word_1_45' title='bbox 601 1056 782 1112; x_wconf 78' lang='lat' dir='ltr'><strong>IIIGodina</strong></span> <span class='ocrx_word' id='word_1_46' title='bbox 808 1057 902 1111; x_wconf 86' lang='grc'><strong>1046.</strong></span> <span class='ocrx_word' id='word_1_47' title='bbox 926 1058 970 1112; x_wconf 84' lang='lat' dir='ltr'><strong>zlo</strong></span> <span class='ocrx_word' id='word_1_48' title='bbox 990 1061 1020 1128; x_wconf 85' lang='lat' dir='ltr'><strong>je</strong></span> <span class='ocrx_word' id='word_1_49' title='bbox 1055 1059 1203 1133; x_wconf 83' lang='lat' dir='ltr'><strong>stavljena,</strong></span> <span class='ocrx_word' id='word_1_50' title='bbox 1223 1061 1269 1128; x_wconf 81' lang='lat' dir='ltr'><strong>J&#39;er</strong></span> <span class='ocrx_word' id='word_1_51' title='bbox 1300 1059 1479 1130; x_wconf 80' lang='lat' dir='ltr'><strong>neodgovara</strong></span> <span class='ocrx_word' id='word_1_52' title='bbox 1510 1060 1561 1112; x_wconf 86' lang='lat' dir='ltr'><strong>niti</strong></span> <span class='ocrx_word' id='word_1_53' title='bbox 1592 1059 1728 1129; x_wconf 82' lang='lat' dir='ltr'><strong>indikciji,</strong></span> <span class='ocrx_word' id='word_1_54' title='bbox 1758 1059 1810 1113; x_wconf 90' lang='lat' dir='ltr'><strong>niti</strong></span> <span class='ocrx_word' id='word_1_55' title='bbox 1834 1059 1971 1128; x_wconf 80' lang='lat' dir='ltr'><strong>sladanjn</strong></span> 
     </span>
     <span class='ocr_line' id='line_1_7' title="bbox 282 1145 1333 1218; baseline -0.004 -16"><span class='ocrx_word' id='word_1_56' title='bbox 282 1147 374 1202; x_wconf 85' lang='lat' dir='ltr'><strong>carice</strong></span> <span class='ocrx_word' id='word_1_57' title='bbox 397 1146 535 1215; x_wconf 80' lang='lat' dir='ltr'><strong>Tendere,</strong></span> <span class='ocrx_word' id='word_1_58' title='bbox 557 1146 609 1199; x_wconf 91' lang='lat' dir='ltr'><strong>niti</strong></span> <span class='ocrx_word' id='word_1_59' title='bbox 633 1145 839 1216; x_wconf 84' lang='lat' dir='ltr'><strong>biskupovanju</strong></span> <span class='ocrx_word' id='word_1_60' title='bbox 864 1145 981 1216; x_wconf 91' lang='lat' dir='ltr'><strong>Andrije</strong></span> <span class='ocrx_word' id='word_1_61' title='bbox 1005 1145 1127 1217; x_wconf 82' lang='lat' dir='ltr'><strong>biskupa</strong></span> <span class='ocrx_word' id='word_1_62' title='bbox 1150 1147 1333 1218; x_wconf 84' lang='lat' dir='ltr'><strong>zadarskoga.</strong></span> 
     </span>
    </p>
   </div>
   <div class='ocr_carea' id='block_1_4' title="bbox 808 1383 1427 1468">
    <p class='ocr_par' dir='ltr' id='par_1_4' title="bbox 808 1383 1427 1468">
     <span class='ocr_line' id='line_1_8' title="bbox 808 1383 1427 1468; baseline 0.002 -3"><span class='ocrx_word' id='word_1_63' title='bbox 808 1383 1028 1466; x_wconf 78' lang='lat' dir='ltr'>CXXXII.</span> <span class='ocrx_word' id='word_1_64' title='bbox 1056 1385 1174 1468; x_wconf 76' lang='grc'><strong>1050.</strong></span> <span class='ocrx_word' id='word_1_65' title='bbox 1203 1385 1240 1467; x_wconf 89' lang='lat' dir='ltr'><strong>U</strong></span> <span class='ocrx_word' id='word_1_66' title='bbox 1274 1385 1427 1468; x_wconf 76' lang='lat' dir='ltr'><strong>Zadru.</strong></span> 
     </span>
    </p>
   </div>
   <div class='ocr_carea' id='block_1_5' title="bbox 325 1537 1911 1612">
    <p class='ocr_par' dir='ltr' id='par_1_5' title="bbox 325 1537 1911 1612">
     <span class='ocr_line' id='line_1_9' title="bbox 325 1537 1911 1612; baseline -0.003 -11"><span class='ocrx_word' id='word_1_67' title='bbox 325 1541 432 1602; x_wconf 83' lang='lat' dir='ltr'><strong>Ribori</strong></span> <span class='ocrx_word' id='word_1_68' title='bbox 448 1539 589 1600; x_wconf 76' lang='lat' dir='ltr'><strong>sodorstt</strong></span> <span class='ocrx_word' id='word_1_69' title='bbox 610 1537 750 1611; x_wconf 73' lang='lat' dir='ltr'><strong>oooetoja</strong></span> <span class='ocrx_word' id='word_1_70' title='bbox 779 1555 810 1596; x_wconf 84' lang='lat' dir='ltr'><strong>se</strong></span> <span class='ocrx_word' id='word_1_71' title='bbox 833 1539 937 1596; x_wconf 82' lang='lat' dir='ltr'><strong>dovoti</strong></span> <span class='ocrx_word' id='word_1_72' title='bbox 959 1543 1133 1597; x_wconf 82' lang='lat' dir='ltr'><strong>samostona</strong></span> <span class='ocrx_word' id='word_1_73' title='bbox 1156 1556 1198 1600; x_wconf 82' lang='lat' dir='ltr'><strong>so.</strong></span> <span class='ocrx_word' id='word_1_74' title='bbox 1223 1539 1382 1598; x_wconf 70' lang='lat' dir='ltr'><strong>Krteoano</strong></span> <span class='ocrx_word' id='word_1_75' title='bbox 1399 1539 1495 1611; x_wconf 77' lang='lat' dir='ltr'><strong>jedna</strong></span> <span class='ocrx_word' id='word_1_76' title='bbox 1516 1541 1623 1596; x_wconf 86' lang='lat' dir='ltr'><strong>stronu</strong></span> <span class='ocrx_word' id='word_1_77' title='bbox 1644 1553 1734 1612; x_wconf 77' lang='lat' dir='ltr'><strong>sooqo</strong></span> <span class='ocrx_word' id='word_1_78' title='bbox 1756 1539 1911 1611; x_wconf 84' lang='lat' dir='ltr'><strong>riboloojo.</strong></span> 
     </span>
    </p>
   </div>
   <div class='ocr_carea' id='block_1_6' title="bbox 279 1673 1963 2077">
    <p class='ocr_par' dir='ltr' id='par_1_6' title="bbox 279 1673 1963 2077">
     <span class='ocr_line' id='line_1_10' title="bbox 440 1673 1961 1760; baseline -0.003 -20"><span class='ocrx_word' id='word_1_79' title='bbox 440 1675 535 1740; x_wconf 85' lang='lat' dir='ltr'><strong>Anno</strong></span> <span class='ocrx_word' id='word_1_80' title='bbox 567 1675 726 1740; x_wconf 88' lang='lat' dir='ltr'><strong>dominice</strong></span> <span class='ocrx_word' id='word_1_81' title='bbox 768 1675 996 1738; x_wconf 78' lang='lat' dir='ltr'><strong>incarnationis</strong></span> <span class='ocrx_word' id='word_1_82' title='bbox 1035 1673 1203 1738; x_wconf 88' lang='lat' dir='ltr'><strong>millesimo</strong></span> <span class='ocrx_word' id='word_1_83' title='bbox 1239 1675 1486 1760; x_wconf 86' lang='lat' dir='ltr'><strong>quadragesimo</strong></span> <span class='ocrx_word' id='word_1_84' title='bbox 1520 1673 1815 1760; x_wconf 86' lang='lat' dir='ltr'><strong>(quinquagesimo)</strong></span> <span class='ocrx_word' id='word_1_85' title='bbox 1847 1683 1961 1754; x_wconf 90' lang='lat' dir='ltr'><strong>sexto,</strong></span> 
     </span>
     <span class='ocr_line' id='line_1_11' title="bbox 281 1777 1961 1872; baseline -0.006 -21"><span class='ocrx_word' id='word_1_86' title='bbox 281 1807 340 1872; x_wconf 86' lang='lat' dir='ltr'><strong>per</strong></span> <span class='ocrx_word' id='word_1_87' title='bbox 366 1783 572 1848; x_wconf 85' lang='lat' dir='ltr'><strong>indictionem</strong></span> <span class='ocrx_word' id='word_1_88' title='bbox 597 1803 724 1844; x_wconf 86' lang='lat' dir='ltr'><strong>nonam.</strong></span> <span class='ocrx_word' id='word_1_89' title='bbox 750 1779 917 1862; x_wconf 84' lang='lat' dir='ltr'><strong>Regnante</strong></span> <span class='ocrx_word' id='word_1_90' title='bbox 949 1779 1079 1843; x_wconf 89' lang='lat' dir='ltr'><strong>domina</strong></span> <span class='ocrx_word' id='word_1_91' title='bbox 1102 1779 1273 1844; x_wconf 86' lang='lat' dir='ltr'><strong>Theodora</strong></span> <span class='ocrx_word' id='word_1_92' title='bbox 1296 1779 1438 1864; x_wconf 90' lang='lat' dir='ltr'><strong>gloriosa</strong></span> <span class='ocrx_word' id='word_1_93' title='bbox 1463 1781 1676 1863; x_wconf 84' lang='lat' dir='ltr'><strong>imperatrice,</strong></span> <span class='ocrx_word' id='word_1_94' title='bbox 1708 1787 1852 1864; x_wconf 87' lang='lat' dir='ltr'><strong>tempore</strong></span> <span class='ocrx_word' id='word_1_95' title='bbox 1876 1777 1961 1842; x_wconf 85' lang='lat' dir='ltr'><strong>Gru·</strong></span> 
     </span>
     <span class='ocr_line' id='line_1_12' title="bbox 279 1883 1963 1974; baseline -0.005 -19"><span class='ocrx_word' id='word_1_96' title='bbox 279 1891 350 1958; x_wconf 87' lang='lat' dir='ltr'><strong>biso</strong></span> <span class='ocrx_word' id='word_1_97' title='bbox 374 1889 499 1974; x_wconf 87' lang='lat' dir='ltr'><strong>prioris.</strong></span> <span class='ocrx_word' id='word_1_98' title='bbox 525 1885 675 1950; x_wconf 86' lang='lat' dir='ltr'><strong>Andreas</strong></span> <span class='ocrx_word' id='word_1_99' title='bbox 692 1883 886 1947; x_wconf 87' lang='lat' dir='ltr'><strong>venerabilis</strong></span> <span class='ocrx_word' id='word_1_100' title='bbox 904 1883 1083 1948; x_wconf 88' lang='lat' dir='ltr'><strong>iadcrensis</strong></span> <span class='ocrx_word' id='word_1_101' title='bbox 1100 1885 1280 1970; x_wconf 87' lang='lat' dir='ltr'><strong>episcopus,</strong></span> <span class='ocrx_word' id='word_1_102' title='bbox 1297 1907 1369 1948; x_wconf 90' lang='lat' dir='ltr'><strong>cum</strong></span> <span class='ocrx_word' id='word_1_103' title='bbox 1385 1885 1502 1948; x_wconf 90' lang='lat' dir='ltr'><strong>anxius</strong></span> <span class='ocrx_word' id='word_1_104' title='bbox 1519 1895 1669 1970; x_wconf 88' lang='lat' dir='ltr'><strong>quereret</strong></span> <span class='ocrx_word' id='word_1_105' title='bbox 1685 1885 1771 1949; x_wconf 87' lang='lat' dir='ltr'><strong>beati</strong></span> <span class='ocrx_word' id='word_1_106' title='bbox 1788 1883 1963 1969; x_wconf 81' lang='lat' dir='ltr'><strong>Crisogoni</strong></span> 
     </span>
     <span class='ocr_line' id='line_1_13' title="bbox 280 1989 1962 2077; baseline -0.005 -17"><span class='ocrx_word' id='word_1_107' title='bbox 280 1995 421 2060; x_wconf 87' lang='lat' dir='ltr'><strong>martiris</strong></span> <span class='ocrx_word' id='word_1_108' title='bbox 453 2013 579 2077; x_wconf 86' lang='lat' dir='ltr'><strong>corpus,</strong></span> <span class='ocrx_word' id='word_1_109' title='bbox 609 1989 695 2074; x_wconf 92' lang='lat' dir='ltr'><strong>quod</strong></span> <span class='ocrx_word' id='word_1_110' title='bbox 714 1990 896 2053; x_wconf 84' lang='lat' dir='ltr'><strong>misericors</strong></span> <span class='ocrx_word' id='word_1_111' title='bbox 913 1989 993 2054; x_wconf 88' lang='lat' dir='ltr'><strong>dous</strong></span> <span class='ocrx_word' id='word_1_112' title='bbox 1009 1989 1050 2053; x_wconf 92' lang='lat' dir='ltr'><strong>ad</strong></span> <span class='ocrx_word' id='word_1_113' title='bbox 1068 1991 1240 2054; x_wconf 87' lang='lat' dir='ltr'><strong>tuicionem</strong></span> <span class='ocrx_word' id='word_1_114' title='bbox 1257 1990 1474 2054; x_wconf 78' lang='lat' dir='ltr'><strong>i‘aderensium</strong></span> <span class='ocrx_word' id='word_1_115' title='bbox 1494 1989 1567 2054; x_wconf 92' lang='lat' dir='ltr'><strong>olim</strong></span> <span class='ocrx_word' id='word_1_116' title='bbox 1586 1999 1806 2072; x_wconf 80' lang='lat' dir='ltr'><strong>concesserat3</strong></span> <span class='ocrx_word' id='word_1_117' title='bbox 1830 1989 1962 2053; x_wconf 83' lang='lat' dir='ltr'><strong>tandem</strong></span> 
     </span>
    </p>
   </div>
   <div class='ocr_carea' id='block_1_7' title="bbox 161 2093 1963 2181">
    <p class='ocr_par' dir='ltr' id='par_1_7' title="bbox 161 2093 1963 2181">
     <span class='ocr_line' id='line_1_14' title="bbox 161 2093 1963 2181; baseline -0.006 -15"><span class='ocrx_word' id='word_1_118' title='bbox 161 2097 167 2112; x_wconf 72' lang='lat'><em>⁶</em></span> <span class='ocrx_word' id='word_1_119' title='bbox 279 2103 313 2166; x_wconf 92' lang='lat' dir='ltr'><strong>in</strong></span> <span class='ocrx_word' id='word_1_120' title='bbox 345 2098 481 2164; x_wconf 86' lang='lat' dir='ltr'><strong>ecclesia</strong></span> <span class='ocrx_word' id='word_1_121' title='bbox 510 2107 543 2160; x_wconf 90' lang='lat' dir='ltr'><strong>et</strong></span> <span class='ocrx_word' id='word_1_122' title='bbox 572 2094 632 2160; x_wconf 86' lang='lat' dir='ltr'><strong>sub</strong></span> <span class='ocrx_word' id='word_1_123' title='bbox 663 2093 764 2158; x_wconf 86' lang='lat' dir='ltr'><strong>altars</strong></span> <span class='ocrx_word' id='word_1_124' title='bbox 796 2096 897 2178; x_wconf 88' lang='lat' dir='ltr'><strong>ipsius</strong></span> <span class='ocrx_word' id='word_1_125' title='bbox 928 2095 1068 2158; x_wconf 85' lang='lat' dir='ltr'><strong>martiris</strong></span> <span class='ocrx_word' id='word_1_126' title='bbox 1099 2093 1179 2159; x_wconf 91' lang='lat' dir='ltr'><strong>illud</strong></span> <span class='ocrx_word' id='word_1_127' title='bbox 1203 2097 1334 2159; x_wconf 88' lang='lat' dir='ltr'><strong>inuenit.</strong></span> <span class='ocrx_word' id='word_1_128' title='bbox 1373 2094 1412 2157; x_wconf 81' lang='lat' dir='ltr'><strong>At</strong></span> <span class='ocrx_word' id='word_1_129' title='bbox 1435 2117 1507 2158; x_wconf 88' lang='lat' dir='ltr'><strong>cum</strong></span> <span class='ocrx_word' id='word_1_130' title='bbox 1533 2095 1677 2159; x_wconf 83' lang='lat' dir='ltr'><strong>audisset</strong></span> <span class='ocrx_word' id='word_1_131' title='bbox 1699 2093 1847 2181; x_wconf 88' lang='lat' dir='ltr'><strong>populus,</strong></span> <span class='ocrx_word' id='word_1_132' title='bbox 1874 2094 1963 2179; x_wconf 92' lang='lat' dir='ltr'><strong>quod</strong></span> 
     </span>
    </p>
   </div>
   <div class='ocr_carea' id='block_1_8' title="bbox 274 2198 1962 3130">
    <p class='ocr_par' dir='ltr' id='par_1_8' title="bbox 274 2198 1962 3130">
     <span class='ocr_line' id='line_1_15' title="bbox 280 2198 1962 2286; baseline -0.007 -15"><span class='ocrx_word' id='word_1_133' title='bbox 280 2206 368 2271; x_wconf 91' lang='lat' dir='ltr'><strong>beati</strong></span> <span class='ocrx_word' id='word_1_134' title='bbox 392 2203 531 2268; x_wconf 87' lang='lat' dir='ltr'><strong>martiris</strong></span> <span class='ocrx_word' id='word_1_135' title='bbox 549 2222 665 2286; x_wconf 91' lang='lat' dir='ltr'><strong>corpus</strong></span> <span class='ocrx_word' id='word_1_136' title='bbox 692 2209 779 2263; x_wconf 85' lang='lat' dir='ltr'><strong>esset</strong></span> <span class='ocrx_word' id='word_1_137' title='bbox 799 2202 974 2280; x_wconf 88' lang='lat' dir='ltr'><strong>inuentum,</strong></span> <span class='ocrx_word' id='word_1_138' title='bbox 992 2210 1203 2264; x_wconf 87' lang='lat' dir='ltr'><strong>cucursrrunt</strong></span> <span class='ocrx_word' id='word_1_139' title='bbox 1225 2200 1266 2264; x_wconf 89' lang='lat' dir='ltr'><strong>ad</strong></span> <span class='ocrx_word' id='word_1_140' title='bbox 1291 2223 1363 2264; x_wconf 89' lang='lat' dir='ltr'><strong>eum</strong></span> <span class='ocrx_word' id='word_1_141' title='bbox 1388 2223 1500 2264; x_wconf 85' lang='lat' dir='ltr'><strong>omncs</strong></span> <span class='ocrx_word' id='word_1_142' title='bbox 1523 2202 1585 2264; x_wconf 88' lang='lat' dir='ltr'><strong>viri</strong></span> <span class='ocrx_word' id='word_1_143' title='bbox 1610 2210 1641 2262; x_wconf 86' lang='lat' dir='ltr'><strong>et</strong></span> <span class='ocrx_word' id='word_1_144' title='bbox 1657 2198 1818 2282; x_wconf 88' lang='lat' dir='ltr'><strong>mulieres,</strong></span> <span class='ocrx_word' id='word_1_145' title='bbox 1835 2198 1962 2263; x_wconf 86' lang='lat' dir='ltr'><strong>nobiles</strong></span> 
     </span>
     <span class='ocr_line' id='line_1_16' title="bbox 278 2301 1961 2395; baseline -0.007 -18"><span class='ocrx_word' id='word_1_146' title='bbox 278 2319 311 2377; x_wconf 88' lang='lat' dir='ltr'><strong>et</strong></span> <span class='ocrx_word' id='word_1_147' title='bbox 331 2307 500 2395; x_wconf 86' lang='lat' dir='ltr'><strong>ignobiles,</strong></span> <span class='ocrx_word' id='word_1_148' title='bbox 525 2305 692 2371; x_wconf 86' lang='lat' dir='ltr'><strong>laudantes</strong></span> <span class='ocrx_word' id='word_1_149' title='bbox 710 2315 742 2370; x_wconf 89' lang='lat' dir='ltr'><strong>et</strong></span> <span class='ocrx_word' id='word_1_150' title='bbox 757 2301 974 2390; x_wconf 87' lang='lat' dir='ltr'><strong>glorificantes</strong></span> <span class='ocrx_word' id='word_1_151' title='bbox 997 2304 1103 2385; x_wconf 92' lang='lat' dir='ltr'><strong>deum,</strong></span> <span class='ocrx_word' id='word_1_152' title='bbox 1128 2315 1160 2369; x_wconf 90' lang='lat' dir='ltr'><strong>et</strong></span> <span class='ocrx_word' id='word_1_153' title='bbox 1183 2315 1311 2368; x_wconf 89' lang='lat' dir='ltr'><strong>ruentes</strong></span> <span class='ocrx_word' id='word_1_154' title='bbox 1339 2307 1430 2390; x_wconf 88' lang='lat' dir='ltr'><strong>proni</strong></span> <span class='ocrx_word' id='word_1_155' title='bbox 1446 2307 1479 2368; x_wconf 92' lang='lat' dir='ltr'><strong>in</strong></span> <span class='ocrx_word' id='word_1_156' title='bbox 1496 2315 1589 2386; x_wconf 87' lang='lat' dir='ltr'><strong>terra,</strong></span> <span class='ocrx_word' id='word_1_157' title='bbox 1607 2306 1829 2392; x_wconf 87' lang='lat' dir='ltr'><strong>unusquisque</strong></span> <span class='ocrx_word' id='word_1_158' title='bbox 1845 2303 1961 2370; x_wconf 88' lang='lat' dir='ltr'><strong>horum</strong></span> 
     </span>
     <span class='ocr_line' id='line_1_17' title="bbox 277 2409 1959 2504; baseline -0.005 -23"><span class='ocrx_word' id='word_1_159' title='bbox 277 2416 363 2504; x_wconf 87' lang='lat' dir='ltr'><strong>quod</strong></span> <span class='ocrx_word' id='word_1_160' title='bbox 386 2412 524 2494; x_wconf 86' lang='lat' dir='ltr'><strong>valebat,</strong></span> <span class='ocrx_word' id='word_1_161' title='bbox 548 2419 621 2475; x_wconf 86' lang='lat' dir='ltr'><strong>ante</strong></span> <span class='ocrx_word' id='word_1_162' title='bbox 645 2432 770 2474; x_wconf 87' lang='lat' dir='ltr'><strong>sacrum</strong></span> <span class='ocrx_word' id='word_1_163' title='bbox 796 2432 912 2495; x_wconf 89' lang='lat' dir='ltr'><strong>corpus</strong></span> <span class='ocrx_word' id='word_1_164' title='bbox 938 2409 1125 2474; x_wconf 85' lang='lat' dir='ltr'><strong>offerebant.</strong></span> <span class='ocrx_word' id='word_1_165' title='bbox 1150 2409 1323 2474; x_wconf 84' lang='lat' dir='ltr'><strong>Affuerunt</strong></span> <span class='ocrx_word' id='word_1_166' title='bbox 1345 2411 1427 2474; x_wconf 88' lang='lat' dir='ltr'><strong>inter</strong></span> <span class='ocrx_word' id='word_1_167' title='bbox 1451 2433 1504 2474; x_wconf 87' lang='lat' dir='ltr'><strong>eos</strong></span> <span class='ocrx_word' id='word_1_168' title='bbox 1528 2422 1560 2472; x_wconf 91' lang='lat' dir='ltr'><strong>et</strong></span> <span class='ocrx_word' id='word_1_169' title='bbox 1576 2411 1761 2496; x_wconf 84' lang='lat' dir='ltr'><strong>piscatores,</strong></span> <span class='ocrx_word' id='word_1_170' title='bbox 1779 2411 1834 2496; x_wconf 92' lang='lat' dir='ltr'><strong>qui</strong></span> <span class='ocrx_word' id='word_1_171' title='bbox 1854 2411 1959 2472; x_wconf 85' lang='lat' dir='ltr'><strong>eciam</strong></span> 
     </span>
     <span class='ocr_line' id='line_1_18' title="bbox 275 2513 1960 2609; baseline -0.005 -24"><span class='ocrx_word' id='word_1_172' title='bbox 275 2523 455 2609; x_wconf 87' lang='lat' dir='ltr'><strong>gripatores</strong></span> <span class='ocrx_word' id='word_1_173' title='bbox 485 2517 699 2594; x_wconf 87' lang='lat' dir='ltr'><strong>nominantur,</strong></span> <span class='ocrx_word' id='word_1_174' title='bbox 724 2513 846 2578; x_wconf 89' lang='lat' dir='ltr'><strong>scilicet</strong></span> <span class='ocrx_word' id='word_1_175' title='bbox 870 2513 1008 2600; x_wconf 87' lang='lat' dir='ltr'><strong>Sapana,</strong></span> <span class='ocrx_word' id='word_1_176' title='bbox 1032 2514 1164 2596; x_wconf 89' lang='lat' dir='ltr'><strong>Pitulol,</strong></span> <span class='ocrx_word' id='word_1_177' title='bbox 1189 2515 1313 2580; x_wconf 91' lang='lat' dir='ltr'><strong>Podboi</strong></span> <span class='ocrx_word' id='word_1_178' title='bbox 1336 2525 1368 2578; x_wconf 91' lang='lat' dir='ltr'><strong>et</strong></span> <span class='ocrx_word' id='word_1_179' title='bbox 1391 2514 1514 2598; x_wconf 87' lang='lat' dir='ltr'><strong>college</strong></span> <span class='ocrx_word' id='word_1_180' title='bbox 1539 2537 1647 2578; x_wconf 88' lang='lat' dir='ltr'><strong>corum</strong></span> <span class='ocrx_word' id='word_1_181' title='bbox 1672 2518 1779 2594; x_wconf 83' lang='lat' dir='ltr'><strong>ceteri,</strong></span> <span class='ocrx_word' id='word_1_182' title='bbox 1803 2516 1859 2601; x_wconf 88' lang='lat' dir='ltr'><strong>qui</strong></span> <span class='ocrx_word' id='word_1_183' title='bbox 1884 2513 1960 2577; x_wconf 88' lang='lat' dir='ltr'><strong>bea·</strong></span> 
     </span>
     <span class='ocr_line' id='line_1_19' title="bbox 274 2619 1959 2706; baseline -0.007 -14"><span class='ocrx_word' id='word_1_184' title='bbox 274 2637 307 2692; x_wconf 91' lang='lat' dir='ltr'><strong>to</strong></span> <span class='ocrx_word' id='word_1_185' title='bbox 331 2625 454 2689; x_wconf 89' lang='lat' dir='ltr'><strong>martiri</strong></span> <span class='ocrx_word' id='word_1_186' title='bbox 478 2621 538 2686; x_wconf 92' lang='lat' dir='ltr'><strong>sub</strong></span> <span class='ocrx_word' id='word_1_187' title='bbox 563 2622 633 2684; x_wconf 88' lang='lat' dir='ltr'><strong>iure</strong></span> <span class='ocrx_word' id='word_1_188' title='bbox 657 2619 791 2684; x_wconf 86' lang='lat' dir='ltr'><strong>iurando</strong></span> <span class='ocrx_word' id='word_1_189' title='bbox 809 2623 1034 2706; x_wconf 85' lang='lat' dir='ltr'><strong>promiserunt,</strong></span> <span class='ocrx_word' id='word_1_190' title='bbox 1062 2643 1096 2684; x_wconf 89' lang='lat' dir='ltr'><strong>sc</strong></span> <span class='ocrx_word' id='word_1_191' title='bbox 1121 2643 1262 2706; x_wconf 87' lang='lat' dir='ltr'><strong>suosque</strong></span> <span class='ocrx_word' id='word_1_192' title='bbox 1286 2633 1432 2706; x_wconf 87' lang='lat' dir='ltr'><strong>posteros</strong></span> <span class='ocrx_word' id='word_1_193' title='bbox 1455 2643 1549 2684; x_wconf 87' lang='lat' dir='ltr'><strong>unam</strong></span> <span class='ocrx_word' id='word_1_194' title='bbox 1573 2622 1759 2705; x_wconf 90' lang='lat' dir='ltr'><strong>porcionem</strong></span> <span class='ocrx_word' id='word_1_195' title='bbox 1777 2642 1834 2683; x_wconf 86' lang='lat' dir='ltr'><strong>sue</strong></span> <span class='ocrx_word' id='word_1_196' title='bbox 1853 2621 1959 2704; x_wconf 87' lang='lat' dir='ltr'><strong>pisca·</strong></span> 
     </span>
     <span class='ocr_line' id='line_1_20' title="bbox 276 2724 1961 2810; baseline -0.006 -14"><span class='ocrx_word' id='word_1_197' title='bbox 276 2733 377 2797; x_wconf 90' lang='lat' dir='ltr'><strong>cionis</strong></span> <span class='ocrx_word' id='word_1_198' title='bbox 401 2728 487 2794; x_wconf 88' lang='lat' dir='ltr'><strong>omni</strong></span> <span class='ocrx_word' id='word_1_199' title='bbox 521 2735 666 2810; x_wconf 87' lang='lat' dir='ltr'><strong>tempore</strong></span> <span class='ocrx_word' id='word_1_200' title='bbox 686 2747 757 2789; x_wconf 86' lang='lat' dir='ltr'><strong>esse</strong></span> <span class='ocrx_word' id='word_1_201' title='bbox 781 2725 921 2806; x_wconf 87' lang='lat' dir='ltr'><strong>daturos,</strong></span> <span class='ocrx_word' id='word_1_202' title='bbox 946 2724 1122 2788; x_wconf 87' lang='lat' dir='ltr'><strong>adicientes</strong></span> <span class='ocrx_word' id='word_1_203' title='bbox 1148 2735 1180 2789; x_wconf 89' lang='lat' dir='ltr'><strong>et</strong></span> <span class='ocrx_word' id='word_1_204' title='bbox 1202 2724 1356 2804; x_wconf 88' lang='lat' dir='ltr'><strong>dicentes,</strong></span> <span class='ocrx_word' id='word_1_205' title='bbox 1375 2737 1408 2788; x_wconf 93' lang='lat' dir='ltr'><strong>ut</strong></span> <span class='ocrx_word' id='word_1_206' title='bbox 1426 2727 1479 2810; x_wconf 93' lang='lat' dir='ltr'><strong>qui</strong></span> <span class='ocrx_word' id='word_1_207' title='bbox 1496 2724 1579 2788; x_wconf 90' lang='lat' dir='ltr'><strong>hanc</strong></span> <span class='ocrx_word' id='word_1_208' title='bbox 1596 2737 1736 2789; x_wconf 87' lang='lat' dir='ltr'><strong>nostram</strong></span> <span class='ocrx_word' id='word_1_209' title='bbox 1754 2724 1961 2789; x_wconf 86' lang='lat' dir='ltr'><strong>offertionem</strong></span> 
     </span>
     <span class='ocr_line' id='line_1_21' title="bbox 275 2829 1957 2922; baseline -0.005 -21"><span class='ocrx_word' id='word_1_210' title='bbox 275 2835 383 2922; x_wconf 87' lang='lat' dir='ltr'><strong>aliquo</strong></span> <span class='ocrx_word' id='word_1_211' title='bbox 415 2843 558 2918; x_wconf 86' lang='lat' dir='ltr'><strong>tempore</strong></span> <span class='ocrx_word' id='word_1_212' title='bbox 591 2831 757 2894; x_wconf 87' lang='lat' dir='ltr'><strong>subtraere</strong></span> <span class='ocrx_word' id='word_1_213' title='bbox 772 2830 920 2910; x_wconf 85' lang='lat' dir='ltr'><strong>voluerit,</strong></span> <span class='ocrx_word' id='word_1_214' title='bbox 944 2832 1060 2894; x_wconf 89' lang='lat' dir='ltr'><strong>iratum</strong></span> <span class='ocrx_word' id='word_1_215' title='bbox 1082 2829 1199 2894; x_wconf 88' lang='lat' dir='ltr'><strong>habeat</strong></span> <span class='ocrx_word' id='word_1_216' title='bbox 1222 2831 1339 2895; x_wconf 90' lang='lat' dir='ltr'><strong>trinum</strong></span> <span class='ocrx_word' id='word_1_217' title='bbox 1363 2841 1395 2894; x_wconf 89' lang='lat' dir='ltr'><strong>et</strong></span> <span class='ocrx_word' id='word_1_218' title='bbox 1418 2853 1516 2894; x_wconf 88' lang='lat' dir='ltr'><strong>unum</strong></span> <span class='ocrx_word' id='word_1_219' title='bbox 1540 2829 1645 2912; x_wconf 89' lang='lat' dir='ltr'><strong>deum,</strong></span> <span class='ocrx_word' id='word_1_220' title='bbox 1663 2843 1693 2895; x_wconf 93' lang='lat' dir='ltr'><strong>ct</strong></span> <span class='ocrx_word' id='word_1_221' title='bbox 1717 2831 1846 2895; x_wconf 88' lang='lat' dir='ltr'><strong>beatum</strong></span> <span class='ocrx_word' id='word_1_222' title='bbox 1872 2853 1957 2893; x_wconf 88' lang='lat' dir='ltr'><strong>mar·</strong></span> 
     </span>
     <span class='ocr_line' id='line_1_22' title="bbox 276 2930 1960 3023; baseline -0.005 -16"><span class='ocrx_word' id='word_1_223' title='bbox 276 2943 379 3022; x_wconf 76' lang='lat' dir='ltr'><strong>tinem,</strong></span> <span class='ocrx_word' id='word_1_224' title='bbox 404 2951 436 3002; x_wconf 88' lang='lat' dir='ltr'><strong>et</strong></span> <span class='ocrx_word' id='word_1_225' title='bbox 467 2944 623 3023; x_wconf 88' lang='lat' dir='ltr'><strong>potestate</strong></span> <span class='ocrx_word' id='word_1_226' title='bbox 647 2935 708 3000; x_wconf 89' lang='lat' dir='ltr'><strong>loci</strong></span> <span class='ocrx_word' id='word_1_227' title='bbox 734 2947 863 3000; x_wconf 89' lang='lat' dir='ltr'><strong>coactus</strong></span> <span class='ocrx_word' id='word_1_228' title='bbox 888 2934 1050 3021; x_wconf 89' lang='lat' dir='ltr'><strong>persoluat</strong></span> <span class='ocrx_word' id='word_1_229' title='bbox 1075 2937 1196 2999; x_wconf 87' lang='lat' dir='ltr'><strong>martiri</strong></span> <span class='ocrx_word' id='word_1_230' title='bbox 1220 2935 1302 2998; x_wconf 88' lang='lat' dir='ltr'><strong>hanc</strong></span> <span class='ocrx_word' id='word_1_231' title='bbox 1324 2937 1507 3020; x_wconf 88' lang='lat' dir='ltr'><strong>porcionem</strong></span> <span class='ocrx_word' id='word_1_232' title='bbox 1537 2930 1664 3001; x_wconf 82' lang='lat' dir='ltr'><strong>inuitus.</strong></span> <span class='ocrx_word' id='word_1_233' title='bbox 1689 2935 1760 3016; x_wconf 79' lang='lat' dir='ltr'><strong>Qus</strong></span> <span class='ocrx_word' id='word_1_234' title='bbox 1786 2937 1960 3020; x_wconf 86' lang='lat' dir='ltr'><strong>promissio</strong></span> 
     </span>
     <span class='ocr_line' id='line_1_23' title="bbox 274 3040 1959 3130; baseline -0.005 -18"><span class='ocrx_word' id='word_1_235' title='bbox 274 3069 295 3113; x_wconf 88' lang='lat' dir='ltr'><strong>a</strong></span> <span class='ocrx_word' id='word_1_236' title='bbox 317 3047 384 3111; x_wconf 87' lang='lat' dir='ltr'><strong>suis</strong></span> <span class='ocrx_word' id='word_1_237' title='bbox 401 3041 648 3130; x_wconf 88' lang='lat' dir='ltr'><strong>promissoribus</strong></span> <span class='ocrx_word' id='word_1_238' title='bbox 679 3063 780 3126; x_wconf 88' lang='lat' dir='ltr'><strong>usquc</strong></span> <span class='ocrx_word' id='word_1_239' title='bbox 803 3062 890 3104; x_wconf 90' lang='lat' dir='ltr'><strong>nunc</strong></span> <span class='ocrx_word' id='word_1_240' title='bbox 912 3040 1092 3105; x_wconf 88' lang='lat' dir='ltr'><strong>voluntarie</strong></span> <span class='ocrx_word' id='word_1_241' title='bbox 1111 3051 1159 3103; x_wconf 82' lang='lat' dir='ltr'><strong>est</strong></span> <span class='ocrx_word' id='word_1_242' title='bbox 1175 3052 1311 3126; x_wconf 89' lang='lat' dir='ltr'><strong>peracta,</strong></span> <span class='ocrx_word' id='word_1_243' title='bbox 1326 3043 1429 3104; x_wconf 87' lang='lat' dir='ltr'><strong>eterit</strong></span> <span class='ocrx_word' id='word_1_244' title='bbox 1453 3051 1601 3126; x_wconf 88' lang='lat' dir='ltr'><strong>putamus</strong></span> <span class='ocrx_word' id='word_1_245' title='bbox 1624 3040 1807 3125; x_wconf 80' lang='lat' dir='ltr'><strong>peragenda</strong></span> <span class='ocrx_word' id='word_1_246' title='bbox 1820 3062 1959 3124; x_wconf 85' lang='lat' dir='ltr'><strong>semper.</strong></span> 
     </span>
    </p>
   </div>
   <div class='ocr_carea' id='block_1_9' title="bbox 433 3170 1679 3245">
    <p class='ocr_par' dir='ltr' id='par_1_9' title="bbox 433 3170 1679 3245">
     <span class='ocr_line' id='line_1_24' title="bbox 433 3170 1679 3245; baseline -0.004 -16"><span class='ocrx_word' id='word_1_247' title='bbox 433 3171 460 3229; x_wconf 90' lang='lat' dir='ltr'><strong>U</strong></span> <span class='ocrx_word' id='word_1_248' title='bbox 483 3172 580 3245; x_wconf 85' lang='lat' dir='ltr'><strong>guber.</strong></span> <span class='ocrx_word' id='word_1_249' title='bbox 607 3171 705 3226; x_wconf 84' lang='lat' dir='ltr'><strong>arkiru</strong></span> <span class='ocrx_word' id='word_1_250' title='bbox 729 3189 746 3224; x_wconf 93' lang='lat' dir='ltr'><strong>u</strong></span> <span class='ocrx_word' id='word_1_251' title='bbox 771 3171 872 3239; x_wconf 84' lang='lat' dir='ltr'><strong>Zadru,</strong></span> <span class='ocrx_word' id='word_1_252' title='bbox 897 3170 991 3240; x_wconf 87' lang='lat' dir='ltr'><strong>prepis</strong></span> <span class='ocrx_word' id='word_1_253' title='bbox 1015 3170 1113 3242; x_wconf 67' lang='lat' dir='ltr'><strong>kptnje</strong></span> <span class='ocrx_word' id='word_1_254' title='bbox 1136 3170 1219 3225; x_wconf 85' lang='lat' dir='ltr'><strong>doba.</strong></span> <span class='ocrx_word' id='word_1_255' title='bbox 1244 3170 1327 3240; x_wconf 85' lang='lat' dir='ltr'><strong>Caps.</strong></span> <span class='ocrx_word' id='word_1_256' title='bbox 1353 3171 1374 3224; x_wconf 92' lang='lat' dir='ltr'><strong>l.</strong></span> <span class='ocrx_word' id='word_1_257' title='bbox 1401 3171 1494 3225; x_wconf 88' lang='lat' dir='ltr'><strong>Masso</strong></span> <span class='ocrx_word' id='word_1_258' title='bbox 1516 3171 1552 3225; x_wconf 90' lang='lat' dir='ltr'><strong>H.</strong></span> <span class='ocrx_word' id='word_1_259' title='bbox 1577 3171 1626 3226; x_wconf 89' lang='lat' dir='ltr'><strong>Nr.</strong></span> <span class='ocrx_word' id='word_1_260' title='bbox 1653 3171 1679 3224; x_wconf 81' lang='grc'><strong>7.</strong></span> 
     </span>
    </p>
   </div>
   <div class='ocr_carea' id='block_1_10' title="bbox 1480 3332 1487 3371">
    <p class='ocr_par' dir='ltr' id='par_1_10' title="bbox 1480 3332 1487 3371">
     <span class='ocr_line' id='line_1_25' title="bbox 1480 3332 1487 3371; baseline 0 0"><span class='ocrx_word' id='word_1_261' title='bbox 1480 3332 1487 3371; x_wconf 87' lang='lat' dir='ltr'><strong>l</strong></span> 
     </span>
    </p>
   </div>
   <div class='ocr_carea' id='block_1_11' title="bbox 917 3387 1300 3474">
    <p class='ocr_par' dir='ltr' id='par_1_11' title="bbox 917 3387 1300 3474">
     <span class='ocr_line' id='line_1_26' title="bbox 917 3387 1300 3474; baseline -0.005 -2"><span class='ocrx_word' id='word_1_262' title='bbox 917 3387 1161 3472; x_wconf 76' lang='lat' dir='ltr'>CXXXIII.</span> <span class='ocrx_word' id='word_1_263' title='bbox 1190 3388 1300 3474; x_wconf 73' lang='lat'>1057.</span> 
     </span>
    </p>
   </div>
   <div class='ocr_carea' id='block_1_12' title="bbox 272 3527 1957 3837">
    <p class='ocr_par' dir='ltr' id='par_1_12' title="bbox 272 3527 1957 3837">
     <span class='ocr_line' id='line_1_27' title="bbox 272 3527 1957 3632; baseline -0.005 -10"><span class='ocrx_word' id='word_1_264' title='bbox 272 3560 360 3622; x_wconf 81' lang='lat' dir='ltr'><strong>Rode</strong></span> <span class='ocrx_word' id='word_1_265' title='bbox 383 3557 550 3618; x_wconf 79' lang='lat' dir='ltr'><strong>audoornit</strong></span> <span class='ocrx_word' id='word_1_266' title='bbox 572 3557 695 3630; x_wconf 73' lang='lat' dir='ltr'><strong>asperati</strong></span> <span class='ocrx_word' id='word_1_267' title='bbox 719 3553 824 3626; x_wconf 74' lang='lat' dir='ltr'><strong>darirje</strong></span> <span class='ocrx_word' id='word_1_268' title='bbox 848 3552 991 3626; x_wconf 79' lang='lat' dir='ltr'><strong>biskupijt</strong></span> <span class='ocrx_word' id='word_1_269' title='bbox 1010 3552 1170 3624; x_wconf 77' lang='lat' dir='ltr'><strong>petuostoj</strong></span> <span class='ocrx_word' id='word_1_270' title='bbox 1183 3569 1219 3611; x_wconf 84' lang='grc' dir='ltr'><strong>ιιι</strong></span> <span class='ocrx_word' id='word_1_271' title='bbox 1236 3553 1288 3612; x_wconf 84' lang='lat' dir='ltr'><strong>ino</strong></span> <span class='ocrx_word' id='word_1_272' title='bbox 1311 3536 1425 3610; x_wconf 60' lang='lat' dir='ltr'><strong>miestn&#39;</strong></span> <span class='ocrx_word' id='word_1_273' title='bbox 1438 3571 1458 3610; x_wconf 89' lang='grc' dir='ltr'><strong>ιι</strong></span> <span class='ocrx_word' id='word_1_274' title='bbox 1483 3527 1658 3626; x_wconf 68' lang='lat' dir='ltr'><strong>darrotnjem</strong></span> <span class='ocrx_word' id='word_1_275' title='bbox 1675 3553 1801 3632; x_wconf 81' lang='lat' dir='ltr'><strong>Sriomu,</strong></span> <span class='ocrx_word' id='word_1_276' title='bbox 1819 3555 1957 3628; x_wconf 76' lang='lat' dir='ltr'><strong>toirodjer</strong></span> 
     </span>
     <span class='ocr_line' id='line_1_28' title="bbox 272 3655 1955 3740; baseline -0.004 -14"><span class='ocrx_word' id='word_1_277' title='bbox 272 3667 310 3726; x_wconf 82' lang='lat' dir='ltr'><strong>od</strong></span> <span class='ocrx_word' id='word_1_278' title='bbox 333 3667 436 3740; x_wconf 68' lang='lat' dir='ltr'><strong>ajalon</strong></span> <span class='ocrx_word' id='word_1_279' title='bbox 463 3662 653 3735; x_wconf 71' lang='lat' dir='ltr'><strong>ncprijetelyo</strong></span> <span class='ocrx_word' id='word_1_280' title='bbox 673 3677 688 3718; x_wconf 89' lang='lat' dir='ltr'><strong>s</strong></span> <span class='ocrx_word' id='word_1_281' title='bbox 710 3677 787 3718; x_wconf 85' lang='grc' dir='ltr'><strong>ιιοιια</strong></span> <span class='ocrx_word' id='word_1_282' title='bbox 807 3659 937 3731; x_wconf 81' lang='lat' dir='ltr'><strong>osrojcni</strong></span> <span class='ocrx_word' id='word_1_283' title='bbox 959 3659 1104 3716; x_wconf 75' lang='grc' dir='ltr'><strong>ιιιοιιιιειιῖν</strong></span> <span class='ocrx_word' id='word_1_284' title='bbox 1126 3675 1167 3717; x_wconf 83' lang='lat' dir='ltr'><strong>su.</strong></span> <span class='ocrx_word' id='word_1_285' title='bbox 1198 3655 1351 3730; x_wconf 81' lang='lat' dir='ltr'><strong>Dimitrije</strong></span> <span class='ocrx_word' id='word_1_286' title='bbox 1367 3675 1408 3716; x_wconf 84' lang='lat' dir='ltr'><strong>na</strong></span> <span class='ocrx_word' id='word_1_287' title='bbox 1424 3657 1504 3730; x_wconf 83' lang='lat' dir='ltr'><strong>Seri,</strong></span> <span class='ocrx_word' id='word_1_288' title='bbox 1520 3660 1584 3731; x_wconf 84' lang='lat' dir='ltr'><strong>loje</strong></span> <span class='ocrx_word' id='word_1_289' title='bbox 1600 3659 1762 3732; x_wconf 73' lang='lat' dir='ltr'><strong>doroverno</strong></span> <span class='ocrx_word' id='word_1_290' title='bbox 1783 3662 1955 3734; x_wconf 72' lang='lat' dir='ltr'><strong>potordjup&#39;c</strong></span> 
     </span>
     <span class='ocr_line' id='line_1_29' title="bbox 899 3761 1322 3837; baseline 0 -15"><span class='ocrx_word' id='word_1_291' title='bbox 899 3764 980 3836; x_wconf 78' lang='grc' dir='ltr'><strong>Ιιναί]Ι</strong></span> <span class='ocrx_word' id='word_1_292' title='bbox 998 3765 1121 3837; x_wconf 61' lang='lat' dir='ltr'><strong>operati</strong></span> <span class='ocrx_word' id='word_1_293' title='bbox 1138 3761 1272 3835; x_wconf 71' lang='lat' dir='ltr'><strong>Andriyo</strong></span> <span class='ocrx_word' id='word_1_294' title='bbox 1295 3763 1322 3823; x_wconf 91' lang='lat'><strong>1.</strong></span> 
     </span>
    </p>
   </div>
   <div class='ocr_carea' id='block_1_13' title="bbox 263 3891 1951 5470">
    <p class='ocr_par' dir='ltr' id='par_1_13' title="bbox 263 3891 1951 5470">
     <span class='ocr_line' id='line_1_30' title="bbox 429 3891 1951 3967; baseline -0.001 0"><span class='ocrx_word' id='word_1_295' title='bbox 429 3903 466 3967; x_wconf 94' lang='lat' dir='ltr'><strong>In</strong></span> <span class='ocrx_word' id='word_1_296' title='bbox 491 3903 619 3966; x_wconf 87' lang='lat' dir='ltr'><strong>nomine</strong></span> <span class='ocrx_word' id='word_1_297' title='bbox 650 3909 759 3965; x_wconf 86' lang='lat' dir='ltr'><strong>sancte</strong></span> <span class='ocrx_word' id='word_1_298' title='bbox 784 3891 933 3964; x_wconf 83' lang='lat' dir='ltr'><strong>trinitatis</strong></span> <span class='ocrx_word' id='word_1_299' title='bbox 954 3908 986 3963; x_wconf 89' lang='lat' dir='ltr'><strong>et</strong></span> <span class='ocrx_word' id='word_1_300' title='bbox 1007 3898 1173 3962; x_wconf 83' lang='lat' dir='ltr'><strong>indiuidua</strong></span> <span class='ocrx_word' id='word_1_301' title='bbox 1198 3900 1337 3963; x_wconf 87' lang='lat' dir='ltr'><strong>unitatis.</strong></span> <span class='ocrx_word' id='word_1_302' title='bbox 1363 3899 1481 3962; x_wconf 88' lang='lat' dir='ltr'><strong>Notum</strong></span> <span class='ocrx_word' id='word_1_303' title='bbox 1508 3901 1549 3962; x_wconf 90' lang='lat' dir='ltr'><strong>sit</strong></span> <span class='ocrx_word' id='word_1_304' title='bbox 1572 3900 1720 3964; x_wconf 87' lang='lat' dir='ltr'><strong>omnibus</strong></span> <span class='ocrx_word' id='word_1_305' title='bbox 1738 3898 1951 3966; x_wconf 79' lang='lat' dir='ltr'><strong>Christocre·</strong></span> 
     </span>
     <span class='ocr_line' id='line_1_31' title="bbox 270 4003 1951 4093; baseline -0.005 -17"><span class='ocrx_word' id='word_1_306' title='bbox 270 4009 431 4091; x_wconf 89' lang='lat' dir='ltr'><strong>dentibus,</strong></span> <span class='ocrx_word' id='word_1_307' title='bbox 456 4004 658 4093; x_wconf 87' lang='lat' dir='ltr'><strong>presentibus</strong></span> <span class='ocrx_word' id='word_1_308' title='bbox 675 4005 797 4069; x_wconf 87' lang='lat' dir='ltr'><strong>scilicet</strong></span> <span class='ocrx_word' id='word_1_309' title='bbox 814 4016 845 4069; x_wconf 91' lang='lat' dir='ltr'><strong>et</strong></span> <span class='ocrx_word' id='word_1_310' title='bbox 869 4004 993 4086; x_wconf 86' lang='lat' dir='ltr'><strong>futuris,</strong></span> <span class='ocrx_word' id='word_1_311' title='bbox 1018 4004 1178 4088; x_wconf 88' lang='lat' dir='ltr'><strong>quomodo</strong></span> <span class='ocrx_word' id='word_1_312' title='bbox 1196 4027 1255 4089; x_wconf 87' lang='lat' dir='ltr'><strong>ogo</strong></span> <span class='ocrx_word' id='word_1_313' title='bbox 1272 4004 1361 4068; x_wconf 86' lang='lat' dir='ltr'><strong>Rado</strong></span> <span class='ocrx_word' id='word_1_314' title='bbox 1377 4003 1547 4090; x_wconf 89' lang='lat' dir='ltr'><strong>palatinus,</strong></span> <span class='ocrx_word' id='word_1_315' title='bbox 1565 4004 1694 4068; x_wconf 86' lang='lat' dir='ltr'><strong>licentia</strong></span> <span class='ocrx_word' id='word_1_316' title='bbox 1710 4006 1845 4090; x_wconf 87' lang='lat' dir='ltr'><strong>piissimi</strong></span> <span class='ocrx_word' id='word_1_317' title='bbox 1864 4011 1951 4092; x_wconf 87' lang='lat' dir='ltr'><strong>regis</strong></span> 
     </span>
     <span class='ocr_line' id='line_1_32' title="bbox 270 4109 1951 4197; baseline -0.003 -16"><span class='ocrx_word' id='word_1_318' title='bbox 270 4114 411 4196; x_wconf 82' lang='lat' dir='ltr'><strong>Andree,</strong></span> <span class='ocrx_word' id='word_1_319' title='bbox 429 4116 561 4197; x_wconf 89' lang='lat' dir='ltr'><strong>eiusque</strong></span> <span class='ocrx_word' id='word_1_320' title='bbox 578 4111 685 4176; x_wconf 89' lang='lat' dir='ltr'><strong>fratris</strong></span> <span class='ocrx_word' id='word_1_321' title='bbox 702 4109 881 4190; x_wconf 88' lang='lat' dir='ltr'><strong>Adalberti,</strong></span> <span class='ocrx_word' id='word_1_322' title='bbox 899 4109 1218 4190; x_wconf 74' lang='lat' dir='ltr'><strong>inuictissimi&#39;ducis,</strong></span> <span class='ocrx_word' id='word_1_323' title='bbox 1237 4119 1359 4196; x_wconf 88' lang='lat' dir='ltr'><strong>partem</strong></span> <span class='ocrx_word' id='word_1_324' title='bbox 1385 4111 1611 4195; x_wconf 78' lang='lat' dir='ltr'><strong>possessionis-</strong></span> <span class='ocrx_word' id='word_1_325' title='bbox 1624 4133 1694 4174; x_wconf 88' lang='lat' dir='ltr'><strong>mee</strong></span> <span class='ocrx_word' id='word_1_326' title='bbox 1718 4122 1828 4176; x_wconf 90' lang='lat' dir='ltr'><strong>saneto</strong></span> <span class='ocrx_word' id='word_1_327' title='bbox 1855 4111 1951 4176; x_wconf 88' lang='lat' dir='ltr'><strong>Petro</strong></span> 
     </span>
     <span class='ocr_line' id='line_1_33' title="bbox 269 4214 1949 4308; baseline -0.002 -23"><span class='ocrx_word' id='word_1_328' title='bbox 269 4218 599 4308; x_wconf 84' lang='lat' dir='ltr'><strong>quinqueocclesiensi</strong></span> <span class='ocrx_word' id='word_1_329' title='bbox 630 4216 777 4280; x_wconf 88' lang='lat' dir='ltr'><strong>ordinaui</strong></span> <span class='ocrx_word' id='word_1_330' title='bbox 809 4225 841 4279; x_wconf 89' lang='lat' dir='ltr'><strong>et</strong></span> <span class='ocrx_word' id='word_1_331' title='bbox 873 4215 1019 4278; x_wconf 88' lang='lat' dir='ltr'><strong>Maurum</strong></span> <span class='ocrx_word' id='word_1_332' title='bbox 1053 4215 1196 4277; x_wconf 86' lang='lat' dir='ltr'><strong>eiusdem</strong></span> <span class='ocrx_word' id='word_1_333' title='bbox 1236 4214 1297 4279; x_wconf 91' lang='lat' dir='ltr'><strong>loci</strong></span> <span class='ocrx_word' id='word_1_334' title='bbox 1337 4218 1521 4300; x_wconf 86' lang='lat' dir='ltr'><strong>episcopum</strong></span> <span class='ocrx_word' id='word_1_335' title='bbox 1557 4216 1732 4301; x_wconf 76' lang='lat' dir='ltr'><strong>spIritalem</strong></span> <span class='ocrx_word' id='word_1_336' title='bbox 1762 4219 1794 4280; x_wconf 91' lang='lat' dir='ltr'><strong>in</strong></span> <span class='ocrx_word' id='word_1_337' title='bbox 1826 4227 1949 4302; x_wconf 88' lang='lat' dir='ltr'><strong>patrem</strong></span> 
     </span>
     <span class='ocr_line' id='line_1_34' title="bbox 270 4320 1951 4412; baseline -0.002 -21"><span class='ocrx_word' id='word_1_338' title='bbox 270 4325 429 4412; x_wconf 76' lang='lat' dir='ltr'><strong>cooptasti,</strong></span> <span class='ocrx_word' id='word_1_339' title='bbox 465 4345 599 4409; x_wconf 88' lang='lat' dir='ltr'><strong>sperans</strong></span> <span class='ocrx_word' id='word_1_340' title='bbox 630 4323 662 4384; x_wconf 93' lang='lat' dir='ltr'><strong>in</strong></span> <span class='ocrx_word' id='word_1_341' title='bbox 694 4320 743 4384; x_wconf 88' lang='lat' dir='ltr'><strong>bis</strong></span> <span class='ocrx_word' id='word_1_342' title='bbox 770 4321 900 4386; x_wconf 87' lang='lat' dir='ltr'><strong>caducis</strong></span> <span class='ocrx_word' id='word_1_343' title='bbox 932 4343 970 4384; x_wconf 90' lang='lat' dir='ltr'><strong>ac</strong></span> <span class='ocrx_word' id='word_1_344' title='bbox 1004 4321 1202 4404; x_wconf 89' lang='lat' dir='ltr'><strong>temporibus</strong></span> <span class='ocrx_word' id='word_1_345' title='bbox 1227 4320 1319 4384; x_wconf 88' lang='lat' dir='ltr'><strong>bonis</strong></span> <span class='ocrx_word' id='word_1_346' title='bbox 1343 4323 1376 4384; x_wconf 92' lang='lat' dir='ltr'><strong>in</strong></span> <span class='ocrx_word' id='word_1_347' title='bbox 1400 4321 1506 4384; x_wconf 89' lang='lat' dir='ltr'><strong>futuro</strong></span> <span class='ocrx_word' id='word_1_348' title='bbox 1528 4321 1713 4406; x_wconf 91' lang='lat' dir='ltr'><strong>centuplum</strong></span> <span class='ocrx_word' id='word_1_349' title='bbox 1736 4325 1892 4408; x_wconf 87' lang='lat' dir='ltr'><strong>accipere,</strong></span> <span class='ocrx_word' id='word_1_350' title='bbox 1917 4334 1951 4388; x_wconf 88' lang='lat' dir='ltr'><strong>ct</strong></span> 
     </span>
     <span class='ocr_line' id='line_1_35' title="bbox 269 4424 1947 4513; baseline -0.001 -19"><span class='ocrx_word' id='word_1_351' title='bbox 269 4432 369 4495; x_wconf 86' lang='lat' dir='ltr'><strong>vitam</strong></span> <span class='ocrx_word' id='word_1_352' title='bbox 405 4437 547 4494; x_wconf 88' lang='lat' dir='ltr'><strong>eternam</strong></span> <span class='ocrx_word' id='word_1_353' title='bbox 572 4425 746 4513; x_wconf 83' lang='lat' dir='ltr'><strong>possidere.</strong></span> <span class='ocrx_word' id='word_1_354' title='bbox 772 4424 836 4490; x_wconf 85' lang='lat' dir='ltr'><strong>Sed</strong></span> <span class='ocrx_word' id='word_1_355' title='bbox 860 4424 1016 4510; x_wconf 93' lang='lat' dir='ltr'><strong>quidquid</strong></span> <span class='ocrx_word' id='word_1_356' title='bbox 1039 4425 1113 4488; x_wconf 87' lang='lat' dir='ltr'><strong>dedi</strong></span> <span class='ocrx_word' id='word_1_357' title='bbox 1139 4427 1170 4487; x_wconf 91' lang='lat' dir='ltr'><strong>in</strong></span> <span class='ocrx_word' id='word_1_358' title='bbox 1196 4447 1291 4488; x_wconf 89' lang='lat' dir='ltr'><strong>mauu</strong></span> <span class='ocrx_word' id='word_1_359' title='bbox 1315 4429 1425 4489; x_wconf 88' lang='lat' dir='ltr'><strong>uxoris</strong></span> <span class='ocrx_word' id='word_1_360' title='bbox 1450 4448 1518 4489; x_wconf 90' lang='lat' dir='ltr'><strong>mee</strong></span> <span class='ocrx_word' id='word_1_361' title='bbox 1535 4425 1645 4508; x_wconf 84' lang='lat' dir='ltr'><strong>Lucis,</strong></span> <span class='ocrx_word' id='word_1_362' title='bbox 1661 4428 1797 4491; x_wconf 83' lang='lat' dir='ltr'><strong>firmiter</strong></span> <span class='ocrx_word' id='word_1_363' title='bbox 1819 4449 1857 4492; x_wconf 88' lang='lat' dir='ltr'><strong>ac</strong></span> <span class='ocrx_word' id='word_1_364' title='bbox 1882 4428 1947 4492; x_wconf 88' lang='lat' dir='ltr'><strong>lau·</strong></span> 
     </span>
     <span class='ocr_line' id='line_1_36' title="bbox 268 4531 1948 4619; baseline -0.002 -17"><span class='ocrx_word' id='word_1_365' title='bbox 268 4533 419 4602; x_wconf 88' lang='lat' dir='ltr'><strong>dabiliter</strong></span> <span class='ocrx_word' id='word_1_366' title='bbox 442 4531 604 4613; x_wconf 83' lang='lat' dir='ltr'><strong>stabiliui3</strong></span> <span class='ocrx_word' id='word_1_367' title='bbox 630 4553 668 4594; x_wconf 90' lang='lat' dir='ltr'><strong>ea</strong></span> <span class='ocrx_word' id='word_1_368' title='bbox 691 4551 819 4615; x_wconf 90' lang='lat' dir='ltr'><strong>quoque</strong></span> <span class='ocrx_word' id='word_1_369' title='bbox 853 4533 991 4612; x_wconf 88' lang='lat' dir='ltr'><strong>racione,</strong></span> <span class='ocrx_word' id='word_1_370' title='bbox 1018 4540 1051 4593; x_wconf 90' lang='lat' dir='ltr'><strong>ut</strong></span> <span class='ocrx_word' id='word_1_371' title='bbox 1079 4531 1105 4592; x_wconf 91' lang='lat' dir='ltr'><strong>si</strong></span> <span class='ocrx_word' id='word_1_372' title='bbox 1139 4532 1209 4615; x_wconf 90' lang='lat' dir='ltr'><strong>ipsa</strong></span> <span class='ocrx_word' id='word_1_373' title='bbox 1241 4532 1482 4615; x_wconf 87' lang='lat' dir='ltr'><strong>superuixisset,</strong></span> <span class='ocrx_word' id='word_1_374' title='bbox 1510 4534 1600 4595; x_wconf 86' lang='lat' dir='ltr'><strong>testis</strong></span> <span class='ocrx_word' id='word_1_375' title='bbox 1631 4531 1725 4596; x_wconf 88' lang='lat' dir='ltr'><strong>huius</strong></span> <span class='ocrx_word' id='word_1_376' title='bbox 1748 4531 1832 4597; x_wconf 80' lang='lat' dir='ltr'><strong>&#39;faeti</strong></span> <span class='ocrx_word' id='word_1_377' title='bbox 1863 4533 1948 4619; x_wconf 89' lang='lat' dir='ltr'><strong>apud</strong></span> 
     </span>
     <span class='ocr_line' id='line_1_37' title="bbox 268 4628 1948 4721; baseline -0.001 -16"><span class='ocrx_word' id='word_1_378' title='bbox 268 4641 363 4705; x_wconf 89' lang='lat' dir='ltr'><strong>deum</strong></span> <span class='ocrx_word' id='word_1_379' title='bbox 374 4628 405 4703; x_wconf 85' lang='lat' dir='ltr'><strong>et</strong></span> <span class='ocrx_word' id='word_1_380' title='bbox 415 4636 559 4701; x_wconf 90' lang='lat' dir='ltr'><strong>homines</strong></span> <span class='ocrx_word' id='word_1_381' title='bbox 569 4637 738 4700; x_wconf 87' lang='lat' dir='ltr'><strong>extitisset.</strong></span> <span class='ocrx_word' id='word_1_382' title='bbox 762 4633 908 4712; x_wconf 79' lang='lat' dir='ltr'><strong>Quatuor</strong></span> <span class='ocrx_word' id='word_1_383' title='bbox 931 4645 1074 4699; x_wconf 87' lang='lat' dir='ltr'><strong>aratores</strong></span> <span class='ocrx_word' id='word_1_384' title='bbox 1098 4633 1171 4698; x_wconf 86' lang='lat' dir='ltr'><strong>dedi</strong></span> <span class='ocrx_word' id='word_1_385' title='bbox 1198 4637 1230 4698; x_wconf 94' lang='lat' dir='ltr'><strong>in</strong></span> <span class='ocrx_word' id='word_1_386' title='bbox 1255 4637 1333 4715; x_wconf 91' lang='lat' dir='ltr'><strong>loco,</strong></span> <span class='ocrx_word' id='word_1_387' title='bbox 1352 4638 1405 4720; x_wconf 89' lang='lat' dir='ltr'><strong>qui</strong></span> <span class='ocrx_word' id='word_1_388' title='bbox 1423 4635 1520 4720; x_wconf 89' lang='lat' dir='ltr'><strong>vulgo</strong></span> <span class='ocrx_word' id='word_1_389' title='bbox 1543 4637 1661 4701; x_wconf 85' lang='lat' dir='ltr'><strong>dieitur</strong></span> <span class='ocrx_word' id='word_1_390' title='bbox 1678 4640 1805 4721; x_wconf 90' lang='lat' dir='ltr'><strong>montis,</strong></span> <span class='ocrx_word' id='word_1_391' title='bbox 1823 4639 1948 4704; x_wconf 87' lang='lat' dir='ltr'><strong>seilicet</strong></span> 
     </span>
     <span class='ocr_line' id='line_1_38' title="bbox 267 4738 1946 4828; baseline -0.001 -18"><span class='ocrx_word' id='word_1_392' title='bbox 267 4743 408 4824; x_wconf 79' lang='lat' dir='ltr'><strong>PothoIr,</strong></span> <span class='ocrx_word' id='word_1_393' title='bbox 425 4740 544 4806; x_wconf 88' lang='lat' dir='ltr'><strong>Arishu</strong></span> <span class='ocrx_word' id='word_1_394' title='bbox 560 4739 658 4825; x_wconf 89' lang='lat' dir='ltr'><strong>Kupi,</strong></span> <span class='ocrx_word' id='word_1_395' title='bbox 675 4738 858 4825; x_wconf 85' lang='lat' dir='ltr'><strong>Kuetbedy,</strong></span> <span class='ocrx_word' id='word_1_396' title='bbox 875 4763 946 4804; x_wconf 93' lang='lat' dir='ltr'><strong>cum</strong></span> <span class='ocrx_word' id='word_1_397' title='bbox 965 4739 1120 4805; x_wconf 86' lang='lat' dir='ltr'><strong>uxoribus</strong></span> <span class='ocrx_word' id='word_1_398' title='bbox 1137 4750 1169 4803; x_wconf 86' lang='lat' dir='ltr'><strong>et</strong></span> <span class='ocrx_word' id='word_1_399' title='bbox 1189 4739 1264 4804; x_wconf 86' lang='lat' dir='ltr'><strong>liliis</strong></span> <span class='ocrx_word' id='word_1_400' title='bbox 1280 4743 1356 4823; x_wconf 87' lang='lat' dir='ltr'><strong>suis,</strong></span> <span class='ocrx_word' id='word_1_401' title='bbox 1374 4753 1405 4806; x_wconf 87' lang='lat' dir='ltr'><strong>et</strong></span> <span class='ocrx_word' id='word_1_402' title='bbox 1429 4743 1514 4805; x_wconf 92' lang='lat' dir='ltr'><strong>omni</strong></span> <span class='ocrx_word' id='word_1_403' title='bbox 1531 4751 1625 4824; x_wconf 86' lang='lat' dir='ltr'><strong>terra,</strong></span> <span class='ocrx_word' id='word_1_404' title='bbox 1650 4763 1745 4828; x_wconf 89' lang='lat' dir='ltr'><strong>quam</strong></span> <span class='ocrx_word' id='word_1_405' title='bbox 1770 4743 1814 4808; x_wconf 82' lang='lat' dir='ltr'><strong>ibi</strong></span> <span class='ocrx_word' id='word_1_406' title='bbox 1839 4743 1946 4825; x_wconf 86' lang='lat' dir='ltr'><strong>habui,</strong></span> 
     </span>
     <span class='ocr_line' id='line_1_39' title="bbox 267 4843 1948 4932; baseline -0.002 -17"><span class='ocrx_word' id='word_1_407' title='bbox 267 4851 343 4916; x_wconf 89' lang='lat' dir='ltr'><strong>dum</strong></span> <span class='ocrx_word' id='word_1_408' title='bbox 375 4847 479 4912; x_wconf 87' lang='lat' dir='ltr'><strong>lucem</strong></span> <span class='ocrx_word' id='word_1_409' title='bbox 510 4845 605 4909; x_wconf 87' lang='lat' dir='ltr'><strong>huius</strong></span> <span class='ocrx_word' id='word_1_410' title='bbox 637 4845 702 4908; x_wconf 87' lang='lat' dir='ltr'><strong>vite</strong></span> <span class='ocrx_word' id='word_1_411' title='bbox 733 4843 827 4908; x_wconf 90' lang='lat' dir='ltr'><strong>colui.</strong></span> <span class='ocrx_word' id='word_1_412' title='bbox 852 4845 978 4909; x_wconf 91' lang='lat' dir='ltr'><strong>Deinde</strong></span> <span class='ocrx_word' id='word_1_413' title='bbox 1011 4845 1093 4910; x_wconf 87' lang='lat' dir='ltr'><strong>ultra</strong></span> <span class='ocrx_word' id='word_1_414' title='bbox 1125 4845 1258 4910; x_wconf 89' lang='lat' dir='ltr'><strong>fluuium</strong></span> <span class='ocrx_word' id='word_1_415' title='bbox 1295 4845 1406 4931; x_wconf 88' lang='lat' dir='ltr'><strong>Kopas</strong></span> <span class='ocrx_word' id='word_1_416' title='bbox 1431 4847 1462 4909; x_wconf 93' lang='lat' dir='ltr'><strong>in</strong></span> <span class='ocrx_word' id='word_1_417' title='bbox 1487 4846 1564 4910; x_wconf 87' lang='lat' dir='ltr'><strong>villa</strong></span> <span class='ocrx_word' id='word_1_418' title='bbox 1595 4869 1658 4932; x_wconf 89' lang='lat' dir='ltr'><strong>que</strong></span> <span class='ocrx_word' id='word_1_419' title='bbox 1689 4847 1813 4912; x_wconf 85' lang='lat' dir='ltr'><strong>dicitur</strong></span> <span class='ocrx_word' id='word_1_420' title='bbox 1842 4847 1948 4930; x_wconf 85' lang='lat' dir='ltr'><strong>Kana,</strong></span> 
     </span>
     <span class='ocr_line' id='line_1_40' title="bbox 267 4949 1947 5040; baseline -0.001 -20"><span class='ocrx_word' id='word_1_421' title='bbox 267 4955 349 5020; x_wconf 90' lang='lat' dir='ltr'><strong>duos</strong></span> <span class='ocrx_word' id='word_1_422' title='bbox 385 4953 539 5016; x_wconf 86' lang='lat' dir='ltr'><strong>vinitores</strong></span> <span class='ocrx_word' id='word_1_423' title='bbox 572 4949 658 5032; x_wconf 89' lang='lat' dir='ltr'><strong>dedi,</strong></span> <span class='ocrx_word' id='word_1_424' title='bbox 690 4973 806 5014; x_wconf 90' lang='lat' dir='ltr'><strong>nomeu</strong></span> <span class='ocrx_word' id='word_1_425' title='bbox 832 4952 884 5014; x_wconf 90' lang='lat' dir='ltr'><strong>uni</strong></span> <span class='ocrx_word' id='word_1_426' title='bbox 909 4950 1024 5028; x_wconf 88' lang='lat' dir='ltr'><strong>Keras,</strong></span> <span class='ocrx_word' id='word_1_427' title='bbox 1045 4949 1136 5014; x_wconf 88' lang='lat' dir='ltr'><strong>alteri</strong></span> <span class='ocrx_word' id='word_1_428' title='bbox 1160 4949 1316 5016; x_wconf 88' lang='lat' dir='ltr'><strong>Zomboir</strong></span> <span class='ocrx_word' id='word_1_429' title='bbox 1339 4972 1410 5014; x_wconf 91' lang='lat' dir='ltr'><strong>cum</strong></span> <span class='ocrx_word' id='word_1_430' title='bbox 1431 4951 1588 5016; x_wconf 88' lang='lat' dir='ltr'><strong>uxoribus</strong></span> <span class='ocrx_word' id='word_1_431' title='bbox 1612 4961 1643 5016; x_wconf 88' lang='lat' dir='ltr'><strong>et</strong></span> <span class='ocrx_word' id='word_1_432' title='bbox 1668 4952 1753 5036; x_wconf 89' lang='lat' dir='ltr'><strong>filiis,</strong></span> <span class='ocrx_word' id='word_1_433' title='bbox 1778 4957 1947 5040; x_wconf 87' lang='lat' dir='ltr'><strong>vineisque</strong></span> 
     </span>
     <span class='ocr_line' id='line_1_41' title="bbox 267 5054 1946 5142; baseline -0.002 -17"><span class='ocrx_word' id='word_1_434' title='bbox 267 5061 381 5126; x_wconf 86' lang='lat' dir='ltr'><strong>suiset</strong></span> <span class='ocrx_word' id='word_1_435' title='bbox 402 5059 507 5137; x_wconf 89' lang='lat' dir='ltr'><strong>terris,</strong></span> <span class='ocrx_word' id='word_1_436' title='bbox 532 5078 612 5141; x_wconf 90' lang='lat' dir='ltr'><strong>quas</strong></span> <span class='ocrx_word' id='word_1_437' title='bbox 628 5054 756 5132; x_wconf 80' lang='lat' dir='ltr'><strong>colunt3</strong></span> <span class='ocrx_word' id='word_1_438' title='bbox 779 5055 818 5120; x_wconf 89' lang='lat' dir='ltr'><strong>ad</strong></span> <span class='ocrx_word' id='word_1_439' title='bbox 836 5054 895 5118; x_wconf 89' lang='lat' dir='ltr'><strong>hoe</strong></span> <span class='ocrx_word' id='word_1_440' title='bbox 912 5058 1003 5120; x_wconf 83' lang='lat' dir='ltr'><strong>iuxta</strong></span> <span class='ocrx_word' id='word_1_441' title='bbox 1023 5055 1210 5119; x_wconf 90' lang='lat' dir='ltr'><strong>Danubium</strong></span> <span class='ocrx_word' id='word_1_442' title='bbox 1228 5055 1339 5119; x_wconf 88' lang='lat' dir='ltr'><strong>villam</strong></span> <span class='ocrx_word' id='word_1_443' title='bbox 1355 5057 1512 5139; x_wconf 88' lang='lat' dir='ltr'><strong>integram</strong></span> <span class='ocrx_word' id='word_1_444' title='bbox 1529 5055 1602 5120; x_wconf 88' lang='lat' dir='ltr'><strong>dedi</strong></span> <span class='ocrx_word' id='word_1_445' title='bbox 1622 5069 1733 5122; x_wconf 86' lang='lat' dir='ltr'><strong>sancto</strong></span> <span class='ocrx_word' id='word_1_446' title='bbox 1751 5058 1856 5142; x_wconf 87' lang='lat' dir='ltr'><strong>Petro,</strong></span> <span class='ocrx_word' id='word_1_447' title='bbox 1873 5081 1946 5123; x_wconf 91' lang='lat' dir='ltr'><strong>cum</strong></span> 
     </span>
     <span class='ocr_line' id='line_1_42' title="bbox 265 5159 1945 5260; baseline -0.001 -30"><span class='ocrx_word' id='word_1_448' title='bbox 265 5166 345 5252; x_wconf 90' lang='lat' dir='ltr'><strong>ipsis</strong></span> <span class='ocrx_word' id='word_1_449' title='bbox 363 5163 575 5246; x_wconf 88' lang='lat' dir='ltr'><strong>infrascriptis</strong></span> <span class='ocrx_word' id='word_1_450' title='bbox 592 5161 732 5242; x_wconf 89' lang='lat' dir='ltr'><strong>famulis,</strong></span> <span class='ocrx_word' id='word_1_451' title='bbox 749 5159 978 5241; x_wconf 82' lang='lat' dir='ltr'><strong>Ourumbizon,</strong></span> <span class='ocrx_word' id='word_1_452' title='bbox 997 5161 1127 5245; x_wconf 85' lang='lat' dir='ltr'><strong>Sergys,</strong></span> <span class='ocrx_word' id='word_1_453' title='bbox 1152 5159 1268 5242; x_wconf 80' lang='lat' dir='ltr'><strong>Cadus,</strong></span> <span class='ocrx_word' id='word_1_454' title='bbox 1286 5161 1432 5260; x_wconf 73' lang='lat' dir='ltr'><strong>Turkop,</strong></span> <span class='ocrx_word' id='word_1_455' title='bbox 1453 5159 1695 5248; x_wconf 83' lang='lat' dir='ltr'><strong>Wyzdyhitlsn,</strong></span> <span class='ocrx_word' id='word_1_456' title='bbox 1727 5163 1945 5246; x_wconf 66' lang='lat' dir='ltr'><strong>SunIn&#39;Soua,</strong></span> 
     </span>
     <span class='ocr_line' id='line_1_43' title="bbox 267 5265 1944 5355; baseline -0.001 -20"><span class='ocrx_word' id='word_1_457' title='bbox 267 5269 439 5355; x_wconf 85' lang='lat' dir='ltr'><strong>Hoaugdy,</strong></span> <span class='ocrx_word' id='word_1_458' title='bbox 466 5266 588 5354; x_wconf 84' lang='lat' dir='ltr'><strong>Kakdy</strong></span> <span class='ocrx_word' id='word_1_459' title='bbox 612 5288 685 5332; x_wconf 90' lang='lat' dir='ltr'><strong>cum</strong></span> <span class='ocrx_word' id='word_1_460' title='bbox 710 5269 863 5330; x_wconf 85' lang='lat' dir='ltr'><strong>uxoribus</strong></span> <span class='ocrx_word' id='word_1_461' title='bbox 887 5289 925 5330; x_wconf 87' lang='lat' dir='ltr'><strong>ac</strong></span> <span class='ocrx_word' id='word_1_462' title='bbox 948 5265 1023 5329; x_wconf 89' lang='lat' dir='ltr'><strong>filiis</strong></span> <span class='ocrx_word' id='word_1_463' title='bbox 1046 5277 1078 5329; x_wconf 90' lang='lat' dir='ltr'><strong>et</strong></span> <span class='ocrx_word' id='word_1_464' title='bbox 1101 5266 1249 5330; x_wconf 86' lang='lat' dir='ltr'><strong>omnibus</strong></span> <span class='ocrx_word' id='word_1_465' title='bbox 1267 5265 1341 5330; x_wconf 91' lang='lat' dir='ltr'><strong>huic</strong></span> <span class='ocrx_word' id='word_1_466' title='bbox 1361 5265 1435 5330; x_wconf 83' lang='lat' dir='ltr'><strong>villo</strong></span> <span class='ocrx_word' id='word_1_467' title='bbox 1460 5270 1677 5352; x_wconf 87' lang='lat' dir='ltr'><strong>pertinenciis,</strong></span> <span class='ocrx_word' id='word_1_468' title='bbox 1701 5279 1765 5332; x_wconf 88' lang='lat' dir='ltr'><strong>tam</strong></span> <span class='ocrx_word' id='word_1_469' title='bbox 1792 5272 1824 5334; x_wconf 93' lang='lat' dir='ltr'><strong>in</strong></span> <span class='ocrx_word' id='word_1_470' title='bbox 1847 5272 1944 5354; x_wconf 87' lang='lat' dir='ltr'><strong>agris,</strong></span> 
     </span>
     <span class='ocr_line' id='line_1_44' title="bbox 263 5371 1946 5470; baseline 0.001 -32"><span class='ocrx_word' id='word_1_471' title='bbox 263 5395 359 5470; x_wconf 86' lang='lat' dir='ltr'><strong>quam</strong></span> <span class='ocrx_word' id='word_1_472' title='bbox 390 5376 423 5438; x_wconf 90' lang='lat' dir='ltr'><strong>in</strong></span> <span class='ocrx_word' id='word_1_473' title='bbox 452 5374 560 5459; x_wconf 86' lang='lat' dir='ltr'><strong>pratis,</strong></span> <span class='ocrx_word' id='word_1_474' title='bbox 594 5371 685 5436; x_wconf 88' lang='lat' dir='ltr'><strong>siluis</strong></span> <span class='ocrx_word' id='word_1_475' title='bbox 719 5394 758 5436; x_wconf 89' lang='lat' dir='ltr'><strong>ac</strong></span> <span class='ocrx_word' id='word_1_476' title='bbox 789 5375 821 5435; x_wconf 92' lang='lat' dir='ltr'><strong>in</strong></span> <span class='ocrx_word' id='word_1_477' title='bbox 852 5373 967 5436; x_wconf 85' lang='lat' dir='ltr'><strong>ceteris</strong></span> <span class='ocrx_word' id='word_1_478' title='bbox 998 5371 1135 5456; x_wconf 90' lang='lat' dir='ltr'><strong>pascuis,</strong></span> <span class='ocrx_word' id='word_1_479' title='bbox 1169 5374 1200 5434; x_wconf 92' lang='lat' dir='ltr'><strong>in</strong></span> <span class='ocrx_word' id='word_1_480' title='bbox 1232 5371 1430 5438; x_wconf 84' lang='lat' dir='ltr'><strong>arundinetis</strong></span> <span class='ocrx_word' id='word_1_481' title='bbox 1461 5383 1493 5437; x_wconf 86' lang='lat' dir='ltr'><strong>et</strong></span> <span class='ocrx_word' id='word_1_482' title='bbox 1527 5375 1560 5436; x_wconf 92' lang='lat' dir='ltr'><strong>in</strong></span> <span class='ocrx_word' id='word_1_483' title='bbox 1584 5375 1688 5460; x_wconf 89' lang='lat' dir='ltr'><strong>aquis,</strong></span> <span class='ocrx_word' id='word_1_484' title='bbox 1722 5385 1816 5461; x_wconf 90' lang='lat' dir='ltr'><strong>prout</strong></span> <span class='ocrx_word' id='word_1_485' title='bbox 1838 5377 1946 5441; x_wconf 86' lang='lat' dir='ltr'><strong>termi-</strong></span> 
     </span>
    </p>
   </div>
   <div class='ocr_carea' id='block_1_14' title="bbox 0 0 2160 5917">
    <p class='ocr_par' dir='ltr' id='par_1_14' title="bbox 0 0 2160 5917">
     <span class='ocr_line' id='line_1_45' title="bbox 0 0 2160 5917; baseline 0 0"><span class='ocrx_word' id='word_1_486' title='bbox 0 0 2160 5917; x_wconf 95' lang='lat' dir='ltr'><strong> </strong></span> 
     </span>
    </p>
   </div>
  </div>
 </body>
</html>
