4300 5930
1746 363 1811 433 tes

134 564 274 636 spemlnja
296 563 448 638 posliednJi
471 565 527 619 dan
552 563 655 621 aabora
678 564 847 638 crlrvenoga,
871 566 919 638 lsoj
943 582 973 620 se
995 566 1081 622 drino
1102 584 1130 638 g.
1152 566 1246 625 1185.
1271 565 1279 620 i
1304 566 1427 638 poitoje
1447 574 1578 638 perusto,
1610 569 1647 623 da
1672 571 1703 640 Js
1735 584 1808 638 papa

134 651 225 708 Lucio
247 669 327 707 umro
351 653 406 711 iste
429 653 534 725 godino
558 655 613 708 dna
638 653 689 712 25.
715 657 845 726 studens,
868 673 886 708 a
908 655 1030 725 njegovo
1055 655 1154 724 mjesto
1183 671 1285 708 aauzeo
1318 673 1392 726 papa
1423 655 1522 712 Urban
1554 656 1604 712 111.
1632 657 1679 728 joi
1709 653 1810 710 rec'ene

22 773 23 784 2
131 739 238 814 godins
260 740 316 795 dne
342 743 369 800 1.
394 740 533 818 prosince,
557 748 585 797 to
609 759 668 798 ram
693 740 778 802 (lalrle
801 741 917 825 iapravu
940 741 1047 802 1111111
1070 741 1154 802 kamo
1179 740 1303 824 ispada,
1328 759 1344 796 u
1368 742 1474 824 godinu
1502 743 1595 808 1185.

360 1117 370 1124 ,
494 1045 751 1130 onxxxn.
781 1003 995 1148 111111.
1024 1043 1196 1149 1111111.
1225 1045 1261 1129 1
1291 1045 1470 1130 111111.

133 1225 218 1286 Jaro
227 1227 372 1300 pertenit
387 1227 542 1305 Nemem'c,
558 1227 670 1302 1111111
683 1226 806 1301 inpono
820 1227 950 1302 eristen,
973 1226 1034 1286 1111
1055 1227 1179 1300 sajedno
1198 1243 1235 1286 aa
1257 1227 1342 1288 eadsi
1368 1227 1540 1286 totorslrimi
1567 1227 1652 1298 ejece
1674 1225 1812 1286 11111111.

286 1415 322 1479 11
346 1414 474 1479 nomine
497 1415 598 1478 eterni
622 1413 673 1478 dei
698 1423 729 1478 et
760 1413 930 1482 saluatoris
962 1416 1062 1480 nostri
1085 1413 1166 1479 Jesu
1182 1411 1313 1478 01111111.
1335 1413 1430 1478 Α111
1449 1411 1617 1479 millesimo
1632 1415 1808 1478 centesimo

135 1520 358 1604 octuagesimo
385 1527 487 1602 sexto,
511 1541 621 1584 mense
645 1520 789 1600 ianuarii,
815 1531 959 1606 tempore
982 1519 1103 1584 domini
1127 1521 1226 1584 nostri
1251 1517 1417 1584 Nemanne
1449 1520 1557 1604 iupani
1592 1517 1704 1584 Basse.
1743 1518 1813 1604 Ego

135 1624 241 1690 larba
264 1625 416 1706 seinicus,
441 1625 584 1690 directus
606 1626 639 1688 in
663 1626 826 1688 ciuitatem
852 1623 969 1689 Cataro
992 1648 1011 1688 a
1036 1625 1178 1711 predicto
1204 1646 1320 1710 magno
1344 1626 1472 1710 iupano,
1497 1647 1560 1688 una
1591 1645 1663 1690 cum
1700 1626 1812 1688 ins-atis

22 1735 23 1738 ’
139 1729 304 1794 iudicibus
334 1730 376 1794 ab
410 1731 482 1816 ipso
513 1724 706 1810 constitutis,
736 1729 835 1794 Junio
867 1729 981 1814 Sergii,
1012 1729 1136 1795 Jacobo
1171 1729 1267 1810 Boce,
1293 1728 1455 1794 Petrolino
1491 1727 1651 1814 Gregorii,
1680 1740 1712 1794 et
1741 1753 1814 1795 cum

22 1867 23 1906 ;
136 1835 288 1922 omnibus
312 1833 473 1900 nobilibus
501 1817 782 1901 catanensibus..
808 1835 868 1900 sub
900 1835 1081 1920 pulsatione
1113 1857 1268 1920 campane
1292 1883 1300 1898 .
1328 1882 1335 1896 .
1360 1845 1395 1898 nt
1427 1835 1469 1899 ab
1504 1833 1660 1900 hodierno
1694 1833 1746 1898 die
1781 1835 1814 1899 in

22 1943 23 1994 ἶ
136 1949 241 2020 antea,
267 1940 294 2003 si
318 1939 391 2025 quis
415 1963 457 2004 ex
482 1942 599 2006 nostris
622 1939 812 2005 conciuibus
846 1942 959 2004 emerit
989 1939 1030 2004 (le
1061 1939 1168 2026 aliquo
1193 1963 1287 2004 seruo
1324 1939 1413 2027 palas
1444 1939 1497 2004 vel
1526 1939 1712 2022 arundines,
1743 1941 1814 2004 1111

22 2099 24 2104 .
138 2043 266 2125 salices,
289 2045 346 2108 det
367 2066 427 2109 sex
451 2044 650 2127 michelatos,
675 2045 856 2130 dequibus
881 2067 979 2108 unum
1003 2045 1143 2130 accipiat
1164 2067 1272 2109 comes
1298 2047 1447 2124 ciuitatis,
1475 2056 1507 2109 et
1533 2046 1675 2130 quinque
1701 2044 1817 2107 dentur

22 2213 24 2234 ,
136 2149 178 2214 ad
202 2149 374 2215 utilitatem
399 2150 534 2215 ecclesie
570 2152 672 2216 saneti
705 2150 857 2214 Triionie.
893 2149 936 2214 Et
972 2171 1085 2214 seruus
1120 2151 1173 2236 qui
1210 2148 1307 2213 habet
1340 2149 1518 2230 inbbatum,
1554 2149 1674 2213 vendet
1709 2147 1815 2236 palam

22 2265 24 2314 ἶ
139 2257 208 2321 siue
231 2257 267 2320 iu
291 2266 393 2342 porta,
417 2256 470 2321 vel
492 2256 642 2321 dominus
666 2260 735 2324 eius
768 2259 974 2340 interogetur.
998 2256 1042 2320 Et
1073 2279 1169 2342 super
1200 2277 1327 2319 seruum
1359 2255 1413 2342 qui
1445 2255 1565 2319 furtum
1599 2254 1722 2334 fecerit,
1754 2276 1816 2318 non

22 2385 24 2432 L
139 2363 243 2448 possit
276 2361 347 2448 plus
381 2362 450 2426 dari
487 2361 686 2442 iudicatura,
724 2363 786 2425 nisi
816 2361 879 2425 duo
914 2361 966 2424 vel
1001 2369 1066 2424 tres
1101 2363 1237 2447 perperi,
1271 2383 1368 2446 super
1404 2359 1539 2425 liberum
1576 2371 1684 2450 111111
1725 2358 1820 2423 detur

22 2547 24 2554 y
138 2467 322 2532 iudicatura
345 2477 640 2554 quantumcumque
665 2466 768 2530 datori
793 2465 971 2531 iudicaturo
995 2465 1161 2550 placuerit.

290 2665 360 2722 utu.
383 2666 407 2721 Ι.
431 2671 479 2722 atr.
506 2667 575 2722 117.
599 2667 625 2722 iz
646 2673 742 2737 stareg
767 2665 870 2721 rituale
892 2665 1026 2739 kotorske
1050 2665 1135 2721 crlrve
1159 2684 1198 2720 sv.
1222 2665 1353 2721 Triluna.

494 2957 777 3040 CLXXXIII.
807 2957 918 3040 1186.
947 2960 985 3042 9.
1012 2958 1194 3059 11111111
1223 2957 1259 3039 U
1289 2957 1464 3040 lerunt

22 3123 24 3200 l
145 3137 252 3197 Urbon
275 3138 343 3198 III.
362 3157 457 3217 papo,
480 3139 650 3213 potentiale
673 3140 856 3214 ulemeljenje
878 3137 1028 3212 hospitale
1051 3136 1195 3210 ootjatat
1218 3137 1275 3194 leod
1296 3154 1337 3196 so.
1362 3136 1456 3196 Petro
1478 3153 1519 3195 na
1542 3135 1676 3212 Bojitcu,
1701 3154 1721 3195 a
1751 3138 1818 3195 nia·

22 3259 23 3270 ¹
861 3244 926 3318 slsoj
950 3243 1104 3316 bistups'ji.

294 3429 447 3497 Urbanus
470 3425 644 3518 episcopus
667 3453 781 3496 seruus
806 3453 974 3496 seruorum
999 3430 1061 3512 dei,
1086 3428 1211 3494 dilectis
1235 3429 1309 3494 liliis
1334 3427 1463 3493 Matheo
1480 3431 1597 3494 rectori
1615 3439 1646 3494 et
1662 3429 1820 3495 fratribus

22 3541 24 3626 ᾗ
141 3537 361 3603 cruciferariis
385 3536 553 3624 hospitalis
576 3539 677 3602 sancti
704 3537 788 3602 Petri
814 3537 883 3623 (de)
907 3537 1033 3615 Boisce,
1050 3546 1114 3600 tarn
1137 3535 1339 3619 presentibus
1356 3557 1452 3621 quarn
1470 3534 1597 3618 futuris,
1615 3558 1818 3601 communem
1923 3603 1927 3612 ,

22 3647 24 3730 J
141 3644 241 3708 vitam
266 3642 470 3725 ducentibus,
495 3645 527 3706 in
552 3653 738 3731 perpetuam
763 3645 960 3708 memoriam.
994 3643 1152 3707 Effectum
1189 3644 1273 3706 iusta
1308 3641 1544 3728 postulantibus
1579 3641 1757 3724 indulgere,
1791 3653 1823 3706 et

22 3753 24 3774 ¹
142 3750 238 3832 vigor·
262 3747 404 3834 postulat
423 3750 583 3835 equitatis,
608 3761 640 3812 et
664 3749 743 3813 ordo
767 3751 871 3834 exigit
895 3751 1036 3828 rationis,
1062 3749 1240 3834 presertim,
1265 3745 1393 3834 quando
1419 3749 1595 3834 petentium
1620 3734 1819 3813 voluntatem

22 3879 24 3932 ς
142 3863 174 3918 11
197 3855 303 3939 pietas
327 3853 468 3937 adiuuat,
491 3863 523 3919 11
558 3856 676 3918 veritas
705 3877 768 3918 non
806 3853 967 3940 relinquit.
1003 3853 1186 3940 Eapropter
1221 3854 1329 3916 dilecti
1367 3855 1399 3917 in
1436 3852 1566 3918 domino
1601 3853 1668 3932 lilii,
1706 3853 1822 3918 vestris

22 3975 24 4006 l
141 3961 237 4026 iustis
260 3959 533 4046 postulationibus
557 3959 732 4026 elementer
753 3963 936 4040 annuimus,
959 3970 991 4024 et
1013 3959 1173 4048 prefatum
1198 3957 1356 4045 hospitale
1380 3960 1481 4024 sancti
1503 3956 1594 4024 Petri
1630 3958 1671 4022 dc
1705 3957 1822 4024 Boisce

22 4089 24 4128 l
143 4087 214 4130 cum
240 4064 394 4130 omnibns
418 4088 481 4150 que
506 4067 795 4151 inpresentiarum
822 4065 902 4130 iuste
929 4077 960 4130 et
983 4066 1137 4130 canonice
1161 4063 1313 4150 possidet,
1331 4067 1434 4129 autin
1451 4063 1593 4129 futurum
1611 4065 1821 4129 concessione

22 4171 24 4248 ῗ
144 4173 344 4258 pontificum,
371 4171 540 4256 largitione
563 4193 675 4254 regum
700 4169 751 4234 vel
776 4173 968 4256 principum,
1005 4169 1166 4235 oblatione
1200 4167 1353 4250 fidelium,
1389 4193 1446 4234 sen
1481 4169 1553 4234 aliis
1588 4171 1680 4232 iustis
1718 4167 1823 4232 modis

22 4249 24 4378 l
143 4285 311 4364 prestante
335 4277 465 4342 domino
490 4279 607 4363 poterit
629 4276 776 4362 adipisci,
799 4275 860 4341 sub
884 4275 969 4341 beati
995 4275 1080 4342 Petri
1116 4285 1148 4340 et
1179 4285 1288 4340 nostra
1320 4275 1517 4360 protectione
1552 4276 1758 4360 suscipimus,
1791 4283 1823 4337 et

22 4381 25 4428 l
148 4383 310 4468 presentis
335 4383 445 4467 scripti
470 4380 641 4468 priuilegio
666 4382 911 4448 communimus.
936 4381 1129 4461 Statuentea,
1156 4389 1190 4446 ut
1212 4405 1250 4447 ca
1281 4381 1373 4445 firma
1404 4381 1497 4446 vobis
1533 4381 1716 4468 vestrisque
1751 4402 1820 4444 suc-

22 4475 24 4564 }
144 4487 331 4552 censoribus
356 4497 388 4552 11
411 4486 535 4552 illibata
558 4499 775 4574 permaneant.
801 4486 1025 4566 Possessiones
1049 4499 1154 4552 antem
1187 4488 1265 4551 istas
1289 4487 1442 4551 duximus
1471 4487 1608 4572 propriis
1637 4484 1822 4565 nominibus

144 4592 386 4682 exprimendas.
410 4593 532 4658 Locum
558 4595 663 4680 ipsum
688 4595 720 4657 11
745 4615 808 4680 quo
832 4591 989 4679 prefatum
1015 4591 1174 4678 hospitale
1198 4593 1294 4656 situm
1315 4602 1364 4655 est
1386 4613 1458 4655 cum
1483 4588 1632 4654 omnibus
1663 4591 1821 4676 pertineo·

22 4703 24 4736 ³
122 4697 761 4764 11111111.Ε1111111ι111Β1111111
787 4697 932 4784 partibus
956 4696 1128 4764 Sclauonie
1152 4699 1299 4784 positam,
1336 4719 1432 4784 quam
1469 4696 1620 4761 nonensis
1652 4695 1822 4780 episcopus

22 4785 24 4836 Ῐ
144 4804 249 4870 ordini
276 4814 383 4869 vestro
407 4804 642 4870 rationabiliter
664 4806 852 4889 assignauit,
877 4815 960 4870 sicut
984 4805 1014 4868 in
1031 4805 1193 4868 autentico
1217 4803 1318 4888 ipsius
1335 4800 1614 4887 scriptoplenarie
1631 4801 1825 4872 continetur.

22 4895 24 4912 l
144 4911 239 4977 vobis
264 4920 297 4975 et
317 4911 561 4976 successoribus
585 4912 701 4975 vestris
726 4913 916 4975 auctoritate
939 4908 1114 4995 apostolica
1136 4911 1372 4990 confirmamus,
1397 4916 1430 4971 et
1452 4906 1605 4994 quicquid
1630 4905 1754 4974 bebetis
1790 4906 1822 4968 in

147 5017 226 5096 loco,
252 5016 308 5101 qui
333 5015 450 5079 dicitur
473 5015 636 5100 palatium.
661 5016 746 5080 Sanc
773 5015 934 5079 noualium
960 5024 1149 5090 vestrorum,
1172 5037 1234 5100 que
1255 5015 1392 5099 propriis
1412 5011 1559 5077 manibus
1575 5011 1626 5075 vel
1644 5009 1825 5095 sumptibus

146 5121 264 5202 colitis,
286 5121 357 5185 siue
380 5118 420 5184 de
444 5122 647 5185 nutrimentis
672 5131 852 5186 vestrorum
875 5120 1072 5202 animalium,
1097 5118 1203 5184 nullus
1223 5121 1353 5183 omnino
1369 5142 1389 5182 a
1404 5117 1499 5183 vobis
1516 5117 1658 5182 decimas
1685 5115 1818 5201 exigere

145 5225 197 5294 vel
222 5235 419 5313 extroquere
445 5237 616 5312 presumat.
640 5225 753 5292 Liceat
775 5248 904 5314 quoque
928 5226 1021 5291 vobis
1045 5224 1179 5290 clericos
1204 5224 1255 5290 vel
1281 5223 1380 5289 laicos
1404 5245 1422 5289 e
1445 5221 1553 5290 seculo
1577 5221 1747 5306 fugientes,
1780 5219 1819 5286 li·
