4310 5918
1805 445 1869 512 113

189 652 288 718 illud:
313 653 350 718 In
375 653 512 720 ecclesia
540 653 661 720 domini
683 663 738 720 aut
768 663 855 720 orate
882 664 938 721 aut
970 653 1095 743 psalite‚
1127 653 1230 719 verba
1252 663 1357 718 antem
1382 655 1485 718 otiosa
1510 652 1609 718 nolite
1633 653 1752 718 dicere.
1776 655 1872 720 Unde
1978 703 1995 718 .

184 759 362 824 notandum
386 771 435 824 est
458 760 560 843 nobis,
578 761 693 826 fratres
717 763 886 844 carissimi,
911 771 946 826 ut
961 763 988 826 si
1004 759 1107 826 verba
1125 761 1228 824 otiosa
1246 759 1394 824 dominus
1419 761 1451 823 in
1476 759 1613 826 ecclesia
1636 783 1694 824 sua
1718 760 1868 846 prohibet

186 863 305 948 dicere,
331 865 416 952 quod
433 864 504 930 leue
523 878 581 948 est,
598 867 684 954 quod
700 869 802 952 magis
816 890 874 932 nos
892 867 1039 953 prohibet
1051 870 1084 932 in
1102 867 1238 932 ecclesia
1255 890 1312 932 sua
1328 867 1525 952 humpmana
1540 865 1657 949 facere,
1673 865 1758 952 quod
1775 868 1870 930 nimis

186 972 416 1054 grauissimum
441 981 498 1035 est.
524 969 566 1034 Et
590 973 616 1034 si
643 994 701 1057 ego
725 972 868 1037 tantillus
886 973 981 1036 homo
1003 973 1081 1036 nihil
1098 973 1172 1038 volo
1196 975 1228 1036 in
1253 973 1348 1037 domo
1372 996 1443 1036 mea
1468 995 1598 1036 cernere
1616 971 1791 1054 sordidum,
1815 971 1872 1036 sed
1898 1002 1902 1010 ·

184 1077 293 1136 omnia
307 1075 442 1160 pulchra
458 1086 489 1140 et
503 1073 613 1150 nitida,
635 1088 755 1162 quanto
776 1081 879 1162 magis
894 1079 1053 1160 dominus,
1071 1081 1124 1166 qui
1142 1089 1191 1143 est
1205 1100 1264 1142 rex
1280 1101 1392 1164 regum
1409 1087 1441 1142 et
1457 1076 1605 1141 dominus
1622 1076 1870 1158 dominancium,

184 1177 255 1242 vult
270 1177 391 1244 habere
404 1181 511 1245 omnia
528 1179 729 1268 pulcriasima
746 1181 821 1268 (sic)
836 1192 867 1246 et
880 1181 1091 1248 mundissima
1106 1186 1137 1248 in
1157 1184 1252 1250 domo
1270 1206 1336 1248 sua.
1354 1183 1557 1270 Quapropter
1573 1183 1688 1246 timore
1702 1182 1871 1268 perterriti,

185 1293 399 1372 optantesque
416 1309 474 1351 nos
498 1310 541 1351 ex
564 1289 686 1374 antiqui
713 1287 813 1352 hostis
837 1289 952 1375 laqueo
974 1291 1124 1376 erripere,
1148 1291 1334 1374 negauimus
1366 1289 1525 1374 predictos
1551 1287 1735 1368 monachos,
1760 1309 1871 1352 omnes

184 1391 388 1472 unanimiter,
415 1403 449 1455 ut
473 1393 503 1455 in
527 1391 598 1456 loco
623 1391 744 1456 fabrice
767 1403 950 1458 constructo
969 1395 1105 1460 alterum
1126 1397 1298 1482 pretorium
1320 1433 1359 1442 —
1378 1432 1417 1442 -
1438 1433 1474 1443 -
1495 1417 1537 1458 ex
1555 1393 1678 1478 prefata
1695 1393 1871 1458 hereditate

184 1493 249 1576 fiat,
271 1496 449 1560 secuudum
468 1497 589 1561 domini
604 1509 799 1584 preceptum,
823 1521 843 1562 a
867 1499 960 1564 modo
974 1511 1006 1563 et
1023 1522 1123 1586 usque
1140 1503 1171 1564 in
1186 1501 1414 1585 sempiternum
1432 1497 1569 1562 liberum
1586 1507 1621 1561 ut
1637 1497 1729 1562 decet
1741 1497 1872 1562 domum

183 1599 317 1664 domiui.
339 1599 383 1664 Et
396 1602 456 1665 hoc
478 1600 598 1666 factum
616 1614 674 1686 est,
692 1606 774 1666 sicut
790 1603 904 1689 prefati
921 1628 1042 1684 sumus,
1060 1628 1102 1668 ex
1118 1627 1277 1669 consensu
1293 1605 1445 1684 omnium,
1460 1603 1586 1688 populo,
1601 1613 1633 1666 et
1649 1603 1769 1666 domiui
1785 1603 1870 1668 Petri

184 1705 383 1770 venerabilis
400 1706 537 1790 abbatis,
556 1717 683 1794 quantis
702 1708 877 1773 morabitur
893 1711 1099 1796 temporibus,
1126 1719 1158 1774 et
1181 1732 1384 1774 successores
1409 1711 1439 1772 in
1466 1709 1570 1772 insula
1594 1708 1782 1782 Lacrumeo,
1807 1706 1868 1772 sub

185 1813 276 1874 cuius
301 1811 414 1896 regula
437 1812 577 1898 degebat
602 1815 916 1898 etipsemonachus.
934 1815 1029 1880 Unde
1057 1837 1120 1880 non
1142 1815 1260 1879 audeat
1281 1816 1327 1880 eis
1356 1813 1417 1878 hoc
1433 1812 1540 1876 nullus
1571 1813 1744 1876 cuiuslibet
1775 1809 1870 1877 homo

73 1931 76 1934 ·
183 1915 416 1998 contradicere,
434 1940 492 1982 nec
505 1940 673 1983 successor
689 1917 812 1983 scilicet
828 1931 945 2002 noster,
963 1942 1022 1984 nec
1038 1918 1154 1985 nobilis
1169 1929 1286 1984 noster.
1302 1917 1398 1997 Quod
1415 1921 1440 1982 si
1458 1919 1531 2004 quis
1549 1927 1702 1999 nostrum,
1720 1919 1789 1980 siue
1802 1939 1871 1982 suc-

184 2041 296 2084 cessor
321 2019 371 2085 vel
397 2021 514 2086 nobilis
538 2033 655 2104 noster,
679 2025 849 2089 temerarie
869 2027 1107 2111 presumpserit,
1136 2024 1326 2110 soluereque
1351 2024 1556 2110 temptauerit
1577 2023 1760 2088 firmissimo
1778 2030 1871 2106 pecto

184 2135 304 2206 nostro,
329 2124 447 2191 habeat
469 2127 523 2192 ille
547 2131 675 2215 mancip
699 2167 741 2176 —
763 2169 800 2178 -
818 2130 976 2210 videatur,
996 2131 1145 2196 iram'dei
1164 2131 1391 2216 omnipotentis
1416 2130 1525 2214 patris,
1543 2138 1574 2194 et
1598 2126 1666 2209 filii,
1690 2137 1722 2192 et
1739 2129 1871 2213 spiritus
1915 2139 1920 2148 “

183 2232 288 2293 sancti
312 2232 464 2314 incurrat,
497 2241 528 2296 et
562 2243 745 2297 sanctorum
775 2237 927 2316 omniurn,
955 2258 992 2300 ac
1018 2234 1252 2300 maledictionis
1290 2233 1418 2298 vinculo
1451 2242 1667 2298 trecentorum
1700 2231 1810 2296 decem
1837 2240 1868 2294 et

184 2343 257 2398 octo
293 2347 430 2420 patrum,
462 2335 677 2402 insolubiliter
707 2339 894 2421 innodetur,
919 2350 951 2404 et
982 2343 1015 2406 in
1047 2343 1223 2406 nouissimo
1256 2340 1443 2404 maranatha
1474 2360 1546 2402 cum
1580 2334 1708 2400 diabolo
1742 2347 1773 2402 et
1796 2337 1865 2400 eius

184 2451 284 2503 tetros
309 2441 481 2523 ministros,
504 2465 543 2506 ac
568 2441 688 2508 Judam
713 2445 922 2510 Scariotam
914 2469 945 2510 m
970 2446 1119 2531 gehenna
1138 2447 1267 2512 baratro
1288 2454 1480 2526 muneretur,
1506 2455 1537 2508 et
1563 2451 1681 2507 statute
1705 2442 1869 2528 priuilegii

184 2544 408 2628 redintegrare
433 2547 605 2632 dupliciter
629 2551 731 2634 pretio
756 2550 897 2614 iudiciali
922 2555 1080 2616 sententia
1104 2552 1341 2656 perdamnatur
1366 2561 1484 2637 at·que
1495 2552 1715 2614 conuincatur.
1751 2549 1869 2611 Actum

185 2661 235 2714 est
258 2651 320 2715 hoc
340 2663 371 2716 et
396 2652 498 2737 palam
524 2654 659 2718 testibus
684 2657 923 2720 corroboratum
943 2665 1085 2743 tempore
1103 2661 1331 2743 suprascripto,
1357 2679 1466 2722 mense
1490 2654 1667 2732 Februarii,
1691 2663 1722 2717 et
1745 2661 1870 2718 nosmet

13 2751 15 2842 ζ
82 2839 85 2844 Ι
186 2759 247 2843 ipsa
273 2757 334 2822 hec
357 2759 527 2844 priuilegia
551 2781 605 2844 qur
598 2759 683 2823 hoc
710 2761 926 2846 disposuimus
950 2761 1067 2846 facere,
1094 2763 1254 2849 elegimus
1278 2773 1382 2828 tantos
1406 2785 1444 2826 ac
1468 2760 1558 2842 tales,
1583 2769 1692 2824 testes.
1715 2757 1870 2823 Primitus

186 2883 352 2926 omnium:

396 2967 468 3054 Ego
493 2973 734 3055 prenominatus
757 2973 844 3058 prior
862 2974 951 3038 testis
976 2996 1057 3056 sum,
1083 2984 1115 3038 et
1137 2973 1199 3040 hcc
1222 2985 1270 3040 est
1294 2977 1421 3060 signum
1447 2994 1561 3036 manus
1584 2973 1614 3052 †.

188 3072 324 3159 Signum
348 3077 369 3156 †
393 3099 506 3140 manus
526 3075 679 3161 Stephani
706 3079 885 3164 presbyteri
910 3078 968 3143 filii
991 3079 1098 3144 Beles.

161 3191 166 3199 '
255 3229 270 3263 „
348 3183 369 3262 †
428 3233 442 3262 „
514 3181 647 3246 Domini
669 3182 847 3268 Lampridii
868 3183 1049 3272 presbyteri
1072 3185 1172 3251 frater
1194 3185 1342 3250 Joannis.

513 3287 640 3352 Ursacii
663 3289 800 3354 diaconi.

513 3393 688 3480 Triphonis
713 3394 850 3460 diaconi.

517 3497 653 3564 Patraca
682 3499 817 3566 diaconi.

511 3605 685 3691 Nicephori
707 3605 844 3671 diaconi.

516 3709 619 3776 Dabri
643 3711 780 3776 diaconi.

426 3652 439 3680 ³·
430 3546 445 3580 :s
429 3439 444 3476 ξι
428 3337 443 3369 =t

428 3757 443 3790 ii

428 3863 443 3896 „
514 3815 600 3880 Petri
618 3817 745 3882 diaconi
761 3816 869 3882 fratris
882 3815 1027 3903 Georgii.

432 3969 447 4004 „
518 3921 649 3987 Andree
674 3923 808 3987 diaconi.

426 4073 441 4106 „
512 4025 668 4091 Oanialbi.
693 4027 818 4109 †Petri
842 4027 950 4093 fratris
975 4029 1092 4094 Ursani
1116 4027 1370 4114 presbytericum
1390 4023 1455 4088 filio
1480 4047 1538 4089 suo
1561 4023 1682 4088 Dabra.

427 4180 443 4214 „
514 4133 643 4198 Andree
667 4133 725 4198 filii
752 4127 855 4200 notari
880 4135 1075 4221 presbyteri.

347 4239 368 4318 †
425 4285 441 4322 „
510 4237 630 4304 Mihaci
663 4241 818 4326 caputde
843 4242 943 4327 Ropo.

346 4345 368 4423 †
426 4391 442 4428 „
510 4343 670 4409 Joachimi
694 4344 750 4411 filii
777 4343 878 4409 Gauri

253 4497 269 4532 „
346 4451 368 4530 †
428 4499 440 4529 ,
513 4448 676 4515 Tabaleci.

346 3289 372 4212 —1--1-——1-—1-—1-1-—1--1-1-

255 4394 268 4422 υ
252 4284 267 4318 3
254 4180 269 4214 :8
253 4073 269 4108 ἃ
255 3967 270 4002 3
256 3861 271 3896 :2
256 3756 271 3789 3
254 3654 269 3684 ἒ*
256 3544 271 3578 :8
255 3441 270 3476 ὅ
257 3335 272 3368 :2

188 4553 319 4638 Signum
343 4557 366 4635 †
389 4577 502 4619 manus
534 4553 702 4618 Peruanne
736 4553 836 4618 Putei.
870 4552 1004 4638 Signum
1028 4557 1048 4634 †
1073 4573 1184 4615 manus
1217 4549 1403 4614 Bolesmini.
1438 4549 1574 4631 Signum
1604 4551 1623 4628 †
1649 4567 1762 4609 mauris
1788 4545 1873 4610 Petri
1978 4569 1983 4578 ·

188 4658 356 4723 Arabarbi.
374 4657 502 4742 Signum
519 4663 540 4740 †
556 4680 670 4722 manus
687 4657 813 4722 Proculi
837 4659 875 4724 fr.
903 4658 1027 4722 Ursacii
1049 4658 1186 4721 diaconi.
1214 4654 1347 4738 Signum
1373 4655 1393 4732 †
1418 4675 1532 4715 manus
1557 4651 1643 4714 Petri
1667 4651 1724 4714 lilii
1747 4687 1788 4698 -
1813 4688 1867 4715 -.

189 4765 324 4848 Signum
347 4767 368 4846 †
392 4786 505 4828 manus
521 4763 653 4828 Andree
668 4761 725 4827 filii
750 4763 903 4828 Marnaci.
928 4763 1062 4849 Signum
1089 4766 1110 4842 †
1135 4784 1246 4825 manus
1274 4759 1413 4823 Zamari.
1432 4757 1567 4844 Signum
1588 4759 1609 4838 †
1629 4779 1742 4820 manus
1759 4755 1874 4820 Ursaci

189 4869 271 4934 filius
296 4869 422 4934 Jacobi.
448 4869 470 4952 †
496 4867 630 4952 Signum
652 4871 673 4948 †
697 4889 810 4932 manus
834 4867 963 4932 Andree
984 4867 1070 4931 filius
1109 4866 1226 4952 Sclepi.
1261 4864 1395 4947 Signum
1421 4865 1441 4945 †
1466 4885 1579 4926 manus
1610 4857 1786 4947 Lampridii
1819 4859 1877 4924 filii

188 4975 309 5040 Micatii
336 4975 494 5040 monachi.
513 4974 647 5058 Signum
672 4976 693 5052 †
716 4995 829 5038 manus
855 4972 1000 5059 Marguci
1029 4996 1101 5037 cum
1130 4971 1233 5035 fratre
1258 4993 1316 5034 suo
1339 4969 1454 5034 Ursaci
1479 4965 1543 5033 filio
1568 4965 1675 5030 Sisini.
1700 4965 1832 5049 Signum
1857 4967 1878 5046 †

188 5103 300 5146 manus
325 5079 512 5166 Lampredii
538 5078 636 5142 frater
668 5077 804 5143 Bubani.
841 5077 975 5164 Signum
998 5083 1020 5160 †
1043 5101 1157 5142 manus
1189 5075 1306 5141 Vitalis
1342 5073 1492 5195 indignus
1517 5073 1638 5136 meritis
1667 5079 1879 5156 peccatorque

186 5198 281 5273 atque
299 5189 429 5252 infimus
445 5185 671 5266 subdiaconus,
690 5187 744 5270 qui
761 5183 843 5248 hanc
870 5186 998 5270 scripsit
1021 5182 1216 5270 paginulam.

346 5299 374 5353 lc
398 5297 552 5368 rukopisa:
576 5295 704 5352 Cronaca
727 5295 928 5366 antichissima,
944 5296 1000 5350 leod
1017 5295 1142 5350 fraterah
1166 5293 1358 5349 dubrovadkih
1382 5291 1418 5345 ll.
1443 5297 1491 5346 etr.
1518 5291 1591 5344 217.
1621 5287 1768 5344 Muratori
1795 5286 1880 5342 ltalia

185 5407 300 5479 antiqua
321 5404 356 5459 Τ.
380 5404 430 5460 1v.
454 5401 525 5459 (lise.
549 5401 624 5457 Lll.

1755 5492 1775 5558 8
