4310 5918
1794 437 1857 504 163

183 631 380 716 Theodorus,
405 631 480 698 licet
501 634 679 698 immeritus
704 631 864 716 sacerdos,
888 633 976 696 iussu
1004 629 1125 696 domini
1151 631 1211 694 mei
1236 633 1322 716 regia
1350 632 1563 717 prenominati
1595 630 1771 712 Suinimiri,
1796 634 1851 718 qui

183 749 212 804 et
234 739 402 822 Demetrii,
435 749 530 826 atque
565 739 686 804 domini
720 737 869 824 Gregorii
901 740 950 804 sui
982 739 1136 824 episcopi,
1168 738 1305 822 scriptor
1334 736 1428 802 huius
1460 737 1581 804 decreti
1615 747 1647 802 et
1670 739 1759 801 testis
1784 759 1853 802 sum

182 844 310 911 ibidem.
334 883 376 894 -

338 951 450 1037 Prepis
475 973 535 1016 ove
560 950 666 1016 listins
689 949 793 1016 nalasi
816 974 850 1014 se
875 951 1030 1016 uarkivu
1048 951 1212 1038 bislsupije
1228 949 1428 1036 splietske,u
1452 950 1628 1037 rukopisu:
1646 949 1852 1016 Donaciones
1939 1005 1943 1016 ,

182 1057 361 1145 principum
385 1057 440 1122 itd.
465 1057 511 1122 br.
540 1060 589 1123 13.
614 1057 664 1122 Na
688 1056 759 1124 talu
775 1056 881 1122 listiue
898 1059 971 1144 stoji
989 1055 1145 1133 biljetka:
1169 1055 1364 1144 Exemplum
1389 1067 1549 1144 sumptum
1574 1079 1617 1123 ex
1639 1059 1800 1124 autentico
1822 1059 1856 1121 in

181 1161 369 1228 membrana
392 1185 463 1228 cum
488 1166 699 1250 impressione
723 1166 817 1229 unius
846 1162 942 1249 sigilli
961 1167 1054 1246 cerei,
1071 1163 1300 1250 apparentibus
1316 1173 1423 1229 tamen
1440 1165 1540 1250 signis
1561 1164 1697 1228 aliorum
1721 1174 1857 1251 quatuor

180 1270 368 1357 sigillorum,
393 1273 550 1337 existente
574 1272 607 1334 in
631 1270 774 1335 arohiuio
807 1271 1071 1357 archiepiscopali
1096 1269 1278 1357 spalatensi.
1303 1269 1369 1356 (Nu
1393 1269 1471 1335 sada
1490 1272 1525 1358 je
1549 1270 1655 1336 noima
1677 1269 1777 1359 mmo)
1800 1269 1856 1336 [aa

179 1397 239 1440 cve
261 1377 402 1464 biljetke
428 1376 520 1442 sliedi
545 1386 619 1463 opet
642 1375 763 1460 druga:
1460 1397 1464 1406 ·

340 1483 412 1548 Hoc
429 1481 611 1569 exemplum
631 1492 679 1547 est
695 1491 867 1568 sumptum,
885 1483 953 1548 sive
972 1484 1198 1568 transcriptum
1216 1505 1258 1547 ex
1274 1482 1413 1568 quodam
1436 1491 1604 1546 montaneo
1622 1483 1855 1570 antiquissimo,

180 1592 211 1654 iu
236 1611 301 1676 quo
326 1601 400 1654 erint
422 1611 517 1676 quarn
544 1588 635 1676 plura
659 1589 828 1675 priuilegia
864 1588 995 1676 Papalia
1020 1599 1052 1654 et
1075 1588 1211 1675 Regalis
1231 1591 1407 1676 antiquitus
1429 1591 1557 1676 scripta,
1581 1589 1688 1676 aliqua
1718 1592 1789 1656 iura
1807 1611 1857 1656 ee·

178 1695 278 1760 clesia
290 1705 323 1760 et
338 1697 632 1782 archiepiscopatus
650 1695 859 1782 Spalateneis‚
874 1717 931 1781 per
946 1717 996 1760 me
1010 1694 1216 1760 Dominicum
1231 1695 1457 1760 cancellarium
1475 1694 1706 1782 Spalatensem,
1720 1698 1856 1761 auctori-

178 1810 244 1866 tate
266 1802 424 1889 imperiali
448 1805 608 1868 notarium
632 1811 664 1866 et
680 1824 765 1866 nunc
782 1805 919 1867 iuratum
938 1803 1095 1866 notarium
1123 1802 1383 1868 reuerendieeimi
1407 1804 1440 1867 in
1464 1801 1594 1867 Christo
1625 1805 1727 1890 patris
1750 1813 1781 1869 et
1802 1803 1858 1868 do-

178 1910 255 1972 mini
288 1907 441 1973 Andreae
464 1909 514 1973 dei
539 1921 570 1974 et
593 1907 788 1995 apostolicae
815 1908 899 1974 sedis
921 1911 1025 1996 gratia
1040 1909 1274 1998 archiepiscopi
1291 1910 1499 1998 Spalatensis,
1519 1910 1626 1996 legum
1646 1910 1795 1994 doctoris,
1816 1934 1858 1978 ex

179 2014 331 2080 mandato
357 2026 388 2080 et
411 2019 600 2080 auctoritate
624 2016 724 2102 ipsius
749 2014 798 2080 do.
835 2014 1079 2104 archiepiscopi.
1105 2016 1307 2104 Lectumque
1329 2025 1360 2080 et
1383 2019 1579 2082 insinuatum
1604 2017 1664 2081 fuit
1687 2017 1727 2082 de
1759 2016 1858 2082 verbo

174 2121 216 2184 ad
249 2122 386 2186 verbum
417 2122 450 2185 in
487 2121 648 2206 presentia
671 2123 771 2207 ipsius
803 2121 922 2186 domini
955 2122 1201 2211 archiepiscopi,
1226 2147 1283 2211 per
1306 2147 1357 2188 me
1387 2125 1546 2188 notarium
1575 2123 1793 2210 supradictum
1818 2135 1850 2190 et

178 2226 413 2292 auscultantem
434 2226 605 2311 diligenter
629 2249 686 2313 per
709 2226 929 2315 infrascriptos
942 2231 1085 2294 notarios
1109 2232 1140 2294 iu
1164 2231 1325 2318 presentia
1346 2231 1474 2295 testium
1495 2229 1759 2317 subscriptorum,
1787 2251 1859 2296 cum

176 2336 247 2420 ipso
273 2333 441 2420 principali
474 2335 603 2419 scripto,
635 2343 667 2398 et
690 2356 762 2398 eum
787 2333 828 2398 D.
864 2333 1125 2422 archiepiscopus
1162 2339 1313 2423 cognouit
1342 2359 1414 2402 cum
1450 2339 1520 2422 ipso
1544 2341 1662 2424 scripto
1690 2338 1860 2426 principali

178 2442 387 2518 concordare,
404 2449 437 2504 et
452 2449 487 2503 ut
502 2439 658 2505 habeatur
675 2440 749 2504 huic
765 2441 913 2526 exemplo
931 2442 963 2506 in
999 2453 1161 2529 posterum
1181 2443 1277 2530 plena
1298 2443 1389 2526 fides,
1413 2465 1502 2508 suam
1528 2448 1730 2510 autoritatem
1761 2436 1860 2510 inter-

180 2550 290 2632 posuit
314 2556 345 2611 et
367 2545 541 2612 decretum.
566 2544 667 2610 Cuius
689 2547 818 2634 quidem
847 2550 947 2612 serice
965 2552 1125 2614 montanei
1151 2573 1207 2614 seu
1233 2549 1395 2636 priuilegii
1423 2571 1480 2636 per
1505 2552 1612 2616 omnia
1636 2551 1708 2616 talis
1733 2561 1792 2616 est.

340 2653 452 2739 Prepis
477 2654 550 2740 ovaj
576 2653 786 2738 posvedottite
808 2655 818 2718 i
843 2655 1005 2741 potvrdite
1038 2655 1102 2722 lrao
1117 2640 1247 2722 ¹istinit:
1271 2657 1416 2722 Jacobus
1439 2657 1525 2722 filius
1548 2656 1698 2724 Ubertini
1723 2679 1754 2744 q.
1777 2657 1859 2724 Leo·

179 2759 271 2826 nardi
296 2759 338 2825 de
362 2761 487 2844 Puglia.
511 2797 553 2810 -
576 2759 719 2826 Joannes
747 2785 779 2850 q.
804 2759 927 2827 Colusii
951 2763 990 2828 de
1024 2761 1162 2849 Cingulo
1187 2765 1340 2829 notarius.
1367 2802 1404 2813 —
1430 2763 1533 2828 Natus
1558 2785 1590 2850 q.
1615 2785 1667 2830 ser
1690 2763 1855 2830 Dominici

178 2867 218 2932 de
250 2867 388 2932 Perusio
422 2905 458 2916 —-
493 2867 683 2932 Dominicus
717 2866 910 2952 Dragoelaui
942 2869 1124 2934 Malconich
1156 2869 1293 2936 ecclesie
1326 2870 1517 2958 spalatensis
1541 2893 1629 2935 canc.
1658 2877 1690 2935 et
1713 2873 1857 2937 notarius

178 2977 310 3062 scripsit
322 2974 523 3061 presentibus
536 2974 777 3062 archiepiscopo
786 2975 927 3060 Andrea,
946 2977 1045 3042 tratre
1066 2975 1264 3042 Beneuenuti
1278 2975 1438 3063 Episcopo
1448 2977 1591 3042 Farensi.
1605 2976 1718 3042 Fratre
1731 2977 1857 3043 Jcanne

179 3080 343 3166 Episcopo
375 3079 590 3163 Macharensi,
622 3081 719 3146 fratrc
753 3079 885 3146 Nicolao
907 3083 1030 3147 ordinis
1054 3105 1080 3147 s.
1106 3083 1274 3148 Benedicti
1297 3083 1424 3148 abbatis
1457 3084 1640 3148 monasterii
1665 3085 1767 3149 sancti
1791 3083 1859 3150 Ste-

178 3187 277 3274 phani
312 3189 351 3252 de
382 3187 480 3270 Finis,
513 3198 544 3254 et
568 3188 706 3274 capitulo
735 3199 766 3252 et
798 3190 960 3254 canonicis
982 3191 1111 3255 maioris
1136 3188 1399 3275 metropolitanae
1423 3188 1579 3254 ecclesiae
1604 3189 1735 3276 Spalati.
1759 3191 1856 3258 Anno

178 3291 527 3358 MOOCLXXXXVI.
551 3293 603 3358 die
627 3295 656 3357 e.
680 3293 799 3359 Martii.

340 3415 474 3486 Splietslri
496 3416 584 3472 arhiv.
608 3405 705 3472 biensa
727 3417 906 3489 episcopalis.

603 3639 606 3659 '
713 3649 895 3735 CXClX.
923 3650 1037 3736 1078.
1064 3651 1128 3734 re,
1153 3655 1339 3757 travnja.

180 3804 331 3866 Sumimtr
345 3805 426 3880 iurati
447 3806 584 3865 tractati
606 3807 714 3881 daruje
746 3807 953 3882 aadbistupr’p'i
983 3809 1135 3884 epitatstoj
1164 3825 1271 3883 macco
1300 3807 1413 3876 miesta,
1436 3807 1449 3866 i
1470 3806 1632 3880 deucalione
1655 3805 1859 3880 potatorum

718 3915 859 3989 njcaioim
882 3915 922 3974 da
944 3916 997 3974 olco
1020 3915 1085 3989 ajih
1103 3931 1185 3989 posu
1208 3931 1323 3987 mrsu.

341 4051 377 4115 ln
407 4050 459 4115 dei
491 4053 619 4117 nomine
654 4075 756 4116 amen.
789 4051 860 4116 Hoc
892 4061 939 4116 eet
979 4051 1163 4138 exemplum
1195 4051 1361 4116 cuiusdam
1385 4049 1547 4137 priuilegii
1580 4049 1707 4136 regalis,
1743 4053 1855 4116 muniti

182 4159 377 4242 appensione
401 4158 569 4224 cuiusdam
593 4159 680 4244 sigili
713 4161 820 4243 magni
845 4158 974 4224 rotundi
999 4182 1071 4224 cum
1107 4157 1238 4223 cordula
1259 4158 1355 4221 sirica
1379 4195 1415 4205 -
1440 4193 1484 4205 -
1506 4195 1550 4205 -
1573 4158 1677 4222 crocei
1701 4157 1856 4244 rubrique

183 4262 307 4339 coloris,
333 4264 366 4326 in
389 4286 452 4349 quc
475 4264 603 4350 quidem
628 4263 734 4352 sigillo
758 4265 860 4330 sculta
883 4275 930 4329 est
946 4265 1083 4352 quedam
1107 4264 1226 4350 regalis
1243 4285 1371 4351 ymago,
1396 4265 1514 4328 sedens
1535 4265 1567 4328 in
1590 4262 1714 4345 throno,
1734 4263 1857 4328 habens

183 4370 214 4432 in
248 4389 347 4434 manu
388 4368 496 4434 destra
530 4369 690 4456 quendam
730 4369 830 4435 lilium
865 4371 979 4436 baculo
1022 4373 1239 4458 suppositum,
1276 4380 1308 4435 et
1341 4371 1375 4434 in
1407 4391 1503 4434 manu
1534 4372 1663 4435 sinistra
1693 4369 1856 4455 quandam

182 4473 356 4540 sculturam
388 4475 557 4541 rotundam
590 4487 622 4541 et
644 4499 763 4560 arcum,
789 4475 896 4542 circha
921 4476 1025 4541 sculte
1049 4487 1141 4541 erant
1174 4475 1279 4540 littere
1303 4497 1399 4542 cruce
1433 4475 1598 4562 premissa,
1621 4477 1668 4540 sic
1699 4477 1859 4540 dicentes:

181 4579 251 4646 Rex
275 4581 429 4646 Suinimir
459 4581 715 4648 Dalmatinorum
740 4592 771 4648 et
797 4581 1019 4648 Obroatorum.
1054 4581 1154 4648 Cuius
1186 4582 1314 4669 quidem
1347 4579 1507 4668 priuilegii
1540 4591 1632 4675 tenor
1663 4603 1720 4668 per
1751 4581 1858 4645 omnia

183 4685 254 4751 talis
278 4699 346 4754 est:
368 4686 407 4751 In
431 4689 559 4754 nomine
583 4700 693 4754 sancta
717 4698 748 4754 ct
769 4687 935 4754 indiuiduo
958 4691 1119 4772 trinitatis,
1150 4711 1233 4754 anno
1265 4687 1387 4753 scilicet
1409 4687 1451 4753 ab
1484 4689 1701 4752 incarnatione
1735 4687 1856 4772 domini

184 4791 352 4859 millesimo
369 4796 622 4880 septuagessimo
640 4811 766 4871 octauo,
781 4795 833 4861 die
857 4793 939 4860 XVI
962 4797 1080 4860 mensis
1104 4794 1224 4882 aprilis,
1241 4795 1414 4859 indictione
1432 4793 1574 4881 (pr)ima.
1599 4791 1670 4878 Ego
1695 4791 1853 4879 siquidem

185 4897 337 4964 Suiuimir
370 4897 582 4966 Obroatorum
606 4911 702 4988 atque
736 4899 991 4967 Dalmatinorum
1016 4925 1084 4983 rex,
1110 4903 1244 4988 cupiens
1268 4902 1493 4966 ardentissime
1523 4901 1594 4964 iura
1624 4908 1656 4964 et
1687 4899 1772 4964 bona
1801 4921 1853 4963 ec·

185 5004 279 5070 clesie
300 5005 604 5092 gloriosissimorum
622 5011 786 5073 martirum
804 5005 959 5096 Dompnii
975 5006 1034 5095 (et)
1050 5007 1219 5092 Anastagii
1236 5029 1426 5092 recuperare
1444 5016 1475 5072 et
1491 5005 1644 5092 ampliare
1660 5028 1716 5090 pro
1743 5028 1845 5092 posse,

185 5111 224 5176 cb
247 5114 389 5198 ipsorum
418 5115 586 5179 martirum
616 5117 839 5196 reuerentiam,
863 5137 998 5202 quorum
1031 5113 1180 5200 precibus
1215 5115 1337 5178 meritis
1371 5133 1464 5196 spero
1499 5122 1573 5176 ante
1604 5113 1704 5176 eterni
1735 5109 1850 5176 iudicis

185 5239 319 5283 examen
358 5241 489 5285 munere
528 5219 690 5304 adiuuari,
721 5231 753 5286 et
791 5219 861 5305 (ad)
902 5221 1167 5284 instantissimam
1199 5220 1385 5306 petitionem
1425 5213 1620 5281 venerabilis
1656 5217 1753 5302 patris
1793 5217 1855 5280 mei

185 5324 357 5410 spiritualis
381 5325 547 5414 Laurentii
582 5325 826 5414 archieplscopi,
859 5335 892 5392 et
929 5324 1100 5391 multorum
1132 5323 1288 5391 nobilium
1323 5347 1454 5389 suorum
1490 5323 1609 5388 ciuium
1640 5321 1681 5386 de
1713 5321 1854 5407 Spalleto

185 5449 325 5497 sueorum
349 5431 538 5498 dilectorum
563 5431 716 5517 fidelium,
751 5435 806 5520 qui
830 5455 988 5498 unacum
1013 5432 1125 5499 eodem
1159 5453 1269 5498 eorum
1298 5429 1426 5518 presule
1461 5431 1650 5518 ingranam
1679 5427 1855 5518 quierelam

1738 5533 1757 5576 a
