4300 5930
370 361 433 427 1266

363 563 422 619 est
445 553 580 618 Factum
605 562 663 634 est,
688 551 772 636 quod
797 550 942 636 predicto
972 559 1117 637 tempore
1149 551 1286 616 clericos
1313 549 1399 631 Vita,
1431 551 1534 616 sancti
1565 548 1709 636 inrisci
1740 549 1907 638 plebanus,
1937 571 2027 638 nepos

365 657 437 724 Mar
451 706 459 722 .
473 708 481 722 .
496 705 504 722 .
518 656 632 738 codici,
649 667 760 722 contra
777 679 827 720 rue
845 656 1016 739 Chaszam,
1034 659 1136 722 sancti
1153 655 1320 721 Benedicti
1336 655 1535 721 abbatissam
1553 657 1732 740 insurgens,
1750 665 1786 720 ut
1802 654 1843 719 de
1866 664 1953 718 terra
1972 677 2025 743 que

366 772 416 827 est
437 761 564 841 Aballo,
590 783 685 846 quam
707 760 783 824 olim
808 761 953 826 Marcula
969 761 1108 825 Nestane
1125 762 1319 826 monasterio
1335 759 1503 841 obtulerat,
1521 782 1628 825 coram
1645 759 1888 846 archiepiscopo
1902 781 2026 848 respon·

366 868 525 946 daremus,
551 866 681 944 assidue
705 865 853 931 instabat.
880 865 1062 932 Constituto
1087 869 1195 952 itaque
1224 866 1361 930 termino
1396 873 1428 930 et
1461 863 1513 929 die
1544 887 1603 950 pro
1635 864 1809 950 optinendo
1846 868 2026 930 monasterii

369 975 447 1053 iure,
472 995 578 1040 coram
605 971 847 1058 archiepiscopo
873 972 966 1037 Petro
991 983 1022 1038 et
1046 975 1196 1037 uniuerso
1219 970 1360 1058 capitulo
1382 973 1415 1036 iu
1437 970 1548 1036 curiali
1580 971 1704 1056 palacio
1728 973 1898 1037 astitimus.
1933 971 2026 1056 Igitur
2108 1003 2110 1010 ι

365 1080 457 1143 nobis
480 1087 554 1141 ante
578 1100 650 1142 eum
676 1078 910 1158 assistentibus,
935 1080 997 1142 iam
1022 1079 1127 1142 dictus
1152 1076 1462 1158 clericus-Vita,·de
1486 1076 1631 1163 predicta
1654 1087 1741 1141 terra
1756 1079 1933 1163 proposuit,
1949 1100 2024 1142 asse·
2108 1091 2110 1110 ¹

362 1206 437 1248 reus
460 1187 562 1264 ipsam
588 1185 690 1247 sancti
712 1182 856 1268 Cipriani
880 1205 960 1249 esse.
986 1182 1088 1248 Nobis
1124 1185 1232 1268 itaque
1255 1182 1295 1246 ad
1333 1184 1470 1247 inuicem
1507 1181 1772 1268 disceptantibus,
1808 1203 1905 1268 quam
1938 1181 2025 1267 longo
2108 1177 2110 1188 ²

363 1299 542 1374 temporum
570 1287 713 1353 curiculo
737 1290 808 1374 ipsa
831 1299 917 1354 terra
938 1291 1008 1352 iure
1028 1287 1224 1353 hereditario
1248 1287 1478 1352 monasterium
1503 1309 1580 1352 usus
1605 1287 1718 1368 fuerat,
1743 1287 1839 1351 michi
1861 1287 2025 1369 abbatisse,

363 1393 624 1479 archiepiscopus
648 1392 744 1457 simul
767 1415 841 1458 cum
865 1393 1004 1478 capitulo
1028 1403 1274 1473 sacramentum,
1297 1395 1373 1478 quia
1397 1395 1540 1478 predicta
1563 1405 1648 1458 terra
1671 1415 1735 1457 non
1759 1393 1862 1458 sancti
1889 1390 2023 1478 inrisni

363 1498 421 1564 sed
445 1500 545 1563 nostri
568 1499 752 1564 monasterii
776 1509 834 1579 est,
859 1498 1022 1580 iudicauit,
1048 1509 1080 1563 et
1102 1499 1220 1563 exinde
1244 1497 1412 1562 diaconem
1438 1497 1512 1584 (sic)
1536 1496 1708 1562 Sabaciuru
1727 1497 1821 1562 nobis
1838 1497 2021 1583 pristaldum

364 1604 486 1686 tribuit,
511 1605 597 1690 quod
621 1614 855 1668 sacramentum
880 1605 931 1668 his
955 1605 1142 1683 scientibus,
1166 1601 1345 1690 presbitero
1377 1603 1493 1683 Micha,
1530 1603 1664 1668 diacono
1698 1601 1804 1684 Helia,
1825 1601 1970 1683 .Stresio,
1999 1613 2026 1666 et

366 1707 459 1774 Vilce
502 1709 572 1775 feci.
617 1709 661 1774 Et
696 1731 757 1795 ego
793 1709 950 1780 Sabacius
984 1709 1201 1775 subdiaconus
1245 1711 1424 1774 communis
1466 1709 1608 1773 notarius
1653 1706 1749 1772 huius
1782 1709 1829 1774 rei
1865 1707 2026 1793 pristaldos

367 1817 505 1912 scriptor
524 1825 556 1878 et
579 1816 671 1881 testis
694 1835 775 1879 snm.

514 2012 574 2069 Ova
597 2013 693 2070 listina
713 2014 813 2084 pisana
834 2032 872 2069 na
894 2015 1065 2086 pergameni,
1089 2013 1176 2070 saiita
1195 2015 1226 2084 je
1254 2014 1358 2084 ujedno
1386 2031 1419 2068 sa
1447 2011 1572 2067 tistinom
1602 2011 1668 2082 god.
1700 2010 1794 2066 1144.
1818 2009 1861 2070 br.
1890 2011 1936 2066 Li.
1966 2009 2028 2068 ὅιιιιι
2109 2017 2110 2066 t

365 2117 395 2155 se
417 2117 436 2155 ιι
458 2109 619 2156 samostanu
643 2101 838 2172 kaludjeriosh
869 2121 908 2155 ev.
933 2102 1032 2172 Marijc
1063 2118 1082 2155 ιι
1106 2101 1199 2156 Zadru
1232 2101 1326 2172 meriju
1357 2100 1438 2172 pismi
1467 2105 1627 2154 samostana
1661 2117 1700 2152 ιι.
1735 2098 1902 2154 Benedikta.
1938 2097 2026 2154 Smrui
2109 2109 2110 2112 ’

365 2187 474 2243 Farlati
499 2187 547 2245 111.
576 2188 647 2243 225.
672 2189 717 2260 Ιιο]Ι
738 2191 772 2260 ju
795 2185 906 2260 priobei
928 2207 941 2243 s
965 2188 1170 2260 pogrieikams.
2108 2189 2110 2206 '

1038 2477 1224 2561 ocxxl.
1252 2479 1361 2561 1192.

708 2657 806 2720 Grkoo
828 2677 870 2720 ao.
895 2659 1010 2732 orares
1032 2676 1053 2718 o
1079 2658 1222 2732 Topticob
1238 2658 1331 2732 pluto
1354 2657 1431 2718 dota
1454 2659 1577 2732 ametor*
1599 2658 1704 2720 stolia.

515 2845 640 2912 Census
663 2848 808 2912 Romane
832 2847 917 2912 sedis
948 2849 981 2911 iu
1003 2846 1173 2942 Hungaris
1207 2844 1376 2910 MOXOII.
1413 2845 1540 2929 (Drugo
1574 2843 1811 2932 iaostavljeno).
1848 2845 1884 2909 ln
1914 2847 2024 2930 episco·
2108 2819 2110 2896 i

368 2963 444 3040 patu
464 2953 695 3039 Zagrabiensi:
719 2952 867 3018 Ecclesia
891 2965 1001 3018 sancte
1025 2953 1126 3016 Mario
1152 2953 1191 3016 de
1214 2949 1337 3016 Calidis
1360 2953 1463 3038 aquis,
1479 2964 1585 3016 'unum
1608 2959 1821 3015 romanatum.

527 3149 689 3205 Endtioher.
713 3151 896 3206 Monumenta
921 3150 1087 3221 Arpadiana
1108 3151 1132 3206 Ι.
1159 3149 1230 3205 247.
1254 3151 1279 3204 Ε
1299 3148 1397 3205 Cencii
1418 3148 1572 3206 Camerarii
1596 3147 1669 3204 libro
1688 3165 1833 3208 censuum.

684 3476 890 3559 CCXXII.
918 3479 1029 3561 1193.
1057 3478 1114 3562 orl
1141 3475 1172 3558 Ι.
1201 3476 1362 3581 statuto
1389 3479 1450 3561 (lo-
1471 3477 1730 3580 matura

370 3654 448 3715 loon
474 3657 523 3716 sin
550 3655 680 3716 Rottuoo
706 3658 835 3731 produje
857 3661 1031 3717 somostono
1053 3675 1097 3718 ao.
1126 3656 1317 3732 Stjepcoou
1346 3655 1453 3720 Selino
1482 3659 1568 3731 meto
1598 3657 1748 3736 remititte,
1779 3625 1869 3719 lebete
1897 3675 1917 3716 ιι
1937 3653 2028 3716 Setino

1018 3781 1068 3840 teo
1090 3747 1177 3840 orisve
1199 3797 1241 3840 cv.
1266 3781 1391 3855 Martie.

726 3967 868 4054 (Provod
890 3967 1055 4054 talijsnski
1080 3970 1109 4032 ic
1133 3967 1450 4054 latinskogaicvora
1475 3967 1700 4057 izgub'ljena).‘

519 4125 581 4191 Nel
605 4147 698 4191 nome
722 4125 808 4191 della
831 4135 942 4191 sancta
964 4126 1092 4192 trs-inira
1115 4136 1148 4192 et
1170 4125 1347 4194 indiuidua
1363 4127 1462 4193 unita,
1484 4127 1520 4192 L'
1544 4149 1630 4192 anno
1650 4127 1738 4193 daila
1759 4128 1979 4209 Iucsrnsttpne
1997 4125 2026 4192 di

372 4231 502 4298 Christo
529 4233 623 4298 1193.
648 4230 721 4296 nell’
742 4231 922 4297 Indictione
942 4231 984 4295 X.
1007 4233 1176 4320 Regnante
1198 4232 1279 4297 Bela
1308 4231 1357 4297 Re
1391 4232 1420 4298 d'
1457 4231 1635 4318 Ungheria,
1668 4234 1871 4320 procurando
1904 4257 1977 4300 anco
2008 4230 2026 4296 it

373 4338 490 4403 ducato
514 4338 547 4402 di
571 4337 735 4403 Dalmatia
757 4347 789 4402 et
812 4335 943 4402 Oroatia
962 4329 1095 4422 Caleno,
1118 4349 1150 4403 et
1173 4338 1191 4401 l'
1216 4339 1425 4404 arcivsacovo
1449 4338 1482 4403 di
1501 4337 1632 4425 Spelato
1656 4340 1794 4406 essendo
1810 4339 2026 4425 gouernatods

371 4443 479 4508 Pietro
503 4441 622 4527 figlioio
647 4443 680 4506 di
715 4442 881 4526 Ohetleno,
920 4442 1021 4508 Corte
1056 4443 1218 4510 Grubisca
1250 4455 1283 4508 et
1313 4445 1436 4510 vicario
1470 4445 1627 4530 Bogdano
1662 4455 1779 4532 nepote
1812 4445 1847 4511 di
1883 4446 2025 4512 Prodano.

371 4547 496 4614 Perchb
519 4569 554 4612 se
576 4545 607 4612 le
630 4570 704 4635 cose
728 4547 760 4613 di
784 4557 897 4636 questo
922 4549 1038 4616 mondo
1063 4572 1125 4615 nou
1147 4551 1175 4614 si
1198 4549 1361 4615 reducono
1385 4551 1418 4614 iu
1443 4552 1603 4626 emittere,
1627 4561 1735 4637 presto
1758 4573 1865 4616 vanno
1898 4553 1931 4617 ic
1961 4547 2028 4616 obii·

372 4655 477 4736 vione,
499 4664 532 4718 et
554 4653 715 4718 induoono
740 4655 773 4718 in
797 4677 904 4719 errore
928 4655 938 4718 i
961 4656 1050 4720 cuori
1073 4653 1160 4740 degli
1182 4653 1339 4723 huomini}
1362 4655 1445 4720 Pero
1483 4679 1502 4720 a
1533 4657 1647 4720 notitia
1681 4655 1734 4720 dei
1769 4659 1889 4742 posteri
1923 4655 2029 4722 dovert

373 4761 484 4825 venire
508 4769 621 4845 questo
645 4761 767 4842 scritto,
792 4759 974 4846 qualmente
998 4762 1029 4824 io
1053 4759 1216 4826 Giovanni
1240 4759 1361 4846 figliolo
1393 4759 1447 4826 del
1482 4760 1644 4847 quondam
1667 4761 1793 4845 Ratira,
1829 4761 1871 4826 ho
1905 4761 2028 4828 venduto

373 4863 425 4929 all'
448 4864 566 4929 abbate
588 4863 682 4929 Isach
706 4864 739 4928 di
763 4887 821 4928 san
845 4865 985 4948 Stefano,
1010 4875 1042 4930 et
1065 4889 1084 4930 a
1106 4865 1246 4932 Martiuo
1271 4888 1328 4930 suo
1352 4865 1518 4953 Propoeto,
1540 4875 1572 4932 et
1594 4889 1615 4930 a
1636 4876 1718 4932 tutta
1741 4863 1773 4932 l's
1794 4869 2028 4953 congregatione

372 4967 425 5034 del
441 4969 616 5034 medesimo
641 4971 844 5051 monasterio,
869 4993 926 5057 per
950 4993 1066 5056 presso
1088 4991 1150 5036 oon
1182 4971 1211 5036 d’
1246 4971 1384 5038 accordo
1420 4971 1452 5035 di
1487 4973 1644 5059 romanati
1667 4982 1744 5054 otto,
1776 4994 1842 5038 una
1877 4971 2028 5056 calavagia

371 5085 464 5161 posta
486 5077 519 5140 in
543 5073 660 5140 Salona
684 5075 768 5160 dopo
791 5075 951 5142 laobiess
973 5077 1005 5142 di
1029 5085 1120 5143 santa
1144 5079 1250 5143 Maris
1273 5079 1302 5142 d'
1327 5078 1444 5163 Atago,
1467 5077 1517 5142 dar
1531 5100 1620 5143 esser
1641 5077 1683 5142 da
1703 5076 2027 5164 locoperpettramente

379 5202 540 5266 possessa,
563 5189 595 5244 et
618 5179 785 5266 disponolb
809 5228 816 5244 .
842 5228 849 5245 .
874 5204 893 5246 a
915 5181 985 5248 loro
1008 5184 1145 5267 piscare.
1168 5181 1200 5246 A
1224 5182 1256 5247 la
1278 5181 1354 5268 quai
1376 5181 1642 5248 venditatorem
1674 5183 1852 5248 testimoni:
1870 5177 1977 5248 'Pietm
1996 5179 2029 5243 dd
