4310 5918
1015 637 1132 721 CLV.
1160 636 1273 719 loeo.

301 837 394 899 Potor
416 836 583 900 irnenouont
606 835 712 908 distem
735 834 819 894 erest
835 830 941 907 potate
964 835 1109 909 solutore,
1129 834 1225 907 aljan
1244 850 1275 894 se
1291 833 1428 906 obocrru'e
1450 831 1533 892 dac'c
1548 833 1603 893 biti
1622 833 1771 908 postutare
1792 834 1989 906 messapo

1050 940 1229 1014 spljotaloom.

458 1088 529 1172 Ego
555 1087 666 1152 Petrus
692 1087 858 1172 presbiter,
878 1087 1015 1151 ecclesie
1039 1085 1197 1150 veclensis
1222 1083 1347 1148 futurus
1371 1083 1553 1168 episcopus,
1576 1081 1618 1148 ab
1642 1082 1703 1147 hac
1727 1083 1807 1148 hora
1831 1086 1863 1148 in
1887 1093 1989 1150 antea

302 1197 452 1282 promitto
475 1192 612 1258 ecclesie
639 1191 808 1278 spalatino,
831 1201 863 1256 et
887 1191 944 1256 tibi
969 1190 1099 1255 domino
1122 1189 1297 1254 Laurentio
1322 1187 1574 1274 archiepiscopo,
1592 1189 1719 1274 tuisque
1744 1187 1990 1254 successoribus

302 1301 457 1366 canonice
479 1297 683 1379 intrantibus,
710 1294 927 1361 obedientiam
952 1306 984 1361 et
1006 1295 1207 1376 fidelitatem,
1231 1303 1264 1360 et
1285 1293 1443 1359 auxilium
1469 1317 1527 1381 pro
1550 1317 1621 1358 meo
1646 1317 1740 1380 posse
1763 1304 1796 1359 et
1819 1297 1913 1376 scire,
1938 1317 1986 1360 se-

304 1404 443 1472 cundum
468 1403 613 1468 ordinem
639 1424 755 1467 meum.
779 1400 834 1466 Sic
858 1423 909 1465 me
935 1400 1014 1466 deus
1038 1401 1169 1466 adiuuet
1196 1409 1228 1465 et
1250 1398 1310 1468 hec
1334 1409 1448 1465 sancta
1471 1409 1608 1494 quatuor
1631 1398 1811 1496 euangelia.

461 1585 578 1646 Farlsti.
600 1583 678 1661 illyr.
703 1583 779 1641 Sacr.
803 1582 837 1642 Τ.
863 1583 913 1644 ΙΙΙ.
937 1589 984 1642 stt.
1006 1582 1075 1646 141.

593 1947 596 1950 .
635 1883 779 1966 cnvr.
806 1883 924 1967 roes.
952 1885 1137 1986 musaea
1163 1827 1378 1985 presules
1405 1884 1441 1967 u
1471 1884 1651 1987 spuere,

303 2047 401 2106 Locro
425 2047 592 2120 rtadtislrup
608 2047 743 2120 spuisset
759 2046 927 2118 eremetjnje
942 2050 1094 2106 samostun
1109 2045 1316 2117 tnruojercao
1337 2065 1378 2107 so.
1408 2046 1573 2105 Benedicta
1597 2065 1616 2106 u
1639 2047 1762 2120 opt-reru,
1787 2051 1797 2104 t
1820 2046 1989 2117 nostraene

679 2167 783 2234 prauo
807 2151 875 2209 toto
898 2168 988 2226 osopo
1010 2154 1182 2209 surnostuna
1204 2150 1261 2209 boo
1284 2151 1296 2208 i
1317 2153 1403 2211 crtoe
1421 2169 1464 2213 so.
1485 2151 1610 2225 Mirr-'ua

463 2324 653 2388 innomine
689 2332 799 2387 sancte
832 2333 864 2388 et
899 2320 1064 2386 indiuidue
1091 2321 1261 2386 trinitatis.
1289 2320 1384 2386 Anno
1411 2320 1542 2406 quidem
1567 2320 1727 2384 dominice
1749 2323 1988 2385 incarnacionis

304 2427 471 2512 millesimo
506 2425 693 2508 LXVlllIl,
726 2428 801 2512 (sic)
823 2426 1000 2514 indictione
1024 2449 1101 2490 vero
1126 2425 1199 2509 Vll,
1225 2437 1380 2512 regnanto
1405 2423 1599 2491 Cressimiro
1622 2449 1699 2510 rege
1723 2425 1939 2491 Obroatorum
1955 2436 1989 2490 et

303 2530 674 2618 Dalmatinorum.'Ego
707 2532 905 2596 Laterencius
938 2553 1040 2616 nuper
1071 2532 1257 2616 apsarensis
1298 2530 1434 2596 ecclesie
1475 2531 1593 2617 presul,
1633 2531 1743 2595 diuina
1783 2533 1987 2596 ministrante

304 2637 487 2716 clemencia,
520 2640 612 2703 cuius
635 2637 759 2724 absque
792 2647 871 2702 nutu
896 2637 983 2701 nulla
1014 2639 1205 2716 consistunt,
1239 2635 1328 2700 nulla
1362 2639 1477 2718 inesse,
1511 2637 1599 2702 nulla
1631 2639 1662 2702 in
1688 2638 1807 2702 mundo
1832 2639 1986 2702 videntur

303 2739 436 2826 deesse,
458 2741 616 2829 spalatine
639 2743 724 2808 sedis
748 2743 870 2808 electus
895 2753 926 2805 et
961 2741 1127 2806 ordinatus
1152 2741 1424 2828 archiepiscopus.
1449 2743 1552 2826 igitur
1576 2743 1828 2827 magnitudinem
1855 2745 1987 2807 misera-

301 2851 402 2915 cionis
434 2851 503 2913 cius
534 2847 753 2929 considerans,
771 2849 1006 2934 imperiumque
1037 2845 1223 2928 formidans,
1247 2857 1278 2911 et
1302 2847 1380 2912 illud
1402 2848 1490 2935 quod
1514 2851 1694 2933 exigiturus
1718 2859 1767 2913 est
1791 2848 1988 2934 quandoque

303 2957 335 3018 in
359 2953 478 3020 iudicio
497 2952 851 3040 luturoexpauescens,
868 2952 994 3017 dicente
1012 2953 1188 3038 scriptura:
1208 2955 1260 3016 cui
1285 2953 1356 3038 plus
1380 2955 1565 3034 comittitur,
1597 2953 1668 3039 plus
1697 2954 1739 3018 ab
1765 2976 1803 3017 eo
1826 2956 1987 3038 exigitur;

303 3059 620 3146 cepi'equanimiter
656 3058 696 3123 de
727 3064 816 3124 tanta
848 3057 944 3122 michi
977 3079 1118 3142 greges
1149 3057 1282 3122 domino
1316 3059 1496 3140 commissa,
1522 3058 1693 3146 quomodo,
1718 3057 1897 3145 qualiter-ue
1922 3059 1986 3123 sibi

302 3166 403 3230 eterni
439 3164 529 3229 verbi
566 3164 668 3250 possit
701 3161 879 3228 concedere
912 3163 1100 3247 pastionem.
1136 3162 1286 3248 Denique
1324 3173 1418 3250 prout
1452 3174 1519 3228 etas
1552 3174 1608 3230 ant
1632 3188 1730 3229 sextis
1754 3168 1987 3251 ctriuscumque

303 3269 477 3354 indigebat,
506 3269 617 3334 diuina
641 3267 788 3353 largitate
820 3276 1025 3352 suggerente,
1050 3267 1114 3331 illis
1139 3271 1327 3332 neccssaria
1348 3269 1532 3334 suficicntcr
1556 3269 1895 3337 subministrabantur.
1921 3271 1988 3335 Ve-

302 3384 482 3439 rumtamen
513 3373 613 3457 locus,
649 3375 746 3438 immo
780 3382 889 3458 portus
921 3373 1075 3438 feminino
1107 3375 1198 3438 sexui
1230 3373 1370 3460 perfecte
1402 3375 1595 3440 saluacionis
1623 3398 1782 3462 nusquam
1808 3378 1926 3456 inueni,
1950 3379 1987 3441 in

301 3503 364 3566 quo
398 3479 582 3564 religiosam
607 3492 639 3544 ct
663 3480 723 3544 deo
741 3478 889 3566 placitam
907 3481 1005 3542 vitam
1021 3502 1118 3563 agere
1142 3490 1259 3565 posset.
1277 3479 1371 3544 Unde
1387 3479 1506 3546 factum
1531 3491 1588 3563 est,
1612 3483 1774 3556 communi
1799 3503 1870 3546 cum
1905 3505 1981 3545 con-

301 3585 384 3666 silio,
403 3585 507 3650 locam
527 3586 589 3649 sibi
607 3585 717 3650 utilem
734 3595 919 3669 aptaremus
940 3584 1009 3668 (cd)
1033 3585 1261 3648 monasterium
1286 3585 1548 3666 construendum,
1577 3585 1769 3650 clericorum
1797 3586 1930 3666 scilicet,
1955 3597 1990 3651 et

303 3690 468 3778 laycorum
500 3689 653 3772 lidelinm,
686 3689 800 3754 Vatiae
833 3692 948 3775 prioris
979 3711 1051 3752 cnm
1087 3690 1154 3752 suis
1176 3687 1340 3753 nobilibus
1368 3691 1501 3753 cunetis.
1525 3689 1661 3755 Inuento
1686 3693 1792 3776 itaque
1817 3693 1886 3755 loco
1910 3714 1986 3756 cum

302 3793 449 3874 ecclesia,
482 3818 545 3881 que
569 3795 609 3858 ad
634 3794 787 3860 bonorem
812 3798 913 3858 sancti
937 3793 1104 3860 Benedicti
1129 3803 1313 3858 constructa
1340 3794 1454 3877 luerat,
1482 3815 1545 3881 qne
1570 3798 1671 3860 eciam
1694 3796 1807 3860 cellans
1835 3797 1986 3861 beatissi-

303 3901 344 3964 mi
371 3899 501 3964 Domnii
528 3900 687 3986 pontilicis
711 3911 742 3964 et
766 3901 906 3964 martiris
931 3899 1060 3981 Christi,
1085 3900 1195 3964 clerici
1218 3921 1257 3962 ac
1288 3897 1370 3985 layci
1394 3901 1454 3963 snb
1487 3901 1692 3965 iureiurando
1709 3901 1985 3967 confirmauerunt

300 4027 383 4068 csse.
408 4005 542 4069 iouente
566 4027 694 4091 quoqne
717 4014 791 4070 sunt
814 4015 846 4069 et
871 4027 1018 4090 persone,
1038 4025 1101 4091 que
1118 4003 1238 4069 ibidem
1264 4002 1324 4068 deo
1341 4003 1458 4070 deuote
1476 4004 1627 4072 adessent
1643 4010 1811 4072 seruitnre.
1830 4009 1988 4094 Inprimis

302 4111 421 4174 domna
438 4109 593 4192 Chatena,
618 4110 831 4175 nobillissima
847 4110 1050 4192 feminarum,
1073 4133 1169 4196 quam
1195 4119 1306 4196 postea
1330 4110 1528 4176 abbatissam
1554 4113 1703 4190 vidimus,
1725 4112 1855 4178 donrinc
1874 4113 1984 4178 volen-

301 4227 341 4298 te,
366 4237 424 4279 sua
448 4237 521 4280 cum
546 4237 656 4280 sorore
680 4215 787 4298 Stena,
812 4214 994 4302 domnaque
1012 4214 1117 4298 Anna,
1142 4227 1173 4280 et
1198 4216 1316 4280 domna
1333 4216 1466 4304 Agapis,
1483 4241 1522 4282 ac
1538 4217 1656 4283 domna
1674 4220 1765 4298 Vera,
1783 4241 1854 4282 cuin
1868 4222 1989 4284 ceteris

300 4321 362 4386 deo
393 4320 519 4386 deuotis
541 4323 696 4406 personis.
729 4320 865 4403 Quibus,
890 4332 924 4384 ut
942 4323 1099 4406 superins,
1124 4343 1197 4386 cum
1221 4325 1380 4387 communi
1398 4321 1543 4403 consilio,
1568 4323 1673 4388 locum
1697 4326 1919 4388 concessimus
1943 4326 1987 4390 ad

302 4427 487 4492 monasterii
520 4429 795 4492 constrnccionem
821 4437 853 4492 et
876 4428 918 4491 a'd
942 4435 1124 4492 nostrarum
1148 4430 1290 4492 omnium
1315 4429 1496 4492 animarum
1523 4427 1654 4513 dignam
1677 4431 1987 4494 remuneracionem.

302 4531 374 4596 Tali
398 4532 537 4617 denique
561 4543 665 4619 pacto,
690 4532 811 4619 talique
827 4533 1085 4613 confirmacione,
1110 4534 1262 4620 quatinus
1286 4535 1328 4598 sit
1350 4532 1430 4598 illud
1455 4531 1656 4618 prelibatum,
1681 4533 1742 4598 deo
1765 4533 1893 4599 volente
1918 4557 1987 4600 mo·

303 4638 477 4701 nastcrium
501 4639 547 4701 ita
570 4625 706 4702 liberum
733 4647 765 4702 ct
787 4637 968 4703 absolutum
985 4636 1027 4702 ab
1048 4641 1134 4702 omni
1152 4637 1290 4704 seculari
1307 4661 1406 4718 nexis,
1423 4638 1465 4703 ab
1482 4640 1633 4726 omnique
1650 4641 1804 4725 paccione
1821 4661 1984 4722 securum,

301 4740 572 4828 quemadmodum
598 4744 826 4807 monasterium
853 4742 937 4808 beati
964 4743 1199 4828 protomartiris
1215 4743 1337 4809 Stefani
1361 4767 1381 4807 u
1405 4747 1522 4808 nostris
1550 4742 1816 4810 antecessoribus
1829 4752 1985 4810 statutum

298 4858 330 4912 ct
342 4847 523 4911 ordinatum
537 4845 674 4911 videtur.
690 4845 817 4927 Quibus
831 4849 975 4932 inprimis
993 4847 1034 4912 ad
1051 4847 1209 4912 auxilium
1230 4859 1261 4912 et
1285 4847 1439 4912 solacium
1459 4847 1644 4914 inferiorem
1669 4850 1888 4936 pauimentum
1905 4872 1980 4914 curn

229 5037 230 5041 Ἰ
302 4973 425 5016 canaria
443 4952 538 5016 turris
555 4953 656 5016 sancti
675 4951 771 5032 Petri,
788 4954 936 5016 omnibus
953 4953 1095 5017 eiusdem
1110 4952 1245 5018 ecclesie
1259 4953 1437 5018 creditariis
1455 4951 1737 5018 consencientibus
1755 4956 1987 5019 concessimus.

303 5055 455 5142 Inprimis
483 5057 602 5120 Duimo
628 5055 752 5142 Zoppo,
774 5057 944 5122 Forminus
965 5057 1155 5137 Budicbinc,
1180 5059 1360 5144 presbitero
1384 5057 1546 5140 Bizancio,
1573 5058 1690 5123 Duimo
1720 5059 1888 5144 Draganiti
1911 5082 1987 5132 curn

290 5157 460 5225 ¹llarculla
484 5182 585 5224 uxore
609 5183 676 5239 sira,
701 5170 733 5223 et
757 5160 828 5226 liliis
851 5163 917 5225 suis
942 5161 1079 5226 Potrana
1097 5173 1128 5226 ct
1147 5161 1268 5246 Drago,
1293 5161 1411 5226 domna
1425 5164 1518 5228 Anna
1535 5163 1812 5228 mulier-ssione
1838 5163 1989 5248 Naplatc.

303 5265 472 5330 Noncnim
497 5266 540 5330 ibi
564 5269 778 5352 congregacio
792 5290 864 5332 esse
881 5270 997 5353 poterit
1010 5269 1078 5332 sine
1095 5267 1166 5352 hqc.
1190 5268 1261 5333 Hec
1284 5269 1421 5332 etenim
1445 5277 1518 5331 ante
1544 5267 1657 5331 borum
1681 5269 1831 5332 noticiam
1855 5269 1991 5332 testium

302 5367 501 5435 condonatio
528 5369 613 5436 facta
644 5371 713 5453 fnit,
738 5371 907 5437 videlicet:
931 5371 1039 5438 domni
1057 5371 1216 5437 Jobennis
1241 5371 1388 5437 monachi
1412 5374 1559 5452 venetici,
1582 5371 1732 5458 Gregorii
1758 5371 1929 5458 presbiteri
1954 5375 1991 5440 in
