4300 5930
323 376 387 472 sao

300 582 537 686 ¹pertinentiis,
562 607 593 664 et
617 585 950 686 possessionesaliaS,
975 587 1057 689 quas
1077 604 1203 671 habetis
1227 609 1260 670 in
1284 604 1396 670 eadem
1421 605 1535 672 insula.
1560 606 1644 674 Sane
1669 611 1830 676 noualium
1864 619 1987 675 vestro·

319 721 401 787 rum,
425 728 487 790 que
522 707 658 792 propriis
683 706 839 788 manibus,
864 718 920 772 aut
943 713 1123 798 sumptibus
1153 711 1268 793 colitis,
1291 735 1348 777 seu
1370 714 1410 779 de
1434 717 1639 780 nutrimentis
1659 717 1845 782 animalium
1866 726 1987 782 vestro-

320 833 401 890 rum,
426 809 532 876 nullus
554 835 574 876 a
599 812 693 877 vohis
715 795 857 877 decimas
881 817 1012 900 exigere
1037 828 1208 903 presumat.
1234 817 1346 883 Liceat
1370 841 1503 906 quoque.
1523 819 1615 886 vobis
1639 821 1782 901 clericos,
1806 823 1860 886 vel
1890 821 1990 887 laicos

244 899 246 908 .
327 898 436 982 seculo
458 917 628 1002 fugientes,
652 918 773 984 liberos
798 930 830 983 st
853 920 1019 986 absolutos
1043 923 1083 987 ad
1109 927 1351 988 conuersionem
1377 928 1529 1011 recipere,
1553 937 1585 992 et
1616 949 1671 991 eos
1705 925 1828 1014 ab'sque
1864 939 1990 992 contra·

320 1023 460 1089 dictione
481 1024 590 1112 aliqua
612 1027 760 1092 retinere.
785 1025 935 1092 Obeunte
959 1051 1035 1093 vero
1059 1041 1092 1094 te
1114 1041 1200 1096 nunc
1223 1031 1366 1094 eiusdem
1391 1030 1451 1096 loci
1477 1033 1603 1114 abbate,
1629 1032 1824 1098 veltuorum
1843 1033 1992 1120 quolibet

323 1153 557 1214 successorum,
581 1131 688 1197 nullus
712 1133 770 1198 tibi
795 1134 938 1220 qualibet
962 1137 1172 1221 surreptionis
1195 1146 1249 1200 aut
1269 1137 1395 1216 astutia,
1421 1161 1477 1202 seu
1501 1138 1656 1204 violentia
1688 1151 1892 1226 proponatur,
1925 1141 1989 1203 nisi

321 1237 421 1323 'quem
445 1237 561 1304 fratres
585 1242 745 1304 communi
774 1263 942 1322 consensu,
976 1241 1027 1306 vel
1050 1241 1184 1306 fratrum
1211 1261 1283 1328 pars
1309 1243 1434 1308 consili
1470 1245 1615 1326 sanioris,
1651 1243 1825 1310 secundum
1862 1245 1914 1309 dei
1952 1249 1986 1308 ti-

323 1365 443 1408 morem
468 1354 502 1407 et
523 1343 617 1410 beate
648 1347 793 1429 virginis,
829 1347 1030 1434 prouiderint
1051 1348 1210 1434 eligendo.
1235 1349 1448 1414 Decernimus
1476 1373 1562 1435 ergo,
1596 1363 1629 1415 ut
1660 1349 1738 1415 nulli
1771 1353 1901 1415 omnino
1932 1350 1991 1415 ho·

319 1450 441 1512 minum
465 1449 514 1515 fas
538 1453 579 1515 sit
602 1451 758 1537 prefatum
792 1455 1018 1518 monasterium
1053 1465 1173 1520 temere
1207 1457 1282 1540 (sic)
1314 1467 1369 1520 aut
1403 1458 1472 1520 eius
1509 1459 1728 1542 possessiones
1762 1455 1898 1548 auferre,
1935 1454 1989 1519 vel

319 1551 444 1622 ablatas
468 1558 615 1638 retinere,
641 1560 793 1638 minuere,
818 1551 880 1623 s'eu
898 1560 1096 1648 quibuslibet
1119 1562 1254 1647 fatigare
1278 1563 1514 1628 vexationibus.
1543 1562 1605 1656 Sed
1630 1565 1737 1627 omnia
1761 1565 1888 1646 integra
1911 1585 1989 1626 cons

319 1669 490 1726 seruentur
513 1685 634 1743 eorum,
659 1685 715 1750 pro
740 1687 875 1750 quorum
901 1666 1133 1750 gubernatione
1156 1691 1194 1732 ae
1214 1670 1445 1734 sustentatione
1470 1691 1622 1733 concessa
1645 1679 1730 1749 sunt,
1753 1669 1865 1732 usibus
1886 1671 1992 1732 omni·

322 1766 426 1830 modis
465 1767 647 1857 profutura;
681 1753 770 1834 salua
804 1770 889 1836 sedis
918 1771 1092 1857 apostolice
1125 1775 1325 1854 auctoritare,
1358 1785 1389 1838 et
1423 1773 1585 1840 diocesani
1620 1777 1778 1860 episcopi,
1811 1774 1992 1865 secundum

318 1875 505 1937 canonicam
530 1875 696 1940 iustitiam.
718 1873 751 1939 Si
775 1898 841 1962 qua
864 1877 961 1960 igitur
984 1880 1017 1942 in
1052 1879 1194 1944 futurum
1218 1879 1446 1960 ecclesiastica,
1484 1880 1679 1945 secularisne
1715 1903 1863 1966 persona,
1898 1879 1989 1944 banc

319 1989 428 2044 nostre
451 1983 687 2046 constitutionis
712 1985 862 2068 pagiuam
887 1985 1002 2064 sciens,
1025 1995 1136 2050 contra
1171 2007 1243 2050 eam
1277 1995 1397 2050 temere
1433 1987 1543 2050 venire
1577 1989 1794 2072 temptauerit,
1835 1986 1994 2065 secundo,

316 2087 453 2150 tertioue
475 2090 677 2169 commonita,
712 2091 774 2153 nisi
797 2098 921 2154 reatum
943 2113 1037 2155 suum
1053 2091 1149 2176 digna
1168 2091 1386 2156 satisfactione
1402 2093 1590 2174 correxerit,
1609 2094 1775 2178 potestatis
1792 2090 1994 2177 honorisque

316 2192 366 2256 sui
391 2189 547 2277 dignitate
571 2203 688 2276 careat,
714 2217 864 2281 reamque
888 2218 923 2259 se
939 2195 1048 2261 diuino
1064 2198 1182 2262 iudicio
1202 2199 1342 2264 existere
1359 2198 1398 2262 de
1416 2207 1599 2284 perpetrata
1615 2199 1783 2284 iniquitate
1799 2207 1993 2281 cognoscat,
2112 2219 2116 2230 ·

317 2301 385 2360 eta
409 2301 625 2363 sacratissimo
649 2322 782 2386 corpore
807 2312 839 2366 et
862 2301 1018 2385 sanguiue
1041 2302 1093 2368 dei
1117 2315 1149 2368 et
1170 2303 1289 2370 domini
1312 2303 1523 2390 redemptoris
1548 2306 1648 2368 nostri
1667 2303 1791 2368 alienus
1808 2303 1873 2383 fiat,
1890 2315 1995 2389 atque

274 2439 279 2442 -
316 2401 349 2465 in
373 2413 516 2468 extremo
541 2407 689 2470 examine
711 2405 819 2472 diuine
844 2405 957 2472 ultioni
981 2409 1159 2476 subiaceat.
1184 2407 1320 2474 Cunctis
1343 2420 1449 2474 autem
1475 2409 1580 2475 eidem
1615 2408 1685 2474 loco
1721 2431 1779 2473 sua
1815 2413 1886 2472 iura
1918 2431 1991 2472 ser·

315 2509 478 2591 uentibus,
514 2513 556 2575 sit
590 2535 654 2598 pax
688 2512 808 2578 domini
841 2515 943 2578 nostri
966 2515 1047 2580 Jesu
1070 2514 1200 2598 Christi,
1224 2523 1382 2602 quatenus
1412 2527 1445 2580 et
1473 2515 1526 2581 hic
1559 2515 1697 2580 fructum
1731 2515 1814 2580 bone
1850 2515 1994 2579 actionis

320 2615 507 2701 percipiant,
531 2627 563 2681 et
586 2617 671 2704 apud
695 2618 875 2684 districtum
915 2621 1052 2686 iudicem
1089 2623 1211 2708 premia
1247 2632 1355 2688 eterne
1386 2624 1474 2710 pacis
1506 2623 1680 2686 inueniant.
1718 2620 1832 2686 Amen,
1865 2619 1989 2686 Amen.

464 2721 535 2806 Ego
561 2722 747 2790 Alexander
770 2725 926 2791 catholice
949 2727 1086 2792 ecclesie
1111 2730 1290 2820 episcopus.
1407 2759 1409 2762 ·

449 2826 536 2913 ¹Ego
557 2827 679 2894 Baldus
703 2831 861 2906 ostiensis,
885 2835 944 2917 (et)
975 2832 1157 2898 velitrensis
1206 2886 1220 2914 ‚,

463 2933 535 3020 Ego
558 2934 746 3002 Theodinus
769 2937 886 3004 Rufiue
909 2939 995 3004 sedis

463 3037 535 3125 Ego
560 3037 677 3105 Paulus
702 3045 883 3127 prenestine
946 3094 959 3120 „

464 3148 484 3226 †
506 3144 578 3229 Ego
601 3147 745 3212 Joannes
769 3150 872 3214 sancti
896 3149 997 3214 Marci
1021 3148 1189 3239 presbyter
1212 3151 1395 3218 cardinalis.
1509 3225 1510 3230 .

464 3254 485 3333 †
508 3251 579 3334 Ego
605 3253 777 3338 presbyter·
797 3254 913 3320 Petrus
937 3255 1108 3320 cardinalis
1131 3257 1215 3323 tituli
1234 3265 1348 3352 'sancte
1373 3257 1506 3324 Susane.

466 3357 581 3442 †Ego
605 3357 762 3424 Viuianus
787 3365 890 3426 sancti
914 3360 1068 3447 Stephani
1091 3365 1124 3429 in
1148 3375 1256 3430 monte
1279 3365 1386 3453 presb.
1411 3366 1497 3431 card.

463 3463 577 3548 †Ego
602 3463 750 3530 Ointhius
775 3467 881 3552 presb.
907 3467 993 3532 card.
1018 3491 1043 3533 s.
1068 3467 1192 3536 Cicilie.

461 3569 575 3654 †Ego
599 3570 672 3656 Ugo
695 3573 802 3658 presb.
827 3573 912 3638 card.
939 3573 986 3660 (S.
1007 3573 1193 3662 Agrippel)

311 3691 340 3714 ³
391 3723 394 3728 -
429 3711 430 3714 κ
463 3675 578 3761 †Elgo
601 3676 768 3744 Arduinus
792 3679 899 3765 presb.
924 3679 1011 3744 card.
1035 3703 1060 3746 s.
1084 3683 1188 3747 crucis
1212 3683 1250 3748 in.
1267 3683 1460 3768 Jerusalem.

461 3781 576 3865 †Ego
603 3781 732 3848 Marcus
834 3833 849 3867 „
959 3837 982 3865 ,‚
1036 3836 1052 3863 „
1073 3785 1229 3879 Marcelli.

460 3887 575 3974 †Ego
598 3888 758 3955 Laborius
829 3941 843 3970 „
954 3942 966 3972 ,
1029 3944 1043 3974 „
1070 3893 1172 3959 Maria
1196 3903 1284 3960 trans
1308 3895 1462 3982 Tyberim
1487 3903 1520 3962 et
1542 3895 1684 3961 Oallixti.

444 3995 481 4074 ¹†
504 3991 739 4078 EgoJacobus
766 3995 962 4080 diaconus„
1025 3997 1222 4079 ,Mariein
1245 3999 1429 4067 Cosmedin.
1515 4083 1519 4090 ι
1560 4021 1561 4024 ’

463 4100 575 4184 †Ego
599 4100 780 4189 Raynsrius
851 4153 865 4185 „
954 4155 966 4180 „
1028 4155 1043 4184 „
1070 4103 1202 4190 Georgii
1224 4107 1265 4171 ad
1289 4106 1410 4192 (velum
1433 4110 1580 4193 aureum)

460 4210 480 4286 †
503 4205 575 4290 Ego
600 4207 773 4272 Gratianus
798 4231 839 4273 ss.
865 4207 982 4274 Cosme
1006 4208 1044 4274 et‘
1062 4209 1209 4276 Damiani
1233 4213 1315 4278 diac.
1340 4213 1426 4280 card.

461 4301 576 4396 †Ego
599 4313 742 4378 Joannes
766 4313 848 4378 diac.
873 4313 957 4379 card.
982 4339 1005 4377 s.
1030 4315 1160 4400 Angeli.

460 4419 479 4496 †
503 4417 574 4501 Ego
595 4419 742 4484 Matheus
766 4444 791 4484 s.
814 4419 916 4484 Maria
939 4443 1021 4485 noue
1046 4421 1126 4486 diac.
1151 4424 1238 4489 card.

463 4520 581 4586 Datum
607 4524 782 4590 Tusculani
807 4549 863 4610 per
886 4549 999 4590 manus
1022 4526 1148 4593 Alberti
1172 4539 1282 4596 sancte
1305 4552 1435 4597 romane
1461 4533 1595 4597 ecclesie
1613 4532 1791 4619 presbyteri
1808 4533 1995 4598 cardinalis

313 4635 345 4689 et
365 4624 547 4691 cancellarii
571 4627 634 4694 1V.'
660 4631 731 4694 idus
763 4633 826 4695 mai
858 4633 967 4698 indict.
1005 4632 1093 4698 VIlI.
1128 4636 1367 4721 incarnationis
1386 4637 1506 4702 domini
1536 4636 1745 4703 MOLXXXI
1776 4638 1995 4724 pontificatus

314 4754 390 4796 vero
415 4732 535 4797 domini
560 4735 738 4802 Alexandri
760 4760 840 4824 pape
863 4739 923 4804 ΙΙΙ.
948 4761 1031 4805 anno
1052 4739 1168 4805 XXII.

463 4931 580 4994 Farlati.
607 4932 748 5003 Illyricum
773 4937 890 4992 Sacrum
913 4940 947 4994 T.
971 4941 1021 4999 IV.
1046 4949 1095 4998 str.
1122 4942 1193 4996 243.
