4350 5932
1820 447 1861 512 ot

178 648 341 726 operante,
367 640 453 704 sicut
476 637 667 724 euangelica
690 647 722 702 et
745 637 924 724 apostolica
948 659 982 702 ae
1005 637 1104 702 habet
1128 637 1275 702 doctrina
1298 635 1500 704 orthodoxae
1523 637 1599 704 fidei
1624 638 1755 716 cultum,
1780 639 1861 704 lide·

177 744 267 809 libus
288 746 414 810 cunctis
439 743 584 825 inculea3
608 755 642 808 ut
663 743 703 808 de
730 742 840 808 labore
865 745 910 808 tui
935 743 1121 808 certaminis
1149 744 1279 808 domino
1302 741 1405 808 Jbesu
1429 739 1559 808 Christo
1584 743 1724 808 fructum
1748 745 1864 809 afferas

178 850 410 923 abundantem,
434 862 465 914 et
488 853 591 934 gratia
616 851 684 914 eius
712 861 935 916 remuneratus
965 850 1148 916 mercedem
1183 850 1320 934 recipias
1356 859 1602 936 competentem.
1640 847 1792 914 Ceterum
1828 849 1869 914 de

178 956 252 1020 aliis
277 957 552 1042 temptationibus,
578 978 659 1042 quas
683 955 812 1022 diuerso
839 957 933 1022 modo
961 981 1133 1044 perpessus
1159 979 1204 1038 es,
1235 955 1300 1020 noli
1325 956 1456 1036 tristari,
1481 957 1558 1042 quin
1583 957 1689 1042 potius
1726 955 1786 1020 hoc
1821 977 1869 1020 se-

178 1061 321 1126 cundum
346 1061 525 1148 apostolum
549 1083 643 1126 omne
667 1061 820 1148 gaudium
844 1085 977 1149 prorsus
1014 1061 1196 1127 exbistima.
1221 1060 1307 1140 Quia
1332 1063 1359 1125 si
1391 1061 1470 1126 deus
1499 1083 1557 1147 pro
1591 1070 1632 1144 te,
1668 1083 1761 1125 nemo
1793 1083 1866 1126 esse

176 1169 298 1254 poterit
320 1177 432 1234 contra
453 1178 493 1248 te,
529 1177 636 1232 tamen
661 1189 734 1232 cum
759 1167 819 1232 deo
844 1169 926 1233 duce
954 1191 1104 1234 reuersus
1139 1167 1247 1248 fueris,
1285 1166 1439 1253 quiequId
1471 1167 1661 1232 inhormiter
1694 1167 1868 1234 aduersnm

176 1283 229 1338 est
251 1275 471 1350 commissum,
495 1272 650 1359 quicquid
672 1275 735 1338 iam
760 1274 866 1339 dictus
891 1276 1063 1361 episeopus
1087 1287 1200 1338 contra
1231 1295 1325 1338 auum
1349 1275 1563 1338 ministerium
1588 1275 1622 1338 in
1643 1285 1675 1338 te
1710 1275 1865 1353 exercuit,

178 1389 352 1464 utramque
375 1379 572 1444 audientiam
597 1401 704 1444 coram
729 1380 824 1444 nobis
848 1379 1040 1461 discussam,
1073 1380 1249 1444 adiuuante
1274 1379 1414 1458 domino,
1440 1377 1584 1462 legitimo
1608 1379 1664 1444 fini
1689 1377 1863 1465 trudemus,
1943 1461 1945 1469 Α

180 1495 215 1550 et
230 1483 316 1550 illius
333 1486 543 1571 pertinaciam
561 1485 671 1549 iudicii
695 1487 794 1550 nostri
812 1489 971 1550 sententia
987 1489 1151 1572 corripere
1168 1507 1232 1549 non
1248 1486 1507 1549 intermittemus.
1531 1484 1619 1548 Data
1638 1484 1682 1550 X.
1707 1483 1866 1550 kalendas

177 1589 312 1676 Aprilis,
330 1591 506 1656 indictione
534 1589 642 1656 XIIII.

340 1720 369 1774 Ia
392 1719 583 1791 vatilranslrog
601 1721 735 1792 rulmpiaa
758 1721 808 1776 XI.
831 1720 922 1778 vleka.
947 1721 1093 1791 Epistulae
1116 1719 1254 1776 Johannis
1279 1719 1357 1774 VIII.
1382 1719 1472 1790 Epist.
1497 1719 1571 1777 278.
1594 1725 1643 1779 atr.
1672 1721 1742 1777 lto.

754 1907 1000 1988 LXXXIII.
1028 1907 1112 1990 olto
1139 1929 1173 2007 g.
1201 1907 1295 1988 884.

182 2059 329 2120 Kandbot
346 2062 458 2134 djolron
477 2062 656 2135 aomjenjaje
678 2063 741 2132 sooy'
762 2061 869 2133 posjed
897 2059 955 2118 leod
979 2055 1078 2132 Plcso,
1101 2075 1139 2117 aa
1162 2059 1247 2118 roera
1271 2058 1341 2117 Sola
1365 2059 1377 2116 i
1405 2057 1508 2118 Vetttca
1531 2057 1626 2136 laisei,
1649 2075 1684 2118 sa
1705 2061 1862 2132 aemljomo

183 2165 352 2241 Amba-teilo
376 2169 511 2240 biscopo,
536 2167 672 2226 leiccr'mo
695 2183 732 2226 aa
756 2168 840 2226 ricta
863 2165 961 2236 Rubra,
989 2165 1053 2237 troje
1078 2165 1180 2237 aemtjo
1214 2165 1327 2223 duroru
1355 2165 1481 2238 potrojaz'
1504 2165 1670 2224 tncallocel
1696 2171 1869 2225 sumostorm

896 2289 938 2331 so.
967 2271 1139 2328 Emeruma.

342 2406 538 2494 Comperiat,
571 2411 669 2474 immo
702 2411 798 2474 etiam
840 2408 961 2494 liquido
998 2407 1169 2494 plurimum
1203 2405 1362 2472 industria
1404 2405 1547 2472 fidelium
1592 2429 1869 2494 quorumcumque

182 2514 326 2596 auribus,
350 2537 409 2602 per
433 2527 637 2600 praesentem
662 2515 816 2580 cartulam
834 2514 1036 2600 subsequens
1054 2514 1186 2578 traditio
1211 2525 1242 2578 et
1266 2511 1503 2600 complacitatio
1528 2512 1761 2594 manifestetur,
1786 2536 1865 2600 qua-

182 2619 256 2686 liter
279 2621 435 2686 diaconus
458 2621 590 2707 quidam
616 2621 813 2688 venerabilis
837 2623 967 2686 nomine
993 2619 1173 2701 Oundbato,
1196 2618 1413 2704 proremedio
1440 2620 1567 2684 animae
1599 2641 1675 2683 suae
1705 2620 1868 2704 cogitauit.

183 2725 334 2814 Sperauit
356 2749 507 2812 namque,
529 2727 614 2813 quod
639 2739 671 2792 et
691 2729 821 2792 omnino
845 2725 1042 2790 eredendum
1066 2736 1124 2805 est,
1145 2726 1173 2788 si
1201 2724 1241 2790 de
1275 2724 1372 2788 rebus
1403 2726 1540 2788 terrenis
1572 2735 1702 2790 sanctas
1734 2723 1785 2788 dei
1816 2746 1867 2790 eo·

183 2831 298 2897 olesias
324 2833 451 2913 ditaret,
475 2843 510 2897 ut
534 2833 607 2896 indo
633 2834 693 2898 sibi
719 2832 896 2918 corporalis
922 2855 1000 2896 eura
1021 2854 1059 2894 ao
1083 2832 1211 2894 animae
1236 2829 1323 2892 salus
1340 2839 1471 2893 aeterna
1488 2827 1751 2914 amplificaretur.
1778 2828 1864 2910 Qua-

181 2949 315 3024 propter
337 2959 413 3024 ergo
442 2939 552 3002 diuino
595 2941 737 3022 cogitatu
775 2941 955 3020 instinctus,
991 2936 1124 3002 tradidit
1152 2940 1382 3021 proprietatem
1419 2958 1520 3016 suarn,
1551 2958 1647 3020 quarn
1683 2935 1795 3000 babuit
1827 2935 1869 3000 ad

184 3042 395 3126 Quartinaha,
420 3048 511 3108 quta
534 3043 701 3126 Bilisaseo,
723 3045 764 3108 ad
781 3055 927 3110 sanctum
945 3043 997 3108 dei
1020 3053 1194 3128 martyrem
1211 3041 1495 3124 Emmerammum‚
1513 3041 1643 3106 domino
1660 3061 1718 3106 auo
1734 3039 1871 3106 Arnolfo

182 3149 250 3214 filio
275 3149 378 3234 regali
401 3152 615 3236 permittente,
640 3173 746 3238 aquo
771 3174 841 3214 eam
866 3153 896 3216 in
922 3153 1159 3236 possessionem
1190 3151 1325 3234 accepit.
1350 3149 1484 3214 Tradita
1509 3160 1559 3214 est
1576 3159 1683 3214 autem
1701 3151 1868 3236 praedicta

182 3257 364 3341 proprietas
387 3255 429 3320 ab
455 3256 567 3320 eodem
593 3255 771 3320 venerabili
794 3255 1007 3320 Cundbatone
1031 3277 1089 3342 pro
1113 3255 1243 3320 domino
1263 3277 1320 3318 suo
1339 3253 1486 3336 Arnulfo,
1505 3265 1537 3320 et
1553 3277 1610 3342 pro
1635 3279 1680 3338 ae,
1704 3258 1736 3318 in
1760 3257 1864 3342 ipsam

184 3383 273 3424 aram
298 3363 403 3426 sancti
426 3360 670 3442 Emmerammi,
695 3363 727 3426 in
750 3385 880 3426 manum
897 3361 1050 3426 videlicet
1063 3360 1292 3427 Ambrichonis
1316 3363 1569 3428 reuerentissimi
1586 3361 1744 3448 praesulis
1762 3373 1793 3427 ct
1809 3361 1863 3426 ad·

183 3469 289 3530 uocati
305 3468 375 3530 eius
389 3465 580 3549 Gundberti,
598 3469 630 3530 id
648 3477 696 3532 est
709 3467 877 3532 ecclesiam
895 3469 997 3531 sancti
1014 3467 1150 3532 Joannis
1168 3466 1396 3554 euangelistae,
1410 3489 1483 3532 oum
1501 3467 1650 3532 omnibus
1666 3469 1868 3554 pertiuentiis

183 3583 215 3636 et
238 3572 430 3638 adiacentiis
454 3575 530 3655 suis,
550 3595 623 3638 cum
659 3583 749 3638 curte
777 3584 810 3638 et
838 3571 1001 3660 parochia,
1034 3585 1065 3638 et
1097 3596 1168 3638 eum
1208 3573 1358 3638 omnibus
1382 3572 1460 3663 illuc
1492 3575 1654 3638 concessis
1690 3575 1868 3659 mancipiis,

182 3679 269 3761 agris
286 3677 391 3760 cultis,
417 3689 448 3741 et
471 3677 609 3760 incultis,
628 3680 737 3764 pratis,
763 3681 902 3764 pascuis,
927 3679 1027 3760 siluis,
1054 3679 1198 3756 decimis,
1215 3681 1318 3766 aquis,
1335 3701 1556 3764 aquarumque
1573 3677 1772 3760 decursibus,
1790 3679 1868 3744 locis

183 3783 247 3847 illis
270 3782 409 3866 traditis,
435 3783 467 3850 id
491 3784 604 3848 estad
628 3784 762 3848 fluuium
787 3783 906 3868 Salam,
928 3784 1014 3870 quod
1038 3783 1203 3870 Ruoperth
1231 3787 1294 3850 iam
1318 3784 1394 3848 olim
1417 3785 1451 3850 in
1474 3783 1671 3850 beneficium
1695 3783 1818 3866 habuit,
1836 3795 1868 3848 et

183 3889 224 3954 ad
248 3889 355 3968 Velih,
379 3893 559 3976 ceterisque
584 3891 733 3956 omnibus
759 3891 931 3956 mobilibus
955 3901 986 3956 et
1010 3889 1240 3956 immobilibus.
1266 3889 1307 3954 Et
1331 3899 1443 3956 contra
1466 3913 1544 3956 vero
1568 3891 1733 3978 praefatus
1757 3888 1868 3954 Gund-

184 4005 294 4081 pertus
310 3995 498 4076 aduocatos,
523 3999 743 4062 consentiente
760 3997 889 4062 domino
906 4020 963 4060 suo
981 3999 1142 4086 episcopo,
1167 3995 1298 4060 tradidit
1320 3995 1360 4062 de
1385 3995 1482 4061 rebus
1507 3998 1609 4062 sancti
1635 3996 1868 4061 Emnrerammi

184 4111 257 4166 ante
281 4104 446 4168 nominato
471 4100 678 4167 Cundbatoni
703 4101 882 4166 venerabili
906 4102 1052 4183 diacono,
1077 4102 1164 4188 quod
1195 4099 1307 4166 Clrezil
1340 4101 1408 4177 dux
1440 4103 1503 4166 iam
1535 4101 1698 4189 quondam
1727 4125 1784 4188 pro
1815 4123 1865 4166 re·

185 4207 289 4274 medio
313 4209 441 4272 animae
466 4231 543 4274 suae
566 4209 607 4272 ad
631 4208 831 4294 praedictum
856 4218 1001 4272 sanctum
1027 4208 1231 4288 condonauit,
1247 4209 1339 4272 iuxta
1355 4229 1492 4290 amnem,
1509 4209 1564 4294 qui
1580 4207 1696 4272 dicitur
1711 4207 1812 4290 Raba,
1831 4231 1870 4274 ea

184 4313 308 4380 scilicet
329 4316 467 4395 ratione,
492 4324 650 4400 quatenus
673 4314 757 4378 idem
780 4313 951 4378 Oundbato
976 4313 1087 4378 ambas
1112 4335 1164 4378 rea
1188 4312 1261 4378 illas
1284 4314 1527 4400 firmiteratque
1550 4313 1671 4380 utiliter
1689 4313 1866 4400 possideat,

184 4419 351 4506 usquead
374 4421 497 4485 obitum
522 4443 626 4486 suum.
651 4419 729 4484 Post
752 4443 830 4486 vero
854 4421 1023 4506 integriter
1047 4430 1163 4486 cuneta
1186 4420 1228 4484 ad
1253 4443 1349 4508 saepe
1365 4421 1431 4486 iam
1448 4420 1571 4486 dlotum
1587 4419 1638 4486 dei
1656 4430 1801 4486 sanctum
1819 4445 1867 4486 re-

185 4525 336 4612 digantur
359 4535 392 4592 et
414 4528 632 4592 restituantur.
658 4526 700 4590 Et
723 4537 759 4592 ut
774 4527 853 4592 haec
871 4529 1044 4592 auctoritas
1063 4526 1244 4592 traditionIs
1261 4526 1385 4592 firmior
1402 4526 1568 4610 habeatur,
1585 4527 1748 4592 subnotati
1765 4538 1865 4594 testea

182 4653 355 4718 perantes
379 4630 565 4698 trahuntur:
590 4632 678 4710 Polo,
703 4629 817 4714 Jacob,
838 4631 1019 4718 Reginhoh,
1053 4633 1215 4710 Salomon,
1240 4633 1387 4717 Eckirib,
1411 4634 1586 4708 Hadamar,
1618 4633 1701 4718 Auo,
1724 4633 1868 4720 Fasmot,

185 4737 374 4826 Gotaperht,
398 4738 569 4824 Irmperht,
593 4738 761 4826 Heripold,
782 4737 896 4822 Unlaz,
921 4737 1088 4821 Pernhart,
1103 4739 1254 4820 Herrant,
1288 4739 1487 4826 Engilscalh,
1523 4738 1779 4828 Erchanperoht,
1804 4741 1868 4806 Re·

186 4843 322 4928 ginhart,
339 4843 468 4930 strupo,
484 4843 624 4930 Hungis,
641 4843 829 4929 Ambricho,
849 4843 1029 4932 Liutperht,
1044 4845 1196 4932 Sigihart,
1213 4845 1367 4929 Vuicker,
1381 4846 1487 4912 Patto.
1504 4845 1587 4912 Item
1602 4846 1684 4928 Auo,
1702 4845 1866 4930 Suuitker,

187 4947 334 5028 Gemino,
357 4948 526 5032 Adalrich,
551 4949 697 5016 Salacho.
719 4951 856 5040 Insuper
872 4953 968 5018 etiam
985 4953 1076 5016 iuxta
1102 4953 1204 5037 ipsam
1221 4976 1311 5018 aram
1330 4952 1487 5040 praedicti
1504 4953 1607 5018 sancti
1622 4951 1676 5018 ille
1695 4953 1866 5038 episeopus

187 5057 286 5120 eidem
298 5054 505 5122 Oundbatoni
515 5056 678 5122 licentiam
691 5059 861 5141 concessit,
873 5067 907 5124 ut
920 5059 1081 5144 mancipia
1097 5061 1200 5124 sancti
1211 5058 1452 5144 Emmerammi,
1465 5081 1548 5145 quae
1560 5058 1777 5124 ultraRabam
1790 5059 1867 5144 fuga

187 5160 274 5250 lapsa
298 5173 382 5244 sunt,
406 5163 548 5252 inquirat
571 5177 602 5230 et
628 5167 742 5251 capiat,
761 5175 793 5230 et
815 5167 848 5230 in
872 5163 1002 5230 easdem
1026 5187 1078 5228 res
1101 5163 1258 5231 ecclesiae
1281 5167 1462 5241 constituat,
1481 5173 1516 5228 ut
1534 5173 1606 5252 post
1621 5163 1743 5229 obitum
1762 5185 1866 5247 suum,

187 5269 265 5336 sicut
282 5270 535 5358 superdiximus,
553 5281 668 5338 carnote
684 5270 870 5338 emeliorata
883 5272 924 5336 ad
941 5281 1088 5336 sanctum
1101 5271 1153 5337 dei
1170 5279 1345 5358 martyrem
1357 5270 1633 5336 Emmerammum
1650 5279 1865 5340 reuertentur.

340 5401 425 5472 Fejar
448 5399 543 5458 Codex
574 5401 652 5474 Dipl.
676 5402 709 5458 R.
733 5401 772 5460 H.
796 5402 859 5458 Vll.
883 5402 938 5458 vol.
965 5403 991 5457 1.
1015 5409 1064 5458 etr.
1089 5401 1139 5458 80.
1164 5403 1228 5460 Pez.
1250 5401 1335 5459 Thes.
1360 5401 1452 5460 1.111.
1476 5412 1543 5473 pag.
1568 5401 1640 5456 217.
