4310 5918
1760 423 1824 490 105

142 612 292 700 Gregorii
316 615 567 702 ypocaucellarii
597 615 719 682 domiui
745 616 912 683 Benedicti
944 619 1050 684 octaui
1074 641 1165 706 pape,
1192 620 1223 684 in
1249 642 1358 684 mense
1380 616 1565 706 septembri,
1590 615 1642 684 dis
1668 621 1822 684 vicesima

141 721 289 806 septima.
313 721 495 787 Indictione
519 731 621 802 sexta,
645 745 729 788 anno
753 723 957 810 pontificatus
981 725 1049 789 eius
1074 723 1254 790 undecimo.

790 861 953 944 ’susus
978 861 1167 930 vannus.

301 1042 469 1098 Ubedkom
491 1042 641 1098 dvorskom
665 988 773 1100 arkiiu.
798 1044 870 1100 Acta
889 1045 994 1118 Regna.
1018 1045 1092 1106 Bab.
1110 1046 1195 1101 Rom.
1231 1041 1324 1122 leefl
1350 1043 1503 1100 Pedatuica
1529 1061 1584 1101 ora
1614 1045 1713 1116 pisana
1731 1045 1762 1116 js
1784 1062 1823 1100 ua

141 1127 245 1200 velilmj
269 1129 449 1202 podugadlroj
473 1131 645 1202 pergameni.
663 1131 803 1188 Oitedena
821 1134 852 1203 je
876 1150 913 1188 na
934 1133 1031 1204 njelrih
1048 1133 1167 1204 misatih,
1190 1151 1208 1188 a
1231 1151 1268 1189 na
1290 1133 1387 1190 nielrih
1405 1134 1437 1204 J'e
1459 1133 1549 1204 piamo
1569 1132 1759 1204 probliedilo;
1782 1132 1821 1200 ali
1941 1155 1948 1164 ·
2024 1114 2027 1124 .

140 1217 166 1270 ia
189 1217 295 1288 drajuh
319 1217 458 1290 prepisah‚
477 1219 587 1290 jeduog
609 1237 647 1274 ua
670 1221 841 1292 pergameni,
863 1222 975 1292 drugog
997 1239 1035 1276 na
1057 1221 1166 1294 papiru,
1199 1222 1315 1294 premda
1337 1239 1370 1276 su
1402 1221 1512 1276 obadm
1542 1237 1641 1276 veoma
1671 1220 1822 1292 pogrieiuo

141 1305 302 1376 prepisana,
328 1307 407 1362 moie
429 1323 460 1361 ae
482 1323 532 1361 aar
555 1305 665 1378 sadriaj
690 1307 741 1362 bez
766 1307 883 1363 teikooe
906 1309 1047 1380 proditati.

1066 1479 1074 1510 i

564 1597 709 1708 exvl.
739 1599 829 1700 like
855 1623 894 1701 g.
920 1601 1038 1686 1025.
1065 1601 1150 1684 dne
1178 1602 1212 1684 t.
1240 1605 1400 1706 srana.

141 1795 279 1868 Matooit
304 1801 499 1870 proiceretur
530 1797 543 1856 i
574 1798 684 1856 atrotik
717 1797 817 1856 orbate
839 1797 852 1855 i
872 1797 1031 1858 ruhomslee
1054 1797 1163 1870 cambe,
1186 1798 1294 1871 domuc
1328 1801 1502 1857 eomoetonu
1531 1814 1573 1857 ao.
1608 1791 1778 1856 Beneditlo
1800 1812 1821 1854 a

328 1891 331 1902 '
392 1901 559 1978 Loto-amu,
585 1903 744 1962 etrusc.
768 1898 928 1963 Ponlrroco
952 1903 1256 1976 nemausensem,
1280 1903 1431 1963 aootolcu
1453 1903 1573 1976 Mileto.
1662 1973 1664 1988 Ι

249 2083 253 2104 ·
298 2071 446 2158 Sigillum
472 2071 627 2137 Lotauitti
652 2073 888 2158 protospatarii,
924 2071 1176 2160 epithochrusso‚
1202 2071 1349 2159 triolyuo,
1373 2075 1461 2160 ypati
1486 2081 1518 2137 et
1551 2061 1686 2158 stratigo
1709 2069 1822 2136 Seruis

140 2186 171 2242 et
191 2176 373 2244 Zahulmie.
398 2178 514 2243 Datum
533 2179 658 2244 esttibi
676 2178 925 2260 Patr0,¹abbati
944 2189 976 2244 et
995 2178 1129 2267 reliquis
1144 2179 1208 2242 tuis
1232 2177 1394 2260 fratribus,
1423 2181 1454 2242 iu
1472 2201 1580 2244 menae
1604 2177 1690 2259 iulio,
1714 2178 1747 2240 iu
1771 2175 1823 2240 die

140 2284 285 2369 septima.
325 2279 414 2348 Ideni
448 2283 610 2370 predictus
642 2282 839 2350 venerabilis
870 2284 984 2350 Petrus
1014 2284 1116 2348 abbas
1149 2281 1368 2369 postulauerat
1399 2283 1492 2348 nobie
1524 2281 1694 2348 eeclesiam
1718 2281 1821 2345 sancti

140 2387 324 2452 Panohratii
348 2387 387 2453 de
411 2388 560 2454 Babbina
584 2387 680 2475 palla,
698 2411 761 2475 que
786 2399 836 2453 est
859 2391 891 2454 in
908 2390 1035 2471 Melete,
1052 2411 1124 2454 cum
1142 2389 1290 2454 omnibus
1308 2391 1411 2470 terris,
1432 2390 1583 2476 quatinus
1608 2389 1639 2452 in
1664 2393 1821 2472 potestate

141 2515 197 2557 aua
221 2495 475 2579 omnitempore
499 2493 712 2580 possiderent.
745 2493 815 2560 Hee
838 2496 919 2557 enim
942 2496 1058 2581 peticio
1082 2493 1178 2558 valde
1212 2493 1332 2579 placuit
1363 2492 1456 2558 uobis
1478 2492 1555 2558 dare
1586 2491 1692 2557 lodnm
1726 2493 1820 2555 istum

140 2599 265 2664 hisdem
291 2597 442 2664 fidelibus
466 2601 569 2664 seruis
594 2621 652 2685 pro
676 2598 779 2664 salute
804 2609 961 2664 nostrast
981 2623 1037 2689 pro
1055 2601 1245 2664 remissione
1269 2600 1447 2664 animarum
1473 2601 1615 2662 olnnium
1640 2606 1820 2661 nostrorum

139 2703 374 2770 defunctorum.
399 2705 504 2790 Igitur
521 2703 727 2769 concedimus
752 2714 783 2768 et
800 2703 939 2769 stabilite
956 2705 1069 2770 damus
1087 2708 1133 2770 eis
1155 2702 1344 2791 prephatam
1369 2702 1548 2785 ecclesiam,
1573 2725 1646 2767 cum
1670 2699 1821 2766 omuibus

42 2792 47 2803 ⁸
140 2811 243 2892 terris,
264 2817 299 2874 ut
315 2809 434 2873 nullam
453 2811 527 2890 vim,
544 2808 598 2873 vel
612 2811 875 2896 inquietationem
891 2813 1061 2896 patiantur,
1076 2833 1180 2896 neque
1197 2833 1216 2872 a
1233 2807 1402 2894 Raguseis,
1421 2831 1525 2895 neque
1541 2831 1559 2870 a
1576 2806 1822 2892 Stagnensibus,

139 2936 244 3001 neque
267 2909 310 2978 ab
333 2913 404 2978 aliis
429 2913 676 3014 quihuscunque
696 2913 877 2979 hominibus
901 2913 1026 2978 Latinis
1050 2913 1101 2979 vel
1124 2913 1260 2996 Selauis,
1285 2913 1340 2977 sed
1366 2935 1493 2999 semper
1516 2915 1584 2978 sine
1607 2911 1767 2978 calumnia
1790 2918 1823 2974 et

20 3055 22 3068 ›
139 3020 206 3083 siue
231 3019 462 3104 impedimento
486 3019 590 3083 omnis
614 3021 720 3084 vicine
745 3041 890 3106 persone,
923 3019 1027 3084 locum
1057 3018 1245 3106 prephatum
1265 3019 1460 3104 possideant.
1486 3017 1691 3104 Quicumque
1714 3025 1821 3090 autem

140 3145 237 3187 causa
262 3123 384 3187 inuidie
408 3125 454 3187 eis
487 3123 752 3209 impedimentum
784 3123 928 3207 fecerint,
956 3123 1007 3189 dei
1032 3125 1259 3210 omnipotentis
1279 3133 1311 3186 et
1327 3125 1464 3210 virginis
1487 3123 1588 3188 Maris
1613 3133 1645 3186 et
1669 3122 1822 3208 principis

139 3227 357 3313 apostolorum
375 3227 471 3310 Petri,
492 3230 699 3315 omniumque
717 3239 902 3296 sauctorum
924 3227 1182 3294 maledictionem
1199 3228 1349 3293 habeant.
1372 3227 1497 3292 Damus
1515 3238 1546 3292 et
1570 3227 1711 3292 stabilite
1733 3226 1819 3290 affir-

140 3355 264 3398 mamus
302 3343 334 3398 et
362 3333 502 3419 sigillum
533 3356 606 3399 cum
636 3343 745 3398 nostro
777 3334 928 3400 uulotirio
963 3335 1128 3420 sigmanus
1159 3336 1214 3398 eis.
1248 3333 1367 3398 Datum
1402 3335 1434 3397 in
1466 3355 1576 3397 mense
1600 3331 1686 3414 iulio,
1712 3332 1744 3395 in
1768 3329 1821 3396 die

141 3439 332 3524 prescripta.

298 3586 400 3640 Pisano
423 3605 460 3641 na
483 3587 567 3657 maloj
585 3565 762 3660 podugadlrdj
781 3589 941 3660 pergameni
959 3589 1042 3662 pedat
1057 3589 1180 3660 manjka.
1205 3589 1303 3645 Nalazi
1326 3607 1356 3644 se
1378 3607 1395 3643 u
1419 3588 1572 3643 okruiuom
1596 3585 1696 3642 arkivu
1719 3585 1820 3640 dubro·

143 3671 257 3728 vacuom
284 3673 365 3728 Faec.
390 3673 411 3727 l.
444 3675 476 3732 N.
506 3675 556 3728 26.

744 3861 915 3943 CXVII.
943 3863 1033 3944 tlko
1059 3883 1096 3961 g.
1115 3861 1230 3945 lete.

145 4057 230 4116 Pater
245 4058 357 4131 &otor
376 4057 519 4131 epljetslri,
536 4057 643 4130 ceruja
658 4059 806 4118 meretum
820 4059 900 4130 auoje
913 4057 982 4118 icae
997 4061 1009 4118 i
1022 4061 1120 4128 mette
1135 4063 1308 4120 samostonu
1325 4055 1599 4119 domitoremne
1611 4075 1655 4118 au.
1667 4055 1821 4132 despero

225 4159 230 4168 “
625 4163 683 4221 leod
704 4161 821 4236 Spheto
843 4163 960 4222 erebrni
977 4165 1061 4226 tolet
1084 4165 1178 4225 totae
1198 4165 1334 4238 aemtjoh.

296 4333 335 4398 In
360 4336 488 4398 nomine
512 4334 633 4399 domini
658 4336 757 4400 nostri
781 4335 861 4400 Jesu
886 4335 1016 4402 Christi.
1052 4334 1122 4420 Ego
1147 4336 1261 4400 Petrus
1285 4335 1440 4400 diaconus
1473 4357 1575 4420 pauca
1606 4331 1745 4419 quadam
1778 4354 1819 4396 ex

144 4437 290 4503 omnibus
314 4437 407 4504 bouis
431 4439 619 4504 meleduno
643 4439 800 4530 tradoque
824 4443 1018 4508 monasterio
1051 4443 1154 4506 saneti
1179 4439 1333 4526 Stephani
1359 4440 1612 4526 protomartyris,
1637 4439 1669 4502 in
1693 4459 1767 4524 quo,
1792 4437 1819 4500 si

143 4541 199 4607 deo
223 4543 311 4608 cordi
338 4543 442 4626 fuerit,
465 4543 575 4610 diuino
599 4546 755 4632 obsequio
776 4569 827 4612 me
851 4549 955 4634 ipsum
988 4547 1103 4612 addico
1127 4558 1159 4610 et
1182 4546 1338 4610 deuoueo
1362 4546 1475 4632 ltaque
1506 4545 1617 4610 diuino
1650 4541 1761 4608 afflatu
1788 4551 1820 4606 et

78 4733 81 4738 Ι
143 4649 285 4734 coniugis
308 4671 400 4718 meae
427 4651 595 4736 permissu,
620 4673 764 4716 necnon
791 4652 831 4717 de
856 4652 989 4717 consilio
1014 4653 1127 4716 matris
1147 4673 1247 4732 meae,
1273 4659 1305 4715 et
1328 4649 1591 4716 reuerendissimi
1623 4649 1732 4714 fratris
1757 4649 1819 4712 mei

142 4753 257 4818 domini
283 4753 425 4834 Martini,
450 4755 481 4818 in
502 4754 564 4820 hoc
598 4756 733 4822 cenobio
758 4756 937 4822 monachali
975 4757 1085 4821 militie
1121 4779 1237 4822 nomen
1262 4755 1343 4821 dedi
1370 4755 1407 4821 In
1430 4777 1587 4843 quocum
1614 4753 1819 4820 haudmulto

141 4865 217 4944 post,
241 4859 274 4922 in
299 4881 431 4942 grauem
453 4860 599 4925 morbum
621 4861 817 4940 incidissem,
833 4883 884 4926 me
901 4871 936 4926 ut
951 4863 1111 4950 optabam,
1129 4861 1264 4928 solemni
1282 4863 1541 4926 cousrecratione
1563 4861 1702 4926 initiauit
1724 4881 1819 4923 vene-

140 4963 249 5029 rabilis
271 4964 422 5029 dominus
436 4964 520 5029 Urso
544 4965 656 5048 abbas,
682 4990 745 5052 quo
768 4989 840 5032 oum
858 4966 1007 5032 omnibus
1024 4967 1179 5032 fratribus
1203 4975 1384 5053 praesente,
1410 4965 1493 5031 hanc
1517 4965 1721 5030 donationem
1745 4963 1816 5028 feci.
1913 4955 1915 4964 ’

141 5069 280 5135 Primum
307 5069 403 5136 iubeo
427 5094 469 5136 ex
493 5074 639 5157 portione
666 5071 843 5152 domorum,
868 5095 951 5159 quae
975 5071 1052 5136 mihi
1076 5070 1270 5156 obtigerunt,
1295 5069 1428 5136 calicem
1452 5081 1641 5156 argenteam
1666 5091 1737 5133 cum
1762 5091 1816 5155 pa-

139 5185 209 5240 tena
236 5176 309 5240 fieri
333 5175 374 5240 ad
398 5176 450 5242 dei
472 5177 593 5242 cultum
617 5189 649 5243 et
672 5201 797 5243 sacrum
826 5178 1048 5260 ministerium,
1072 5176 1190 5243 deinde
1214 5177 1408 5242 monasterio
1432 5175 1524 5260 tradi,
1540 5175 1635 5241 iubeo
1665 5195 1761 5258 agros
1784 5175 1817 5237 in

250 5372 258 5408 ¹
282 5375 355 5472 pvaj
381 5377 466 5432 Peter
488 5375 579 5449 bijaie
601 5377 663 5450 prri
686 5383 753 5450 opat
775 5383 935 5434 samoataua
959 5375 1160 5449 lokrumrhoga
1183 5377 1193 5431 i
1220 5375 1359 5447 spominje
1385 5392 1416 5430 se
1438 5391 1466 5447 g.
1495 5373 1598 5462 1025.1
