4276 5934
285 377 351 465 214

280 582 346 640 tres
370 597 496 639 menses
521 581 593 662 post
615 574 734 640 factam
758 578 804 640 eis
828 577 1126 660 denunciationem,
1152 575 1431 662 quadragesimam
1457 586 1580 662 partem
1605 579 1725 643 valoris
1757 601 1869 643 eorum
1906 579 1969 643 sub

281 661 383 766 ipsius
407 681 548 766 episcopi
574 683 767 762 testimonio,
789 694 822 746 et
844 683 968 769 aliquot
992 687 1136 748 virorum
1161 682 1396 766 religiosorum,
1422 683 1575 746 adhibitis
1601 681 1811 749 nihilominus
1827 684 1869 750 ad
1890 707 1966 750 cau·

280 784 377 849 telam
402 785 564 871 aliquibus
590 787 680 850 laicis
705 778 865 870 fidelibus,
892 800 926 854 et
955 790 1115 872 diseretis,
1148 791 1180 852 in
1217 787 1322 852 locum
1357 788 1508 854 idoneum
1546 789 1692 854 eiusdem
1725 790 1865 854 diocesis
1901 813 1966 854 uon

282 889 433 954 differant
456 892 658 975 consignare,
683 892 768 978 quod
794 903 825 956 et
849 916 906 957 nos
939 896 1041 975 vebis,
1073 895 1188 958 fratres
1222 893 1463 980 archiepiscope
1496 903 1527 960 et
1560 897 1715 981 episcopi,
1752 894 1812 960 suh
1850 895 1965 960 eadem

283 995 483 1060 districtione
508 995 706 1062 mandamus.
730 997 780 1062 Ab
797 997 857 1062 hae
874 1010 980 1064 autem
999 999 1212 1084 generalitate
1227 996 1401 1061 monachos
1420 1000 1655 1072 cistercienses,
1672 1009 1966 1084 premostratenses

282 1103 462 1182 canonicos,
477 1104 626 1165 eremitas
643 1104 952 1188 grandimontenses,
967 1116 1002 1170 et
1015 1107 1229 1170 cartusienses
1246 1106 1436 1189 excipimus,
1456 1103 1572 1189 quihus
1590 1127 1686 1190 super
1703 1104 1764 1169 hoo
1776 1105 1967 1169 mandatum

284 1208 482 1290 iniungimus
507 1206 657 1292 speciale.
682 1209 840 1274 Nolumus
866 1219 982 1292 autem,
1008 1221 1043 1274 ut
1067 1213 1098 1288 ii,
1131 1213 1184 1296 qui
1221 1209 1366 1272 redditus
1401 1233 1475 1272 suos
1509 1220 1541 1272 et
1577 1221 1756 1295 prouentus
1792 1210 1970 1296 diligenter

283 1314 434 1377 estimare
460 1315 653 1394 curauerint,
679 1318 834 1399 premisse
859 1319 1148 1399 transgressionem
1175 1316 1385 1378 districtionis
1417 1317 1592 1396 incurrant,
1628 1315 1787 1400 siquidem
1823 1338 1888 1379 nen
1924 1339 1969 1380 ex

285 1427 373 1482 certa
399 1420 542 1498 scientia,
567 1417 622 1482 sed
648 1421 833 1502 ignoranter
856 1423 961 1505 potius
986 1422 1232 1506 quadragesime
1256 1419 1337 1483 forte
1365 1419 1488 1504 aliquid
1506 1419 1735 1502 subtraxerint,
1752 1421 1829 1484 dum
1848 1431 1974 1493 tamen,

284 1533 454 1609 postquam
477 1526 726 1606 recognocerint
749 1524 909 1588 defectum
935 1549 1037 1602 suum,
1065 1526 1151 1612 quod
1175 1528 1280 1589 minus
1305 1528 1469 1604 soluerint,
1488 1523 1630 1610 plenarie
1647 1539 1905 1611 recompensent.
1930 1526 1966 1592 Si

285 1630 358 1714 quis
381 1638 499 1712 autem,
525 1630 610 1716 quod
634 1630 728 1712 absit,
751 1630 999 1715 quadragesime
1023 1631 1239 1717 persoluenda
1263 1629 1386 1716 aliquid
1413 1653 1454 1694 ex
1478 1640 1566 1694 certa
1591 1633 1728 1696 seientia
1756 1629 1970 1716 subtraxerit,

285 1757 357 1800 cum
382 1733 478 1816 digne
503 1735 704 1816 satisfecerit,
729 1736 770 1798 ab
797 1737 890 1800 huius
917 1739 1186 1821 transgressionis
1211 1735 1320 1800 debito
1346 1737 1473 1821 penitus
1497 1737 1537 1798 sit
1561 1737 1723 1800 immunis.
1748 1735 1818 1800 Nee
1835 1740 1973 1803 miratur

284 1841 465 1926 quisquam,
487 1850 542 1904 aut
565 1843 662 1904 etiam
687 1853 864 1923 moueatur,
890 1842 975 1928 quod
1001 1842 1061 1905 hoc
1086 1843 1146 1906 sub
1170 1852 1260 1906 tanta
1286 1842 1486 1905 districtione
1502 1833 1718 1928 precipimus,
1743 1864 1817 1907 cum
1842 1865 1973 1906 summa

284 1947 462 2010 necessitas
486 1932 519 2008 id
545 1957 717 2032 exposcat3
742 1970 815 2010 narn
840 1950 899 2011 etsi
925 1946 1141 2011 voluntarium
1166 1971 1237 2011 esse
1271 1946 1387 2010 debeat
1416 1947 1526 2011 diuina
1561 1949 1727 2010 seruitutis
1763 1947 1971 2035 obsequium,

284 2050 422 2134 legimus
446 2061 552 2140 tamen
573 2055 605 2115 in
630 2053 798 2136 euangelio
822 2055 862 2118 de
875 2056 1019 2118 inuitatis
1036 2054 1076 2116 ad
1095 2055 1232 2138 nuptias,
1249 2052 1414 2116 dominum
1432 2055 1627 2138 precepisse,
1644 2062 1680 2116 ut
1696 2053 1973 2138 compellerentur

285 2159 415 2222 intrare.
439 2157 633 2222 Mandemus
658 2170 815 2245 preterea,
841 2169 875 2223 ut
898 2182 966 2240 vos,
991 2159 1107 2223 fratres
1145 2159 1386 2244 archiepiscope
1422 2169 1454 2222 et
1488 2160 1643 2244 episcopi,
1683 2158 1970 2244 quadragesimam

224 2273 226 2278 '
284 2265 387 2349 ipsam
412 2285 470 2348 per
494 2275 617 2328 vestras
642 2265 788 2328 dioceses
812 2267 969 2329 instanter
994 2275 1141 2328 exactam
1163 2276 1194 2328 ct
1225 2264 1392 2328 collectam
1428 2263 1567 2327 fideliter
1599 2263 1731 2328 faciatis
1768 2268 1861 2330 iuxta
1898 2289 1970 2351 pre-

284 2368 402 2432 dictam
427 2369 563 2432 formam
588 2372 622 2434 in
646 2381 713 2433 tuto
737 2370 808 2434 loco
834 2371 962 2457 deponi,
988 2394 1145 2436 anismam
1171 2393 1298 2434 ornnem
1332 2392 1388 2455 per
1425 2379 1549 2433 vestras
1585 2369 1707 2433 litteras
1746 2381 1778 2434 et
1810 2372 1973 2457 speciales

282 2476 417 2538 nuncios
441 2475 544 2557 nobis,
566 2497 665 2566 quam
690 2478 784 2540 citius
808 2477 876 2540 fieri
900 2478 1027 2562 poterit,
1050 2478 1248 2560 expressuri.
1274 2475 1326 2538 Ad
1350 2473 1410 2539 hec
1434 2478 1465 2538 in
1490 2475 1627 2558 singulis
1651 2475 1798 2539 ecclesiis
1816 2485 1969 2540 truncum

283 2601 461 2645 concauam
488 2583 562 2666 poni
583 2583 790 2666 precipimus,
816 2583 919 2646 trihus
944 2581 1090 2645 clauibus
1115 2583 1349 2666 consignatum,
1368 2583 1470 2666 prima
1487 2603 1586 2666 penes
1604 2583 1802 2666 episcopum,
1822 2583 1972 2647 secunda

284 2677 385 2774 penes
410 2685 546 2752 ecclesie
571 2687 783 2768 sacerdotem,
807 2690 901 2752 tertia
925 2709 983 2773 per
1007 2687 1147 2774 aliquem
1172 2686 1359 2770 religiosum
1383 2686 1500 2750 laicum
1526 2687 1769 2769 conseruandis,
1794 2697 1826 2752 et
1860 2691 1892 2751 in
1929 2711 1972 2753 eo

285 2792 388 2858 fidelis
412 2793 557 2878 quilibet,
582 2795 674 2857 iuxta
698 2793 784 2880 quod
809 2816 919 2858 eorum
945 2793 1106 2856 mentibus
1131 2793 1280 2856 dominus
1303 2793 1520 2876 inspirauerit,
1546 2815 1621 2856 suas
1658 2791 1881 2880 eleemosynas
1914 2793 1971 2857 dc·

285 2921 405 2984 ponere
429 2900 708 2963 inremissionem
733 2922 865 2964 suorum
889 2908 1093 2984 peccatorum
1121 2908 1319 2978 moneantur,
1341 2907 1372 2960 et
1397 2901 1428 2960 in
1453 2899 1603 2962 omnibus
1628 2897 1774 2962 ecclesiis
1806 2899 1907 2962 semel
1939 2902 1974 2962 in

285 3003 490 3068 hebdomada
514 3028 571 3090 pro
595 3007 787 3070 remissione
812 3015 1027 3090 peccatorum,
1053 3015 1084 3068 et
1108 3005 1276 3089 presertim
1301 3003 1516 3082 offerentium,
1543 3005 1642 3067 missa
1666 3003 1794 3088 publice
1820 3005 1973 3070 decante·

286 3119 347 3176 tur.
374 3109 587 3176 Concedimus
611 3119 718 3174 autem
744 3109 846 3192 vobis,
871 3111 988 3174 fratres
1011 3109 1254 3195 archiepiscope
1278 3119 1310 3170 et
1334 3111 1485 3194 episcopi,
1506 3119 1538 3171 ut
1555 3112 1642 3172 circa
1659 3111 1795 3196 eos,qui
1813 3111 1852 3174 de
1873 3111 1970 3175 bonis
2047 3151 2053 3164 ·

291 3215 358 3280 suis
384 3226 467 3280 terre
492 3226 601 3280 sancte
627 3216 789 3280 voluerint
813 3217 997 3298 subuenire,
1023 3215 1062 3278 de
1088 3215 1298 3278 discretorum
1326 3217 1468 3278 virerum
1494 3213 1642 3294 consilio,
1673 3213 1827 3300 qualitate
1861 3238 1972 3300 perso·

288 3343 415 3403 narum,
440 3330 473 3385 et
495 3345 601 3385 rerum
628 3321 783 3407 qualitate
807 3326 960 3408 pensatis,
984 3333 1016 3386 et
1038 3321 1241 3386 considerato
1267 3319 1474 3384 nihilominus
1511 3319 1692 3384 deuotionis
1721 3321 1850 3403 affectu,
1887 3343 1973 3408 epus

291 3417 433 3492 iniuncta
457 3429 653 3514 poenitentia
678 3439 874 3494 commutare
898 3429 1029 3514 possitis
1053 3430 1085 3492 in
1110 3451 1190 3514 opus
1214 3427 1419 3512 eleemosyna
1451 3426 1609 3491 faciende.
1643 3425 1801 3492 Volumus
1837 3429 1973 3513 insuper

287 3544 322 3600 ut
344 3533 497 3598 adhibitis
522 3534 624 3617 vobis,
650 3535 705 3610 ubi
727 3544 878 3622 poterunt
903 3537 1050 3615 inueniri,
1075 3533 1201 3598 duobus
1224 3533 1387 3613 fratribus,
1422 3555 1484 3596 uno
1512 3530 1762 3626 ierosolimitana
1788 3531 1969 3619 hospitalis,

287 3649 320 3705 et
351 3639 416 3704 alio
449 3639 560 3704 militie
593 3640 714 3726 templi,
740 3641 875 3727 aliisque
900 3641 1060 3724 religiosis
1083 3640 1174 3703 laicis
1200 3649 1231 3704 et
1254 3639 1402 3703 discretis
1419 3637 1574 3702 militibus
1590 3637 1644 3702 vel
1658 3637 1731 3702 aliis
1748 3636 1971 3723 bellatoribus,

288 3747 342 3833 qui
367 3747 495 3831 signum
527 3742 687 3812 dominice
723 3750 828 3812 crucis
860 3757 1114 3832 assumpserunt,
1137 3748 1163 3808 si
1188 3747 1220 3808 in
1244 3749 1311 3810 suis
1335 3767 1397 3808 uon
1424 3752 1574 3830 poterunt
1605 3743 1787 3830 sumptibus
1818 3745 1971 3810 transfre-

286 3862 364 3934 tare,
390 3872 533 3936 congrua
556 3851 596 3916 de
623 3851 734 3916 eadem
760 3875 886 3916 summa
909 3851 1070 3938 stipendia
1094 3852 1294 3931 ministretis,
1320 3850 1494 3914 sufficienti
1518 3850 1559 3914 ab
1584 3853 1630 3913 eis
1655 3852 1803 3914 cautione
1829 3863 1970 3937 recepta,

287 3957 373 4044 quod
395 3958 428 4020 in
453 3958 640 4021 defensione
664 3968 749 4023 terre
774 3958 941 4022 orientalis
965 3981 1024 4044 per
1049 3979 1167 4024 annum
1192 3957 1245 4020 vel
1279 3956 1417 4041 amplius
1455 3958 1549 4020 iuxta
1584 3959 1798 4042 quantitatem
1833 3957 1971 4022 subsidii

289 4073 537 4144 commorentur,
563 4074 594 4128 et
618 4066 653 4145 si,
681 4064 765 4150 quod
790 4066 885 4146 absit,
911 4065 942 4127 in
969 4065 1022 4128 via
1046 4063 1253 4143 decesserint,
1286 4072 1469 4146 susceptum
1507 4062 1689 4126 subsidium
1725 4085 1788 4126 non
1824 4067 1857 4126 in
1891 4064 1971 4128 alios

287 4193 365 4235 usus
391 4179 590 4252 conuertant,
616 4171 671 4233 sed
697 4170 835 4234 reddant
859 4172 965 4256 potius
990 4170 1021 4231 in
1046 4169 1206 4254 stipendia
1241 4168 1443 4246 bellatorum,
1485 4170 1539 4253 qui
1565 4170 1661 4232 etiam
1697 4191 1767 4232 cum
1806 4169 1973 4250 redierint,

289 4298 352 4340 non
377 4278 466 4361 prius
490 4275 700 4339 absoluantur
724 4299 742 4338 a
766 4277 1082 4362 prestitacautioue,
1108 4297 1203 4359 (quam
1231 4274 1353 4338 litteras
1378 4276 1465 4358 regis
1488 4272 1538 4336 vel
1574 4272 1764 4358 patriarche,
1798 4285 1854 4338 aut
1891 4277 1972 4338 iero-

290 4381 462 4460 solimitan,
487 4379 636 4466 hospital.
662 4380 714 4443 vel
740 4380 852 4444 militie
878 4379 987 4466 templi
1013 4382 1167 4465 magistri,
1193 4390 1247 4442 aut
1271 4382 1366 4444 etiam
1392 4380 1490 4463 legati
1517 4381 1617 4443 nostri
1642 4379 1734 4442 vobis
1753 4379 1973 4462 exhibuerint,

291 4487 333 4552 de
353 4509 444 4550 mora
466 4489 608 4570 ipsorum
635 4487 852 4550 testimonium
878 4484 1095 4571 perhibentes.
1125 4485 1209 4565 Quia
1234 4508 1310 4549 vero
1333 4508 1458 4549 summa
1482 4486 1658 4550 necessitas
1681 4486 1791 4569 exigit,
1823 4495 1855 4550 et
1887 4509 1975 4550 com-

290 4593 397 4656 munis
422 4593 557 4676 requirit
580 4591 710 4670 utilitas,
737 4600 770 4655 ut
794 4591 930 4676 populus
955 4590 1149 4672 christianus
1175 4614 1237 4668 non
1262 4591 1365 4656 solum
1391 4593 1421 4654 in
1447 4590 1554 4668 rebus,
1588 4591 1757 4654 sedetiam
1776 4593 1975 4676 inperaonis

289 4706 402 4762 eontra
426 4719 570 4781 paganos
595 4699 627 4760 in
652 4720 840 4761 succursum
861 4707 944 4760 terre
970 4706 1081 4760 sancte
1107 4699 1175 4760 sine
1193 4695 1348 4760 dilatione
1370 4707 1547 4774 succurrat,
1575 4695 1766 4759 fraternitati
1791 4707 1900 4760 vestre
1918 4719 1978 4781 per

288 4801 468 4889 apostolica
492 4805 611 4888 scripta
634 4803 844 4888 precipiendo
869 4803 1070 4884 mandamus,
1095 4812 1257 4888 quatenus
1280 4803 1320 4866 ad
1346 4802 1564 4883 exhortandos
1588 4811 1620 4866 et
1642 4799 1841 4866 inducendos
1859 4802 1977 4868 fideles

291 4932 350 4996 per
373 4911 543 4994 vosipsos
568 4918 599 4972 et
623 4908 703 4971 alios
728 4911 815 4973 viros
842 4910 975 4972 idoneos
1001 4908 1176 4994 prudenter
1201 4921 1232 4972 et
1259 4908 1430 4992 diligenter
1454 4910 1588 4988 instetis,
1616 4917 1650 4971 ut
1684 4911 1738 4992 qui
1773 4907 1977 4972 sufficientes

292 5015 412 5079 fuerint
436 5013 475 5078 ad
502 5013 620 5077 bellum
647 5014 767 5078 domini
791 5013 1002 5098 preliandum,
1024 5017 1056 5076 in
1074 5016 1202 5079 nomine
1220 5013 1339 5077 domini
1358 5013 1509 5093 Sabaoth,
1527 5015 1654 5097 signum
1673 5015 1777 5076 crucis
1794 5025 1981 5098 assumant3

292 5121 347 5185 alii
371 5141 449 5184 vero
481 5121 572 5182 iuxta
597 5141 724 5182 suarum
751 5119 978 5184 sufficientiam
1001 5118 1188 5184 facultatum
1215 5121 1283 5204 pias
1307 5119 1528 5204 eleemosynas
1563 5119 1751 5202 largiantur.
1786 5118 1854 5182 Nos
1885 5123 1980 5186 enim

293 5224 333 5295 de
365 5224 418 5290 dei
446 5224 666 5294 misericordia
691 5234 722 5289 et
741 5224 906 5290 beatorum
931 5223 1148 5312 apostolorum
1173 5225 1260 5289 Petri
1285 5235 1316 5288 et
1347 5224 1438 5288 Pauli
1466 5227 1655 5288 auctoritate
1687 5224 1801 5289 confisi
1833 5247 1876 5290 ex
1908 5225 1978 5307 illa,
