4350 5932
1781 425 1822 490 at

142 609 229 675 filius
254 619 364 676 noster
387 614 549 699 suscipiat,
575 622 732 700 quatenus
757 615 823 680 suis
845 617 1009 702 responsis
1033 624 1117 701 agat,
1142 625 1177 681 ut
1199 617 1357 704 quidquid
1374 618 1579 683 ordinauerat
1602 617 1734 684 dubium
1762 640 1823 682 non

141 716 207 781 liat.
233 715 329 796 Quod
352 726 460 783 tamen
484 727 517 784 et
539 743 597 784 nos
622 722 784 784 communi
809 720 875 784 filio
910 719 1062 785 Anatolio
1087 705 1285 808 scripsimus,
1310 731 1346 786 ut
1368 721 1449 788 haec
1473 723 1609 810 piisimis
1624 723 1824 810 principibus

138 820 302 886 subtiliter
328 824 516 889 innotescat.
556 823 829 890 Excellentissimi
853 809 911 890 filii
935 828 997 890 mai
1022 827 1130 892 domni
1155 825 1304 892 Callinici
1337 828 1469 893 exarchi
1499 829 1629 894 assidue
1653 838 1685 894 et
1707 831 1825 916 impor-

140 935 219 991 tune
243 950 301 1014 pro
333 951 470 1015 persona
502 929 637 996 Maximi
669 935 787 1018 scripta
816 933 953 1020 suscepi.
985 931 1086 997 Cuius
1118 933 1357 1019 impbrtunitate
1382 935 1494 1016 victus,
1519 933 1598 998 nihil
1622 933 1824 1020 habuiquod
1869 919 1873 924 ’

18 1061 20 1076 ’
138 1031 280 1118 amplius
303 1033 411 1099 facere
431 1034 626 1119 debuissem,
644 1025 719 1100 ¹nis'i
753 1037 897 1102 eiusdem
929 1037 1064 1103 Maximi
1099 1061 1245 1104 caussam
1268 1049 1342 1103 tuae
1364 1038 1556 1104 fraternitati
1581 1041 1824 1105 committerem.

139 1137 172 1203 Si
199 1139 300 1224 igitur
323 1139 365 1204 ad
386 1139 618 1207 fraternitatem
643 1152 784 1208 vestram
816 1145 943 1208 venerit
966 1143 1050 1208 idem
1081 1142 1253 1226 Maximus,
1289 1143 1467 1210 deducatur
1490 1153 1523 1210 et
1545 1145 1731 1210 Honoratus
1755 1147 1825 1210 efus

140 1243 304 1313 ecclesiae
324 1244 577 1346 archidiaconus,
602 1259 637 1312 ut
653 1257 830 1333 cognoscat
847 1250 1000 1314 sanctitas
1018 1259 1073 1315 tua
1088 1251 1114 1314 si
1134 1258 1222 1315 recte
1238 1249 1404 1316 ordinatus
1428 1261 1486 1332 est,
1508 1253 1534 1315 si
1558 1253 1590 1316 in
1616 1251 1824 1318 simoniacam

140 1347 304 1415 haeresim
327 1349 437 1437 lapsus
459 1375 523 1416 non
559 1343 722 1434 astrici
748 1354 790 1420 de
813 1354 1002 1420 criminibus
1023 1354 1244 1442 corporalibus
1275 1356 1353 1420 nihil
1372 1356 1525 1440 obuiauit,
1556 1357 1581 1420 si
1607 1378 1642 1422 se
1664 1378 1730 1422 uon
1752 1377 1827 1441 cog-

138 1455 232 1520 nouit
247 1459 559 1524 excommunicatum
579 1459 708 1546 qnando
728 1462 843 1524 missas
860 1459 967 1526 facere
987 1463 1211 1547 praesumpsit,
1236 1471 1268 1528 et
1290 1462 1447 1549 quidquid
1463 1462 1522 1527 sub
1540 1464 1659 1528 timore
1680 1461 1732 1528 dei
1765 1461 1826 1528 tibi

139 1561 249 1625 visum
273 1560 371 1627 fuerit
384 1563 532 1647 decerne,
555 1575 590 1629 ut
605 1588 663 1629 nos
680 1565 882 1650 dispositioni
901 1574 974 1630 tuae
994 1587 1185 1632 eonsensum
1202 1567 1263 1633 deo
1279 1578 1411 1633 auctore
1427 1567 1647 1648 praebeamus.
1665 1567 1699 1633 Si
1717 1575 1824 1632 autem

140 1675 230 1730 tuam
255 1666 488 1734 fraternitatem
513 1679 694 1756 suspectam
720 1671 905 1756 praedictus
926 1670 1011 1735 filius
1035 1681 1143 1736 noster
1166 1671 1325 1755 habuerit,
1343 1675 1439 1738 etiam
1464 1673 1753 1738 reuerendissimus
1777 1673 1828 1737 vir

140 1771 244 1837 frater
266 1782 378 1838 noster·
400 1773 607 1840 Constantius
627 1775 876 1842 mediolanensis
900 1778 1069 1863 episcopus
1086 1777 1274 1842 Rauennam
1294 1780 1412 1854 veniat,
1435 1787 1541 1844 tecum
1564 1777 1713 1860 resideat,
1737 1788 1770 1844 et
1787 1778 1827 1844 de

141 1877 257 1942 eadem
282 1901 398 1946 caussa
420 1882 539 1965 pariter
573 1881 746 1964 decernite,
771 1891 804 1947 et
827 1881 913 1968 quod
941 1884 1086 1970 utrisque
1117 1883 1210 1949 vobis
1243 1884 1407 1970 placuerit,
1438 1885 1515 1950 mihi
1539 1884 1731 1972 placiturum
1755 1906 1826 1951 esse

143 1993 232 2049 certe
255 1995 372 2050 tenete.
397 1989 488 2050 Sicut
509 1989 594 2052 enim
619 1987 772 2053 obstinati
795 2011 865 2055 esse
888 1987 1064 2054 humilibus
1089 2011 1152 2053 non
1176 1987 1340 2072 debemus,
1373 1992 1417 2056 ita
1443 1989 1578 2056 districti
1612 1991 1752 2056 existere
1776 2013 1827 2054 su·

18 2179 19 2182 ¹
141 2089 252 2176 perbis
269 2090 437 2156 debemus.
462 2091 582 2157 Vestra
601 2115 678 2178 ergo
702 2093 886 2160 fraternitas
899 2096 982 2159 sient
997 2097 1030 2160 in
1047 2097 1225 2182 scripturae
1247 2117 1358 2160 sacrae
1375 2097 1502 2182 paginis
1522 2095 1642 2179 didicit,
1670 2093 1826 2182 quidquid

18 2221 19 2286 j
88 2242 101 2264 .
143 2197 262 2259 iustum
287 2195 502 2282 perpenderit,
524 2199 558 2261 in
582 2199 650 2263 eius
676 2201 803 2283 negotio
832 2199 995 2266 decucat.

303 2377 403 2434 Massi.
427 2378 564 2436 Collectio
589 2379 697 2436 Concil.
720 2381 755 2436 Τ.
780 2383 817 2436 X.
840 2389 888 2438 str.
915 2382 986 2438 118.

682 2725 929 2808 XXXVIII.
956 2727 1048 2812 598.
1076 2727 1114 2812 U
1142 2727 1288 2812 leu.

146 2917 249 2994 error
283 2920 313 2980 1.
341 2937 427 2994 papo
460 2922 527 2980 tori
557 2920 739 2982 Marcellino
767 2913 958 2996 podkoaaaln
986 2922 1224 2998 dalmaticatopo
1252 2924 1297 2983 tto
1322 2924 1477 2999 podupiru
1510 2925 1664 2984 Matrinio
1698 2925 1826 2996 wiopa

901 3029 1079 3104 salinatores.

581 3197 770 3285 Gregorius,
794 3199 983 3265 Marcellino
1007 3199 1191 3287 proconsuli
1214 3199 1406 3266 Dalmatiae.

306 3371 486 3465 Epistolam
517 3373 749 3458 magnitudinis
784 3385 912 3441 vesbae
935 3376 1144 3462 suscepimus,
1169 3377 1200 3439 in
1225 3397 1289 3462 qua
1321 3399 1380 3441 vos
1411 3386 1552 3442 nostram
1584 3379 1758 3442 incurrisse
1782 3379 1827 3440 in·

148 3477 380 3564 gratitudinem
402 3480 581 3564 indIcastis,
605 3491 702 3570 atque
726 3482 767 3546 ob
787 3481 849 3546 hoc
873 3505 930 3568 per
953 3481 1108 3546 directam
1141 3480 1391 3547 satisfactionem
1427 3482 1546 3548 habere
1577 3493 1718 3548 nostram
1743 3480 1828 3546 velle

149 3606 206 3648 nos
232 3587 380 3668 gratiam.
397 3584 441 3650 Et
465 3586 595 3671 quidem
620 3571 708 3652 tanta
731 3587 773 3652 ad
796 3611 854 3652 nos
878 3586 918 3652 de
942 3596 1051 3650 vestra
1078 3585 1298 3672 magnitudine
1315 3597 1540 3672 peruenerunt,
1559 3599 1713 3674 quantas
1736 3585 1825 3651 fideli

148 3693 217 3756 viro
242 3692 375 3756 minime
398 3693 554 3758 committi
582 3692 771 3758 debuerant.
797 3693 959 3758 Vosenim
984 3693 1064 3756 tanti
1089 3689 1163 3755 mali
1187 3691 1227 3756 de
1251 3713 1367 3758 caussa
1388 3692 1525 3765 Maximi
1548 3715 1658 3758 omues
1682 3701 1829 3757 astruunt

148 3807 297 3862 auctores
314 3799 463 3882 existere,
488 3820 545 3885 per
563 3821 643 3886 quos
662 3797 809 3884 spoliatio
827 3797 912 3862 illius
930 3798 1096 3878 ecclesiae,
1113 3795 1165 3862 vel
1182 3805 1341 3863 tantarum
1362 3799 1541 3864 animarum
1563 3798 1710 3886 perditio,
1734 3807 1830 3884 atque

150 3901 315 3968 inauditae
328 3906 597 3992 praesumptionis
610 3903 745 3970 audacia
757 3905 894 3992 sumpsit
906 3905 1040 3970 initium.
1059 3902 1103 3967 Et
1120 3901 1249 3990 quidem
1263 3902 1349 3990 quod
1362 3913 1503 3968 nostram
1518 3925 1576 3968 vos
1589 3902 1672 3970 selle
1696 3905 1831 3987 gratiam

150 4009 270 4074 hahere
286 4011 404 4096 petitis,
425 4012 577 4075 conuenit
589 4001 624 4076 u't
635 4009 828 4096 redemptori
843 4019 951 4076 nostro
968 4009 1089 4096 probis
1106 4007 1224 4082 talibus
1242 4008 1428 4074 satisfacere
1441 4019 1507 4074 tota
1525 4010 1700 4074 intentione
1714 4010 1830 4074 mentis

150 4125 184 4178 ut
205 4114 341 4200 dignum
365 4125 423 4199 est,
457 4138 531 4180 cum
562 4115 713 4204 lacrymis
737 4116 901 4199 debeatis3
925 4119 1002 4203 quia
1030 4115 1057 4178 si
1089 4112 1134 4178 illi
1162 4112 1361 4178 satisfactum
1400 4113 1591 4192 confuerit,
1616 4113 1693 4200 quid
1717 4125 1828 4190 nostra

150 4221 309 4286 relaxatio
332 4220 386 4286 vel
410 4223 516 4308 matie
538 4225 656 4308 poterit
678 4231 764 4286 certe
799 4221 972 4286 conferre?
997 4219 1082 4284 Dum
1107 4217 1214 4290 adhuc
1237 4229 1344 4284 tamen
1369 4221 1402 4284 in
1426 4229 1703 4306 praesumptorum
1728 4221 1830 4284 ruinis

151 4327 200 4390 vel
226 4333 403 4392 errantum
426 4309 666 4397 defensionibus
683 4329 788 4393 inesse
816 4349 875 4392 vos
891 4327 1063 4408 cernimus,
1087 4323 1192 4411 qualis
1216 4323 1268 4388 vel
1291 4323 1424 4390 denval
1447 4324 1631 4390 hominibus
1655 4333 1764 4388 vestm
1788 4325 1830 4388 sit

150 4433 328 4498 satisfactio
352 4454 415 4497 non
432 4433 593 4510 videmus.
624 4431 718 4498 Tunc
740 4437 825 4498 enim
858 4431 919 4498 deo
943 4441 975 4496 et
1004 4427 1188 4496 hominibus
1219 4451 1254 4494 se
1285 4429 1472 4496 satisfacere
1502 4429 1690 4516 magnItudo
1722 4438 1831 4494 vestra

151 4549 298 4626 patenter
321 4537 552 4625 enidenterque
576 4548 758 4623 eognoscat,
782 4547 814 4604 et
837 4535 932 4602 deuia
948 4535 989 4600 ad
1007 4533 1242 4618 rectitudinem,
1260 4545 1292 4600 et
1315 4537 1556 4622 praesumptius
1573 4535 1614 4600 ad
1638 4534 1828 4608 humilitatis

151 4667 297 4710 normam
322 4644 465 4710 reducat.
492 4627 638 4724 Quodsi
664 4643 785 4710 factum
819 4643 925 4716 fuerit,
956 4665 1014 4730 per
1044 4640 1115 4720 hoc,
1138 4663 1196 4704 vos
1228 4650 1260 4704 et
1290 4640 1342 4706 dei
1373 4651 1581 4726 percepturos
1607 4649 1640 4704 et
1663 4640 1829 4706 hominum

151 4753 288 4836 gratiam
312 4752 523 4834 cognoscatis.

304 4931 410 4986 Mansi.
434 4929 571 4987 Collectio
594 4929 701 4986 Concil.
725 4929 759 4985 T.
783 4930 819 4985 X.
843 4937 891 4984 str.
917 4929 989 4984 112.
