4300 5930
303 366 367 442 1Ἵο

300 567 352 632 vel
376 577 454 655 quot
475 591 518 632 ex
542 567 649 632 loricis
673 565 842 647 defuerint,
868 568 900 629 in
922 564 985 629 elio
1006 564 1150 629 exercitu
1175 565 1565 650 totidem'reoompenset.
1589 557 1634 630 Ut
1657 565 1754 650 igitur
1778 563 1838 630 hec
1861 573 1970 630 nostre

300 673 480 738 donationis
522 675 638 758 pagina
674 681 826 757 perpetue
871 671 1030 735 firmitatis
1075 670 1173 735 robur
1215 672 1378 756 optineat,
1420 681 1452 735 et
1482 669 1569 756 quod
1611 669 1689 736 nulli
1733 669 1827 735 liceat
1872 671 1974 735 eidem

301 777 465 842 donationi
489 781 660 863 quicquam
688 775 886 858 subtrahere,
911 787 966 840 eut
991 778 1190 858 imminuere,
1215 777 1365 860 imaginis
1390 789 1497 840 nostre
1530 777 1561 840 in
1589 796 1696 840 sures*
1718 775 1807 840 bulla
1838 777 1974 861 impres·

301 885 392 947 sione
408 883 543 946 fecimus
559 884 760 946 communiri.
785 879 905 946 Datum
923 904 979 968 per
997 903 1111 945 manus
1129 881 1274 965 magistri
1290 879 1451 966 Katepsni
1471 879 1613 945 albensis
1630 881 1794 967 prepositi,
1810 879 1978 966 Hungsrie

299 987 492 1053 cancellarii.
518 987 613 1052 Anno
636 989 677 1052 ab
702 990 919 1052 incarnatione
942 985 1254 1051 domini'milleeimo
1289 987 1464 1048 centesimo
1496 985 1704 1071 nonagesimo
1732 987 1842 1050 tercio.
1868 984 1972 1049 Vene-

299 1093 391 1158 rabili
415 1093 479 1158 Job
504 1093 711 1177 strigoniensi
733 1093 976 1179 archiepiscopo
1008 1093 1177 1157 existente.
1214 1090 1311 1155 Seulo
1347 1089 1531 1154 colochcnei
1561 1089 1817 1176 arehiepiscoposs
1848 1087 1976 1154 Kalene

298 1199 629 1284 quinqueecciesiensi
653 1200 805 1283 episcopo
829 1209 861 1262 et
883 1198 995 1262 eodem
1023 1195 1187 1261 Dalmatio
1211 1205 1308 1282 etque
1332 1193 1484 1262 Chrestie
1509 1193 1734 1280 gubernatore.
1755 1193 1907 1282 Orispino
1930 1217 1973 1259 se·

298 1303 444 1368 nediensi
469 1305 631 1390 episcopo.
658 1302 830 1368 Dominico
859 1302 1061 1389 aegrebiensi
1087 1303 1247 1388 episcopo.
1272 1297 1350 1389 Mog
1373 1299 1514 1387 palatino
1532 1303 1647 1366 consite
1664 1309 1696 1365 et
1712 1300 1825 1366 eodem
1844 1299 1973 1366 baschi·

299 1409 378 1472 ensi.
401 1407 571 1474 Dominico
595 1409 707 1472 curiali
731 1409 847 1472 comite
869 1421 900 1472 et
923 1409 1036 1473 eodem
1062 1407 1271 1492 budrigiensi.
1297 1405 1430 1471 A'ndrea
1453 1408 1568 1470 comite
1592 1407 1632 1471 de
1656 1429 1789 1494 suprun.
1814 1405 1900 1472 Both
1923 1427 1971 1470 co·

300 1509 376 1576 mite
400 1511 439 1576 de
464 1511 572 1577 Bihor.
597 1512 740 1578 Fulcone
766 1516 881 1577 comite
905 1511 945 1578 de
968 1511 1112 1577 Vaswsr.
1137 1511 1301 1576 blachario
1325 1513 1442 1576 comite
1464 1511 1504 1576 de
1526 1509 1676 1578 Zaunulr.

448 1617 554 1684 Locus
578 1617 675 1706 sigilli
699 1619 870 1707 pendentis
892 1623 924 1684 in
948 1641 1030 1684 zona
1053 1620 1151 1682 rubra

448 1815 554 1872 Matios
577 1833 613 1870 ne
639 1817 841 1889 pergamenis
864 1817 1046 1888 aemsljskom
1070 1818 1179 1872 erkivu.
1205 1817 1264 1874 Neo
1287 1821 1444 1889 regestrats
1466 1823 1531 1871 scta
1552 1815 1635 1870 Fasc.
1665 1815 1738 1873 484.
1769 1815 1805 1872 N.
1840 1817 1869 1873 1.
1900 1797 1977 1871 duva

302 1919 333 1958 se
355 1903 411 1974 pot
436 1903 558 1958 stationi
581 1921 601 1959 u
615 1903 738 1960 aletnom
760 1905 870 1960 okviru.

932 2194 1204 2278 ccxxvlll.
1232 2195 1340 2276 nee

344 2373 423 2432 loon
447 2373 576 2434 Ratione
594 2375 722 2448 predata
746 2375 837 2447 meta
858 2375 966 2448 armata
988 2373 1089 2449 StaJ'ao
1110 2393 1132 2434 a
1153 2373 1277 2445 Setina,
1291 2379 1465 2436 samestaaa
1487 2391 1530 2436 ev.
1554 2374 1703 2448 Stjrpaaa
1723 2375 1788 2434 ted·
1809 2373 1932 2449 Spty'eta.

448 2559 508 2625 Nel
521 2584 616 2626 nome
640 2559 725 2626 delle
749 2573 840 2626 senta
863 2561 989 2627 Trinitb
1007 2572 1039 2627 et
1059 2561 1226 2628 individue
1248 2561 1345 2644 unitb',
1368 2561 1389 2626 l'
1404 2579 1488 2627 anno
1505 2562 1556 2627 del
1573 2562 1675 2628 verbo
1689 2565 1857 2628 incarnato
1881 2563 1974 2630 1193.

300 2666 374 2732 nell'
398 2665 553 2731 inditione
577 2665 610 2730 X
634 2665 712 2754 (XI)
736 2665 914 2756 Regnando
940 2665 1018 2731 Belo
1041 2667 1089 2732 Re
1124 2668 1210 2752 degli
1243 2667 1376 2752 Ungsri,
1409 2669 1502 2733 Duos
1537 2665 1660 2732 Caleno
1696 2667 1879 2754 presidente
1912 2668 1974 2735 alls

190 2859 195 2866 ¹
303 2771 464 2836 Dalmatia
486 2781 518 2837 et
542 2771 682 2852 Oroatis,
706 2783 743 2866 et·
761 2772 868 2836 Pietro
892 2774 1100 2837 ercivesoovo
1125 2773 1157 2836 di
1182 2772 1323 2859 Spaleto,
1347 2783 1379 2836 et
1402 2769 1505 2837 Conte
1528 2771 1603 2838 dep
1626 2775 1741 2838 istesso
1773 2772 1878 2859 luogo*
1893 2773 1974 2839 Grn-

299 2877 398 2943 bescs
423 2887 456 2942 et
478 2879 600 2942 vicario
624 2877 780 2960 Bogdsno
805 2887 921 2964 nepote
944 2877 977 2942 di
1001 2877 1161 2943 Prodano.
1187 2877 1309 2942 Perelio
1333 2876 1364 2941 la
1387 2879 1470 2942 serie
1495 2877 1527 2942 di
1549 2887 1629 2942 tutte
1654 2877 1684 2942 le
1717 2897 1805 2958 cose,
1841 2893 1886 2944 se¹
1911 2895 1975 2944 non

302 2983 328 3046 ei
354 2981 466 3047 riduca
488 2985 521 3047 in
546 2983 706 3064 soritture,
732 2991 837 3068 presto
862 2985 887 3047 si
913 2982 1037 3064 scorda,
1062 2993 1094 3047 et
1116 2982 1233 3048 induce
1257 2984 1266 3047 i
1286 2984 1405 3069 posteri
1421 2984 1454 3047 in
1471 3003 1589 3048 errore
1614 2981 1804 3048 Perb‘eceib
1821 2983 1973 3069 supplent

300 3089 310 3152 i
337 3091 456 3174 posteri
480 3098 512 3152 et
536 3086 566 3152 le
590 3089 642 3152 sia·
660 3086 769 3174 peloso
793 3111 850 3175 per
872 3087 895 3152 il
917 3097 1066 3174 presente
1087 3089 1208 3172 scritto,
1233 3109 1324 3153 oome
1348 3090 1379 3154 io
1404 3086 1565 3154 Giovanni
1590 3087 1710 3173 figliolo
1734 3087 1788 3153 d'el
1812 3087 1975 3174 quondam

301 3191 428 3272 Retina,
451 3191 492 3258 ho
517 3192 658 3258 renduto
681 3192 733 3256 all’
757 3191 886 3258 Abbate
910 3193 943 3257 di
967 3215 1025 3258 sen
1049 3193 1190 3276 Stefsno,
1213 3217 1242 3258 a·
1256 3192 1396 3258 Martiae
1420 3215 1477 3260 suo
1500 3193 1667 3280 Propasta,
1703 3203 1740 3259 et
1771 3211 1795 3258 a·
1825 3201 1919 3258 turm
1943 3192 1977 3259 la*

300 3299 553 3384 congregatione
576 3297 628 3364 del
653 3297 799 3363 medemo
822 3300 1015 3363 monasterio
1039 3315 1097 3385 per
1120 3317 1236 3385 pronao
1259 3296 1290 3364 d'
1313 3298 1455 3365 socordo
1474 3296 1692 3364 leomansti
1711 3309 1779 3364 otto
1795 3313 1866 3364 unu¹
1880 3295 1975 3365 (lalab

301 3404 398 3489 vagis
421 3402 481 3468 ohe
503 3404 529 3468 ὸ·
546 3405 578 3468 in
602 3402 764 3469 Selenes
786 3403 913 3488 Stagea,
938 3405 1053 3469 vicina·
1069 3405 1092 3469 il
1117 3404 1235 3470 molino
1258 3405 1298 3468 di‘
1315 3402 1394 3487 (lut,¹
1405 3405 1447 3469 da
1462 3422 1551 3470 esser
1568 3404 1618 3469 de*
1632 3423 1688 3470 oro
1706 3413 1979 3491 perpetuuments'

299 3508 498 3594 possenna,
512 3519 548 3574 et
567 3509 752 3596 dispo'stene
774 3532 793 3573 s
817 3509 886 3576 loro
910 3513 1048 3596 pieoere.
1072 3509 1146 3576 Aila
1171 3510 1248 3597 quel
1264 3510 1395 3576 vendite
1410 3509 1704 3575 furono'testimoni
1728 3507 1980 3596 Pietro‘figliolo‘

298 3612 331 3678 di
357 3611 460 3695 Oelia,
485 3613 560 3680 Vita
586 3616 722 3699 Murgis,
747 3625 779 3678 et
801 3613 875 3699 Ugo
900 3613 1116 3696 Quintsvslle.
1140 3615 1185 3680 Et
1208 3618 1238 3680 io
1264 3615 1395 3680 Sabatia
1420 3613 1617 3680 subdiacono
1641 3613 1830 3702 dispalato
1861 3625 1894 3680 et
1918 3633 1971 3680 no*

299 3715 382 3784 dero
407 3721 533 3805 giursto
557 3719 642 3786 delle
666 3719 762 3786 Corte
793 3719 999 3806 representa
1021 3720 1086 3786 alla
1109 3719 1301 3808 sopradettn
1319 3719 1450 3786 vendite
1473 3730 1510 3786 et·
1528 3730 1662 3808 pregato
1685 3719 1727 3786 ho
1748 3721 1875 3786 scrittot
1999 3749 2006 3752 ·

449 3919 619 3974 Documenti
637 3919 665 3973 di
689 3937 740 3975 ssu
763 3919 881 3976 Stetsno
904 3920 932 3974 dl
957 3919 1083 3992 spalato.
1106 3919 1234 3991 Bakopie
1258 3917 1398 3976 mletadko
1420 3920 1566 3991 knJitnioe
1587 3932 1629 3978 ev.
1665 3919 1774 3976 Morka
1808 3893 1891 3979 ussss
1922 3920 1972 3975 its·

300 4003 370 4060 lieni
397 4003 498 4065 Classe
521 4006 557 4064 V.
580 4005 651 4066 Ood.
675 4006 722 4064 LI.
748 4013 797 4062 etr.
824 4007 873 4062 76.
1345 4026 1349 4036 ·

600 4289 829 4382 ccxxix.
856 4277 959 4380 oon.
987 4297 1095 4380 nos
1122 4299 1160 4380 s.
1188 4274 1416 4400 nepas
1446 4295 1484 4381 u
1513 4297 1667 4381 usura

299 4477 426 4553 eaeo
447 4478 497 4538 sa
518 4478 613 4538 anana
635 4479 799 4538 nomentan
820 4479 1017 4558 Matronae,
1035 4479 1163 4554 prosae
1184 4480 1270 4554 stoja
1292 4478 1370 4540 reas
1392 4480 1554 4540 sacurem
1575 4475 1667 4538 urar
1684 4477 1766 4540 stnev
1781 4475 1972 4541 menaea

449 4663 487 4729 In
511 4665 639 4732 nomine
663 4664 714 4730 dei
739 4661 841 4730 eterni
864 4675 897 4731 et
918 4665 1097 4732 saluatoris
1113 4669 1212 4733 nostri
1235 4667 1339 4733 Jheeu
1373 4665 1504 4733 Christi:
1542 4665 1647 4732 Anno*
1667 4665 1709 4732 sb
1743 4668 1979 4733 incarnatione*

302 4769 448 4836 eiusdem
471 4769 543 4836 ΜΟ.
566 4773 774 4856 nonagesimo
790 4773 899 4855 tercio,
916 4791 1026 4837 mense
1043 4773 1195 4856 octubris,
1217 4772 1270 4838 die
1286 4783 1400 4839 octsus
1416 4775 1573 4851 intrante·
1589 4771 1775 4838 indiccione·
1794 4772 1981 4848 undecimup

302 4875 432 4966 Jadere,
457 4887 612 4960 regnante
635 4876 765 4941 domino
789 4887 897 4942 nostro
919 4877 1000 4954 Bels
1023 4878 1075 4943 d'ei
1098 4880 1208 4964 grecia
1222 4880 1398 4963 Hungsrie,
1417 4877 1594 4960 Delmacie,
1611 4876 1778 4960 Chromis,
1795 4875 1980 4965 Rameque;·'

300 4982 506 5046 serenissimo
529 5003 615 5066 rege,
640 4982 735 5047 Petro
757 4982 950 5048 archieleoto
975 4983 1145 5050 eeclesiam
1168 4983 1358 5050 iadertinanr
1395 4991 1537 5069 regente,
1568 4992 1600 5047 st
1629 4983 1663 5047 in
1695 4979 1810 5049 eedem
1841 4985 1973 5049 ciuitste

301 5086 485 5174 presidente
510 5085 671 5151 Damiano
694 5087 803 5153 inclito
828 5091 953 5156 comite.
982 5089 1147 5178 Quicquid
1171 5091 1322 5179 venditur
1345 5089 1397 5156 vel
1420 5089 1558 5154 donatur
1581 5110 1714 5154 necesse
1728 5087 1828 5154 habet
1843 5087 1972 5154 vinculo

303 5195 412 5279 scripti
440 5191 606 5280 onnoderi,
630 5201 666 5258 ut
688 5193 882 5260 venditionis
906 5218 964 5260 seu
987 5195 1168 5261 donationis
1193 5193 1345 5279 conditio,
1369 5197 1435 5260 adtr'
1455 5193 1618 5281 tetrlporis‘
1633 5177 1834 5280 lungitudine
1856 5203 1914 5260 sut
1935 5194 1974 5259 si·
