4300 5930
311 368 375 437 148

316 589 453 653 cumque
477 565 561 632 bons
583 547 694 632 eadem
720 564 856 630 ecelesia
879 567 912 628 in
936 568 1166 650 presentiarum
1191 567 1275 632 iuste
1296 575 1329 638 et
1349 569 1505 634 canonice
1529 567 1680 654 possidet,
1700 577 1755 634 aut
1778 569 1813 634 in
1838 567 1988 634 futurum

309 673 516 735 concessione
540 668 739 755 pontificum,
760 669 930 754 largitione
953 691 1066 754 regum
1090 670 1142 736 vel
1166 655 1356 758 principum,
1381 672 1543 738 oblatione
1561 672 1714 753 fidelium,
1728 695 1785 739 seu
1800 673 1874 738 aliis
1891 675 1988 738 iustis

310 775 415 840 modis
446 784 608 860 prestante
644 774 775 840 domino
799 777 916 860 poterit
937 775 1082 861 adipisci,
1108 776 1199 840 firma
1224 777 1282 840 tibi
1305 779 1434 864 tuisque
1456 777 1707 862 successoribus,
1731 789 1764 846 et
1777 777 1903 843 illibata
1913 800 1987 864 per·

311 890 469 960 maneant,
486 882 518 943 in
534 878 652 965 quibus
668 879 728 943 hec
745 881 882 965 propriis
898 879 1052 945 duximus
1070 880 1281 967 exprimenda
1293 881 1477 948 vocabulis:
1491 882 1596 947 locum
1613 887 1719 970 ipsum
1731 885 1764 948 in
1777 905 1841 970 qua
1859 882 1991 970 prefata

310 985 448 1048 ecclesia
472 986 533 1048 sita
557 996 614 1066 est,
635 983 882 1048 oumomnibus
906 987 1108 1071 pertinentiis
1132 986 1214 1063 suis;
1242 1007 1353 1050 omnes
1377 987 1546 1072 parochias
1570 988 1611 1052 ad
1645 989 1696 1053 ius
1731 991 1901 1054 commisse
1927 987 1990 1052 tibi

308 1091 453 1167 ecclesie,
467 1092 674 1174 pertinentes,
688 1089 813 1154 scilicet
830 1112 965 1176 reguum
978 1089 1176 1172 Zscbulmie,
1191 1114 1327 1177 regnum
1340 1091 1487 1177 Seruilia,
1502 1095 1589 1181 quod
1601 1105 1651 1160 est
1663 1095 1780 1174 Bonna,
1796 1117 1836 1160 ac
1850 1117 1991 1180 reguum

312 1195 477 1276 Tribunis,
502 1195 732 1280 ciuitatemque
757 1195 990 1258 catarinensem
1013 1216 1070 1258 seu
1086 1194 1191 1278 Rosa,
1212 1195 1464 1282 budoanensem,
1493 1201 1741 1283 antiuarensem,
1767 1200 1992 1282 lieiauensem,

311 1299 561 1381 scodrinensem,
586 1299 858 1363 driuastinensem
876 1308 908 1362 st
920 1297 1129 1384 polatensem,
1143 1323 1215 1366 cum
1228 1301 1378 1384 abbatiis,
1392 1302 1538 1368 ecclesiis
1551 1315 1584 1368 et
1595 1304 1755 1391 parochiis
1768 1307 1845 1370 suis.
1862 1303 1990 1370 Confir-

312 1427 437 1468 mamus
461 1407 556 1469 etiam
581 1403 677 1468 vobis
703 1425 815 1469 omnes
840 1406 1072 1490 possessiones,
1095 1417 1128 1470 et
1151 1429 1353 1494 quecumque
1377 1407 1462 1472 bona
1493 1410 1526 1474 in
1550 1409 1707 1490 ecclesiis,
1739 1409 1883 1490 decimis,
1920 1407 1991 1473 val·

313 1509 408 1590 libus,
433 1509 579 1592 rollonis,
604 1508 735 1596 prediis,
760 1510 858 1592 agris,
882 1510 1077 1592 nemoribus,
1098 1512 1270 1592 montibus,
1295 1511 1442 1594 collibus,
1466 1515 1570 1602 aquis,
1593 1518 1703 1601 pratis,
1719 1525 1775 1603 aut
1789 1514 1993 1603 quibuslibet

318 1615 390 1680 aliis
416 1615 513 1682 rebus
538 1615 718 1694 diocesano,
742 1613 796 1680 vel
818 1616 1031 1701 proprietario
1054 1615 1275 1702 dispositionis
1298 1616 1390 1682 titulo
1414 1619 1560 1704 predicta
1578 1622 1733 1712 ragusina
1748 1619 1887 1686 ecclesis
1901 1621 1990 1684 iusta

315 1733 346 1786 et
369 1724 525 1787 canonice
549 1721 701 1808 possidet
728 1719 828 1786 Pallei
854 1743 982 1808 quoque
1005 1743 1099 1802 usum
1122 1721 1317 1808 pontificalis
1350 1721 1500 1789 videlicet
1531 1725 1632 1791 officii
1666 1725 1908 1812 plenitudinem,
1932 1723 1993 1790 hu·

319 1827 464 1892 militatis
488 1836 520 1892 et
541 1827 662 1892 iustitie
689 1827 827 1909 signum,
852 1824 1087 1891 admissurum
1111 1825 1290 1914 solempnia
1312 1828 1516 1911 celebranda,
1540 1833 1625 1896 sicut
1650 1831 1909 1897 antecessoribus
1925 1832 1993 1896 tuis

320 1953 508 1996 concessum
532 1930 632 1996 fuisse
655 1931 842 2013 dinoscitur,
865 1939 898 1995 et
920 1931 953 1995 in
977 1931 1152 1997 festiuitate
1175 1932 1259 1998 beati
1286 1931 1396 2010 Blasii,
1428 1944 1460 1998 et
1496 1937 1539 2000 in¹
1564 1937 1724 2024 precipuis
1755 1936 1992 2005 festiuitstibus

318 2035 454 2102 ecclesie
478 2046 541 2118 tue,
565 2036 624 2100 tibi
646 2037 776 2123 tuisque
796 2035 1040 2103 successoribus
1055 2040 1244 2104 auctoritate
1261 2038 1439 2125 apostolica
1455 2041 1692 2108 confirmamus.
1718 2040 1791 2122 Quo
1808 2041 1993 2108 hisdiebus

319 2152 454 2224 tanturn,
478 2141 630 2207 adiuncto
653 2141 735 2206 festo
760 2141 844 2207 beati
869 2140 979 2224 Blasii,
1011 2151 1045 2208 et
1076 2146 1237 2231 precipuis
1270 2143 1500 2210 festiuitstibus
1536 2146 1671 2213 ecclesie
1708 2157 1771 2230 tue,
1805 2146 1994 2212 fraternitas

318 2258 374 2312 tua
399 2249 444 2311 uti
465 2247 654 2324 meminerit,
678 2245 796 2333 quibus
819 2247 1080 2314 antecessoribus
1102 2251 1165 2314 tuis
1188 2249 1231 2315 ab
1253 2249 1431 2336 apostolica
1453 2251 1531 2316 sede
1554 2261 1684 2317 oonsmt
1704 2251 1873 2317 indultum.
1905 2250 1995 2316 Sane

318 2376 521 2419 successores
545 2363 616 2418 tuos
639 2375 659 2416 a
681 2352 783 2434 nobis,
810 2355 994 2442 nostrisque
1018 2355 1261 2423 successoribus
1285 2359 1538 2422 consecrationis
1562 2359 1699 2442 gratiam
1734 2358 1766 2422 in
1798 2365 1994 2445 perpetuum

319 2460 523 2525 decernimus
540 2467 734 2544 recepturos.
761 2457 976 2524 Prohibemus
1001 2462 1133 2547 insuper
1156 2484 1198 2526 ne
1220 2461 1421 2543 interdictos,
1446 2460 1498 2526 vel
1523 2463 1821 2527 excommunicatos
1851 2471 1924 2525 tuos
1948 2458 1994 2524 ad

317 2565 462 2630 diuinum
487 2563 640 2648 officium,
675 2575 731 2630 aut
765 2567 1024 2630 communionem
1059 2565 1322 2649 ecclesiasticam,
1357 2569 1527 2653 quisquam
1565 2569 1711 2654 recipere
1744 2568 1814 2631 siue
1849 2587 1996 2651 congrua

318 2670 537 2735 satisfactione
562 2680 735 2756 presumat,
760 2673 822 2735 nisi
846 2670 930 2737 forte
952 2671 1132 2757 periculum
1156 2674 1267 2737 mortis
1292 2657 1466 2772 immineat,
1497 2681 1533 2736 ut
1564 2671 1640 2737 dum
1673 2674 1868 2758 presentiam
1903 2679 1994 2735 tuam

318 2775 437 2840 habere
461 2777 652 2862 nequiuerit,
677 2798 734 2861 per
757 2775 864 2860 alium,
889 2776 1066 2842 secundum
1091 2776 1226 2842 formam
1251 2777 1397 2856 ecclesie,
1422 2777 1641 2842 satisfactione
1665 2780 1822 2864 premissa
1847 2785 1996 2862 oporteat

319 2883 452 2966 ligatum
477 2879 613 2945 absolui.
638 2879 690 2945 Ad
714 2880 774 2946 hec
796 2880 963 2947 libertates
987 2891 1019 2946 et
1041 2883 1262 2947 immunitates
1281 2905 1302 2948 a
1323 2882 1465 2968 regibus,
1490 2882 1689 2969 principibus
1713 2891 1745 2946 et
1767 2883 1809 2946 ab
1833 2879 1906 2945 aliis
1923 2901 1995 2967 per·

322 2989 409 3052 sonis
433 2997 498 3050 tam
523 2986 751 3052 ecclesiasticis
772 3009 868 3072 quam
894 2986 1066 3053 mundanis
1090 2987 1226 3052 ecclesie
1250 2998 1303 3054 tue
1327 3010 1508 3071 concessas,
1541 2995 1572 3052 et
1603 2989 1754 3074 antiquas
1788 2995 1821 3051 et
1855 2987 1996 3050 rationa-

322 3092 402 3158 biles
426 3091 677 3156 oonsuetudines
701 3091 857 3157 haetenus
881 3093 1080 3175 obseruatus,
1104 3094 1246 3179 integras
1270 3102 1302 3158 et
1332 3092 1495 3174 inlibatus,
1528 3094 1670 3179 presenti
1700 3091 1832 3157 decreto
1863 3112 1997 3155 manere

321 3199 492 3262 sancimus.
517 3197 733 3262 Decernimus
757 3220 844 3283 ergo,
869 3207 904 3263 ut
925 3198 1005 3264 nulli
1029 3201 1159 3263 omuino
1184 3198 1349 3264 hominum
1371 3199 1420 3262 fas
1445 3201 1486 3262 sit
1511 3197 1667 3283 prefatam
1685 3196 1855 3262 eeclesiam
1871 3206 1996 3261 temere

321 3303 519 3390 perturbare,
544 3313 600 3369 ant
623 3305 692 3368 eius
715 3305 935 3390 possessiones
959 3301 1095 3386 auferre,
1119 3303 1172 3369 val
1195 3303 1320 3370 ablatus
1343 3305 1492 3386 retinere,
1518 3305 1672 3385 minuere,
1704 3325 1762 3368 seu
1794 3301 1998 3389 quibuslibet

323 3409 549 3476 vexationibus
572 3409 718 3495 fatigare,
744 3408 802 3475 sed
825 3411 933 3475 omnia
952 3411 1078 3494 integre
1101 3419 1342 3492 conseruentur,
1367 3431 1477 3474 eorum
1502 3423 1560 3495 pr'o
1591 3429 1728 3494 quorum
1760 3406 1998 3493 gubernatione

322 3539 360 3581 ac
383 3516 639 3582 substentatione
663 3537 818 3581 concessa
840 3524 923 3596 sunt,
947 3514 1061 3580 usibus
1083 3515 1233 3580 omnibus
1259 3515 1434 3602 profutura,
1458 3513 1548 3580 salua
1572 3513 1659 3579 sedis
1681 3512 1861 3600 apostolice
1885 3522 1997 3578 aucto-

323 3623 427 3686 ritate.
449 3620 484 3686 Si
507 3642 571 3706 qua
594 3621 693 3704 igitur
714 3621 747 3684 in
771 3619 913 3685 futurum
939 3617 1168 3714 ecclesiastica,
1193 3617 1390 3684 secularisue
1411 3641 1549 3706 persona
1584 3618 1669 3685 hanc
1700 3628 1809 3685 nostre
1841 3621 1998 3684 eonstitu-

323 3727 419 3790 tionis
443 3727 593 3812 paginam
617 3726 733 3808 sciens,
757 3735 869 3790 contra
894 3747 964 3789 eam
988 3733 1109 3789 temere
1130 3725 1242 3788 venire
1265 3727 1478 3810 temptauerit,
1510 3724 1662 3805 secundo,
1693 3726 1829 3790 tertioue
1857 3746 1999 3790 commo·

323 3833 399 3913 nita,
424 3833 485 3896 nisi
509 3841 751 3900 reatumsuum
775 3853 918 3916 congrua
941 3829 1160 3896 satisfactione
1183 3831 1369 3912 correxerit,
1394 3832 1560 3917 potestatis
1585 3830 1780 3916 honorisque
1812 3831 1864 3894 sui
1893 3829 1998 3914 digni-

327 3947 391 4003 tate
414 3946 531 4018 careat,
556 3959 709 4024 reamque
733 3959 768 4001 so
790 3936 901 4001 diuino
924 3937 1044 4002 iudicio
1067 3938 1208 4002 existere
1231 3936 1272 4001 de
1294 3947 1476 4023 perpetrata
1500 3937 1678 4023 iniquitate,
1704 3945 1890 4020 cognoscat,
1914 3945 1947 3998 et
1979 3956 2000 3998 a

329 4045 546 4109 sacratissimo
570 4066 712 4129 corpore,
737 4065 776 4108 ac
798 4045 956 4128 sanguiue
978 4042 1031 4108 dei
1054 4053 1086 4109 et
1110 4042 1230 4108 domini
1246 4043 1466 4129 redemptoris
1500 4043 1602 4107 nostri
1630 4041 1709 4107 Jesu
1738 4039 1861 4106 Christi
1893 4038 2002 4103 aliena

327 4151 393 4230 fiat,
417 4157 515 4236 atque
539 4151 571 4212 in
597 4158 741 4214 extremo
765 4151 914 4214 examine
937 4149 1046 4214 diuina
1070 4148 1184 4213 ultioni
1208 4149 1383 4214 subiaceat.
1409 4147 1542 4214 Cunctis
1565 4159 1673 4213 autem
1700 4147 1804 4213 eidem
1836 4145 1909 4212 loco
1940 4167 2002 4210 sua

325 4257 396 4321 iura
419 4254 623 4320 sernentibus
648 4257 690 4319 sit
712 4255 778 4340 pax
800 4253 922 4319 domini
944 4257 1044 4322 nostri
1066 4255 1147 4321 Jesu
1172 4253 1303 4320 Christi.
1328 4253 1496 4335 Quatenus
1520 4264 1553 4318 et
1572 4253 1624 4318 hio
1657 4253 1797 4318 fructum
1832 4251 1917 4316 boue
1947 4271 2000 4314 ac-

326 4363 422 4427 tionis
445 4363 634 4448 percipiant,
670 4371 702 4426 et
721 4359 807 4447 apud
846 4360 1026 4425 districtum
1065 4359 1204 4425 iudicem
1232 4353 1366 4446 ‘premia
1404 4368 1513 4424 eterne
1552 4361 1641 4446 pacis
1671 4360 1847 4426 inueniant.
1881 4355 1997 4422 Amen.

329 4467 445 4533 Amen.
470 4467 587 4532 Amen.
914 4459 917 4472 '

476 4571 624 4656 Sigillum
648 4593 788 4656 cereum,
812 4593 885 4636 cum
905 4571 1131 4657 inscriptione:
1155 4569 1213 4636 SS.
1237 4569 1360 4636 Petrus.
1386 4569 1518 4636 Paulus.
1543 4569 1694 4636 Clemens
1718 4569 1807 4654 Papa
1829 4566 1889 4632 ΙΙΙ.
1909 4565 2002 4632 Doce

327 4701 378 4744 me
402 4677 532 4743 domins
555 4676 662 4743 facere
684 4677 883 4744 voluntatem
906 4685 1005 4742 tuam.
1460 4667 1462 4670 ⁵

478 4782 551 4868 Ego
578 4781 730 4849 Clemens
754 4783 911 4849 catholice
934 4782 1070 4849 ecclesie
1094 4783 1264 4869 episcopus
1289 4781 1477 4868 subscripsi.

478 4889 550 4974 Ego
574 4888 718 4955 loannes
742 4890 902 4977 presbiter
925 4887 1098 4954 cardinalis
1121 4886 1205 4952 tituli
1232 4889 1333 4952 sancti
1358 4884 1470 4965 Marci,
1495 4883 1683 4972 subscripsi.
1889 4963 1896 4971 Ι

476 4994 549 5080 Ego
572 4993 740 5061 Laborans
764 4995 870 5083 presb.
894 4993 992 5061 Card.
1016 5016 1042 5059 a.
1065 4991 1167 5059 Mario
1191 5002 1279 5076 trans
1302 4991 1468 5079 Tyberim,
1491 4989 1575 5056 tituli
1599 4989 1719 5055 Calixti
1744 4989 1932 5075 subscripsi.

477 5101 549 5187 Ego
573 5099 748 5168 Pandolfus
810 5151 823 5184 ,
938 5147 954 5184 „
1012 5096 1146 5164 basilice
1170 5097 1339 5164 duodecim
1362 5095 1580 5184 apostolorum
1604 5095 1790 5181 subscripsi.

473 5205 547 5295 Ego
571 5204 687 5274 Melior
806 5257 821 5290 ‚,
938 5255 953 5287 ,
1012 5211 1195 5270 sanctorum
1215 5202 1351 5270 Josnnis
1368 5210 1400 5268 et
1417 5201 1506 5269 Pauli
1523 5199 1607 5268 tituli
1621 5198 1788 5266 Pamachii
1804 5197 2002 5286 subscripsit,
