4276 5934
317 383 384 450 216

320 583 429 668 itaque
452 583 611 669 probitate
635 591 667 648 et
690 584 825 648 scientia
849 607 906 648 nos
932 585 1105 668 informati,
1130 585 1190 650 deo
1214 596 1247 649 et
1270 587 1453 671 paternitati
1478 593 1585 649 vestre
1609 585 1793 648 innumeras
1817 590 1928 669 grates
1952 605 2004 646 rs·

319 688 461 773 pendere
485 711 643 766 curamus,
666 693 742 776 quia
766 690 846 754 tales
871 691 912 754 ad
937 714 995 762 nos
1020 693 1161 770 misistis,
1187 690 1299 777 quales
1323 693 1355 754 in
1381 701 1455 755 voto
1480 713 1608 776 semper
1631 689 1803 754 habuimus
1822 691 2003 774 suscipien-

318 793 387 874 dos,
412 793 522 859 diuino
548 819 680 860 munere
703 796 857 882 preditos,
880 799 956 882 quia
979 821 1074 860 omne
1098 798 1208 860 datum
1233 799 1388 881 optimum
1413 807 1445 860 et
1468 819 1563 866 omne
1587 795 1706 860 donum
1730 795 1909 880 perfectum
1944 794 2001 856 de·

318 922 445 964 sursum
471 911 529 967 est.
554 900 752 966 Presentatis
776 903 876 985 igitur
900 901 1014 966 litteris
1047 905 1164 966 vestris
1201 901 1430 982 intelleximus,
1466 902 1542 988 quia
1578 899 1849 985 postulationibus
1881 901 2004 964 sostris

318 1005 518 1091 apostolatus
543 1009 642 1071 vestri
666 1006 833 1072 beatitudo
856 1007 1107 1072 misericorditer
1130 1009 1303 1093 aequieuit.
1328 1005 1506 1072 Undenas
1532 1029 1604 1070 cum
1631 1030 1749 1092 magna
1773 1007 1871 1069 animi
1903 1005 2002 1070 deuo·

318 1111 404 1176 tione
428 1113 640 1197 percepimus,
666 1123 700 1176 ut
724 1135 781 1198 per
804 1122 905 1177 totum
930 1135 1066 1198 regnum
1091 1123 1235 1177 nostrum
1260 1115 1376 1193 cornia,
1402 1136 1465 1198 que
1489 1113 1665 1178 seeundum
1699 1113 1795 1176 deum
1827 1121 1912 1192 sunt,
1949 1133 2002 1174 or·

319 1215 431 1280 dicent
454 1225 485 1280 et
507 1217 715 1299 confirment;
740 1240 802 1304 que
826 1227 933 1282 autem
958 1221 1225 1301 contremiseunt,
1250 1221 1342 1282 iuxta
1365 1216 1444 1282 illud
1470 1217 1691 1303 propheticum
1718 1217 1858 1281 euellant
1883 1229 1915 1280 et
1943 1216 2000 1279 de-

318 1330 452 1387 struant.
476 1324 678 1388 decedentes
701 1325 810 1409 itaque
834 1323 875 1387 ad
899 1322 1016 1407 locum,
1051 1325 1106 1388 ubi
1141 1326 1318 1409 antiquitus
1356 1321 1528 1387 concilium
1564 1322 1722 1386 celebrari
1759 1323 1890 1386 solitum
1929 1321 2001 1400 fuit,

320 1437 464 1492 sanctam
489 1428 648 1514 synodum
672 1427 838 1492 celebrare
863 1429 1063 1508 studuerunt,
1088 1430 1128 1493 de
1153 1431 1245 1493 viciis
1270 1439 1301 1493 et
1325 1428 1499 1494 virtutibus
1530 1427 1690 1492 subtiliter
1722 1429 1929 1505 disserentes,
1964 1428 1998 1488 in

318 1536 479 1599 communi
503 1534 563 1598 deo
585 1544 619 1598 et
643 1535 827 1600 beatissime
852 1535 954 1600 Maria
977 1545 1131 1621 perpetue
1157 1537 1284 1620 virgini,
1307 1545 1339 1598 ct
1364 1535 1459 1598 besto
1484 1534 1578 1624 Petro
1603 1534 1821 1620 apostolorum
1846 1533 1995 1620 principi,

318 1661 442 1705 necnon
467 1650 499 1706 et
521 1639 713 1726 apostolatui
738 1651 846 1705 vestro
879 1640 1009 1706 laudum
1038 1645 1190 1727 preconia
1222 1641 1457 1726 persoluentes.
1493 1639 1620 1704 Interea
1657 1641 1782 1705 nouerit
1821 1641 1998 1726 paternitas

318 1756 435 1830 vestra,
460 1749 538 1834 quia
561 1748 722 1832 augustali
748 1756 916 1811 stemmate
940 1748 1082 1833 undique
1108 1748 1310 1833 insignimur,
1338 1756 1370 1810 et
1393 1745 1479 1832 quod
1505 1744 1676 1829 gloriosius
1707 1757 1739 1808 et
1775 1746 1901 1809 beatius
1938 1754 1995 1824 est

319 1857 415 1917 vestri
440 1856 589 1938 generosi
614 1855 780 1938 sanguinis
804 1854 995 1918 affinitatem
1020 1854 1140 1918 habere
1174 1855 1395 1937 cognouimus.
1430 1851 1535 1934 Igitur
1570 1847 1812 1929 innotescimus,
1849 1851 1928 1935 quia
1963 1834 1996 1910 in

318 1967 393 2022 voto
417 1957 588 2022 habuimus
612 1981 698 2024 nunc
721 1959 844 2044 legatos
868 1969 996 2023 nestros
1020 1961 1060 2023 ad
1085 1960 1184 2044 pedes
1209 1957 1417 2022 beatitudinis
1441 1966 1549 2019 vestre
1574 1958 1808 2037 transmittere3
1833 1953 1890 2017 sed
1921 1953 1999 2038 quia

318 2073 435 2127 terram
461 2063 548 2127 illam
573 2063 733 2128 turbatam
759 2087 829 2128 esse
854 2065 1047 2145 audiuimus,
1068 2065 1174 2128 facere
1196 2087 1259 2128 non
1284 2066 1463 2149 potuimus;
1495 2063 1570 2148 quia
1596 2063 1711 2125 vestris
1736 2045 1851 2144 legatis
1878 2061 1997 2144 ubique

318 2167 429 2232 debita
449 2172 631 2234 reuerentia
654 2169 837 2250 exhibetur,
862 2170 918 2234 sed
952 2173 1063 2252 nostri,
1102 2170 1177 2234 dum
1214 2169 1292 2233 illuc
1327 2171 1372 2232 ire
1408 2169 1570 2232 voluerint
1604 2189 1676 2230 cum
1713 2189 1829 2250 magna
1865 2165 1997 2228 honoris

317 2277 565 2358 magnificentia,
591 2277 731 2363 dampna
754 2279 887 2342 forsitan
912 2287 968 2342 aut
991 2279 1130 2342 exicium
1155 2277 1326 2361 patientur.
1352 2274 1417 2338 Sed
1441 2273 1515 2337 dum
1542 2282 1735 2359 oportunum
1759 2283 1794 2336 et
1812 2291 1992 2355 congruum

316 2391 443 2466 tempus
468 2382 602 2464 affuerit,
627 2383 891 2449 honorificentius
916 2384 1083 2462 faciemus,
1108 2384 1184 2468 quia
1208 2391 1319 2445 sancte
1343 2380 1577 2444 exhortationis
1609 2389 1716 2442 vestre
1754 2379 1854 2441 verba
1892 2373 1994 2460 perfe-

318 2497 398 2569 rant,
423 2509 486 2573 que
510 2487 655 2552 dulciora
679 2488 771 2553 nobis
795 2499 870 2554 sunt
885 2513 982 2574 super
1004 2487 1066 2552 mel
1083 2499 1115 2551 et
1131 2487 1250 2550 fanum.
1269 2485 1434 2570 Siquidem
1453 2494 1618 2569 sperantes
1638 2496 1669 2546 et
1693 2493 1814 2546 certum
1841 2489 1996 2564 tenentes,

318 2593 394 2676 quia
417 2615 458 2656 ex
482 2615 545 2678 quo
570 2595 710 2658 vicarius
735 2595 857 2658 domini
882 2595 982 2658 nostri
1006 2593 1108 2658 Jhesu
1133 2591 1256 2657 Christi
1280 2592 1403 2668 existis,
1429 2592 1577 2676 ipseper
1601 2597 1631 2652 te
1654 2589 1747 2652 nobis
1763 2587 1887 2652 aditum
1906 2586 1995 2668 regni

317 2695 446 2759 celcstis
470 2700 595 2783 aperire
619 2697 788 2782 dignetur3
814 2701 944 2785 etquis
968 2698 1054 2762 nullo
1079 2702 1110 2762 in
1135 2699 1199 2762 hoc
1229 2696 1337 2761 seculo
1365 2696 1557 2779 indigemus,
1595 2694 1729 2758 multum
1765 2713 1929 2776 rogamus,
1966 2700 1998 2753 ut

318 2824 374 2886 pro
400 2803 493 2866 nobis
518 2804 740 2888 peccatoribus
765 2827 877 2890 preces
901 2804 942 2868 ad
967 2805 1132 2868 dominum
1155 2803 1307 2870 fundatis.
1333 2803 1473 2865 Demum
1496 2824 1572 2865 vero
1597 2803 1821 2886 paternitatem
1857 2807 1993 2862 vestram

321 2907 470 2970 nolumus
492 2907 600 2990 latere,
626 2911 702 2994 quia
725 2908 849 2973 heresis
874 2933 936 2974 non
963 2909 1089 2974 modica
1113 2910 1145 2972 in
1169 2920 1254 2972 terra
1278 2909 1364 2991 regis
1390 2907 1541 2990 Ungarie,
1575 2905 1727 2970 videlicet
1757 2905 1896 2968 Bossina
1929 2909 1995 2988 pul·

318 3012 419 3077 lulare
443 3014 579 3094 videtur,
605 3017 636 3078 in
661 3024 785 3079 tantum
808 3015 892 3100 quod
921 3019 1060 3101 peccatis
1085 3013 1291 3099 exigentibus
1315 3015 1384 3098 ipse
1408 3013 1471 3076 ban
1497 3010 1632 3075 Oulinus
1657 3033 1729 3074 cum
1755 3033 1857 3074 uxore
1880 3031 1940 3072 sua
1963 3019 1993 3072 et

318 3140 391 3182 eum
406 3141 515 3183 sorore
530 3143 597 3200 sua,
610 3143 672 3205 que
689 3119 748 3184 fuit
764 3120 906 3185 defuncti
923 3120 1109 3186 ll‘lirosclaui
1127 3119 1307 3183 ehamensis
1322 3117 1433 3204 (uxor)
1447 3126 1561 3199 etcum
1580 3116 1726 3202 pluribus
1743 3115 1992 3198 consanguineis

319 3225 385 3286 suis
410 3223 560 3288 seductus
584 3224 655 3310 plus
680 3248 776 3310 quam
801 3226 912 3290 decem
939 3226 1027 3290 milia
1052 3227 1307 3290 Christianorum
1331 3227 1364 3287 in
1382 3223 1515 3287 eandem
1534 3222 1671 3286 heresim
1690 3221 1878 3285 introduxit.
1898 3217 1990 3282 Unde

319 3351 378 3392 rex
403 3328 545 3414 Ungarie
570 3331 784 3395 exacerbatus
809 3331 881 3395 illos
905 3332 946 3395 ad
968 3341 1108 3396 vestram
1134 3332 1328 3417 presentiam
1354 3329 1508 3414 compulit
1544 3331 1654 3392 venire
1691 3352 1710 3390 a
1747 3325 1840 3390 vobis
1874 3325 1992 3388 exami-

322 3434 455 3499 nandos.
478 3435 529 3498 llli
554 3447 660 3499 autem
686 3436 843 3500 simulatis
867 3437 981 3501 litteris
1005 3438 1178 3516 redierunt,
1203 3436 1348 3500 dicentes
1379 3458 1398 3498 a
1433 3435 1525 3498 vobis
1562 3456 1748 3498 concessam
1788 3431 1851 3496 sibi
1883 3430 1993 3514 legem.

319 3537 413 3603 Unde
438 3563 597 3624 rogamus,
624 3552 657 3604 ut
680 3543 748 3626 regi
774 3541 917 3626 Ungaric
942 3545 1133 3627 suggeratis,
1159 3552 1193 3607 ut
1216 3565 1271 3605 eos
1296 3566 1314 3604 a
1338 3563 1439 3626 regno
1464 3563 1522 3606 suo
1547 3538 1664 3604 euellat
1688 3549 1853 3623 tamquam
1871 3537 1993 3600 zizania

318 3667 338 3708 a
361 3646 476 3710 tritico.

469 3794 594 3850 Theiner
616 3796 691 3850 Mon.
716 3801 771 3856 vet.
795 3798 865 3852 slav.
887 3815 955 3855 mer.
979 3797 1014 3854 Τ.
1039 3795 1062 3852 Ι.
1085 3801 1135 3854 str.
1162 3797 1191 3852 6.

938 4105 1244 4188 oolrxxxlu
1273 4107 1383 4187 llas.

318 4301 444 4376 Stjepaa
467 4303 626 4376 Nemanja,
649 4303 859 4378 astrasapes
882 4304 1066 4378 srbskipta'e
1091 4303 1265 4374 Ioocenes'jtt
1300 4301 1367 4359 111.
1396 4301 1474 4373 pupi
1510 4301 1550 4358 da
1584 4299 1614 4357 te
1648 4300 1739 4357 ostott
1769 4299 1860 4370 arpalo
1893 4299 1992 4369 sperae

362 4424 460 4483 stellet
481 4425 615 4501 rumara,
637 4427 693 4484 tuo
717 4427 761 4485 aa
784 4445 833 4484 ma
857 4427 950 4498 bijus'e
972 4431 984 4486 ε’
1007 4432 1080 4503 otae,
1105 4429 1117 4484 t
1140 4427 1179 4485 da
1202 4425 1232 4484 de
1256 4425 1291 4483 do
1314 4426 1404 4483 storo
1423 4426 1502 4494 svoje
1517 4421 1679 4496 roazanus
1694 4423 1807 4493 postoli
1830 4438 1851 4477 a
1869 4417 1950 4478 aaa.
1996 4445 1999 4452 =

436 4594 625 4660 Innocentio
636 4597 687 4662 dei
701 4600 804 4682 gratia
817 4621 941 4663 summo
955 4599 1098 4684 pontifici
1112 4607 1144 4662 et
1156 4597 1328 4662 uniuersali
1344 4619 1423 4681 pape
1437 4617 1568 4658 romane
1582 4593 1717 4658 ecclesie
1737 4593 1903 4656 beatomm
1919 4611 1987 4674 apo·

320 4699 473 4762 stolorum
487 4699 573 4764 Petri
588 4711 620 4766 et
635 4701 736 4786 Pauli,
755 4701 965 4790 S(tephanus)
979 4705 1092 4768 eadem
1107 4705 1210 4789 gratia
1227 4712 1257 4767 et
1272 4713 1383 4766 sancta
1400 4703 1542 4764 oratione
1562 4710 1670 4764 vestra
1687 4719 1822 4780 magnus
1838 4698 1994 4780 iuppanus

319 4806 415 4869 tetius
440 4804 572 4891 Seruye,
597 4806 733 4871 salutem
757 4819 921 4895 tamquam
946 4811 1027 4894 patri
1052 4831 1110 4872 suo
1128 4807 1299 4894 spirituali.
1324 4799 1464 4870 Litteras
1489 4807 1668 4870 sanctitatis
1686 4812 1793 4867 vestre
1814 4803 1990 4886 recepimus

318 4919 350 4974 et
368 4909 448 4975 bene
465 4909 690 4994 intelleximus,
710 4925 742 4976 et
758 4936 819 4999 que
833 4912 1035 4978 venerabiles
1055 4913 1153 4998 legati
1171 4915 1281 4991 vestri,
1302 4911 1424 4976 scilicet
1438 4911 1606 4997 lloannes)
1624 4908 1810 4993 capellanus
1828 4917 1860 4969 et
1875 4905 1992 4991 Symon

318 5014 546 5099 subdiaconus,
573 5027 637 5081 tam
661 5019 692 5082 in
714 5018 829 5084 litteris
852 5025 949 5106 quain
974 5021 1006 5082 in
1037 5043 1092 5084 ore
1127 5042 1237 5084 eorum
1272 5027 1487 5081 narraberunt
1521 5017 1624 5080 nobis.
1665 5012 1853 5078 Gratiamur
1888 5013 1992 5095 itaque

319 5145 436 5206 magne
461 5125 622 5186 sanctitati
646 5127 764 5204 vestre,
789 5127 865 5210 quia
889 5149 952 5190 non
977 5125 1138 5189 tradidisti
1153 5148 1221 5188 'nos
1245 5126 1277 5186 in
1301 5121 1496 5186 obliuionem
1515 5120 1598 5184 filios
1623 5130 1704 5200 tuos,
1730 5116 1786 5182 sed
1810 5116 1993 5181 reeordatus

323 5249 357 5295 es
381 5227 421 5294 de
445 5228 549 5294 nobis.
576 5229 641 5294 Nos
663 5240 771 5294 autem
795 5253 921 5318 semper
945 5231 1186 5296 consideramus
1210 5232 1243 5294 in
1268 5229 1406 5314 vestigia
1425 5236 1535 5292 sancte
1567 5247 1698 5291 romane
1734 5222 1882 5306 ecclesie,
1917 5223 1996 5286 sicut
