4292 5926
293 402 338 466 44

295 593 460 676 debemus,
484 604 516 658 61
539 591 566 658 61
590 591 727 658 Venetia
751 594 891 680 aliquem
916 596 1033 660 stolum
1058 597 1212 661 fecerita
1246 594 1320 660 XV.
1354 593 1467 678 galleis
1499 601 1531 658 et
1566 616 1672 678 supra,
1708 614 1804 654 unam
1838 588 1984 676 galleam

296 723 368 763 cum
394 699 480 785 ligno
504 703 651 766 venetico
676 701 783 766 facere
817 701 982 784 debemus,
1017 706 1044 766 si
1075 703 1169 766 nobis
1202 704 1394 786 imperatum
1426 700 1531 780 fuerit,
1563 708 1595 764 et
1630 699 1657 762 61
1696 697 1831 762 Venetia
1866 695 1986 760 fecerit

295 805 417 869 hostem
445 828 546 891 usque
569 805 705 870 Jadrum
729 807 782 870 vel
806 831 908 893 usque
929 807 1108 887 Anconam,
1135 830 1191 870 nos
1216 809 1298 871 sicut
1328 830 1392 870 una
1415 807 1529 869 ciuitas
1553 806 1622 868 eius
1647 804 1769 884 fecerit,
1792 801 1901 866 lacere
1926 799 1982 863 de·

295 911 420 976 bemus.
445 910 516 975 Hec
538 915 647 976 omnia
672 915 892 999 suprascripta
916 936 1017 1000 usquc
1042 917 1285 999 inperpetuum
1311 910 1489 997 adimplere
1512 912 1739 996 promittimus.

444 1016 515 1101 Ego
540 1017 670 1103 quidem
695 1017 885 1093 Warnsrius
910 1021 1081 1106 episcopus
1107 1019 1193 1102 Polo,
1220 1021 1289 1082 iuro
1314 1041 1413 1104 supra
1436 1027 1548 1081 sancta
1571 1017 1622 1080 dei
1639 1026 1778 1102 quatuor
1794 1011 1980 1096 euangelia,

295 1121 383 1208 quod
408 1146 427 1185 a
448 1125 596 1194 modain
620 1135 717 1188 antea
743 1125 914 1190 consilium
938 1137 970 1191 et
994 1125 1151 1189 arixilium
1176 1125 1255 1188 dare
1280 1124 1415 1189 debeam
1441 1124 1570 1187 dominc
1588 1121 1761 1186 Dominico
1778 1119 1979 1183 lltlauroceno

295 1227 415 1313 inclyto
440 1227 513 1292 duci
536 1229 755 1312 Venetiarum,
780 1254 818 1295 ac
841 1233 909 1295 eius
933 1233 1185 1312 successoribus,
1211 1233 1279 1294 sine
1306 1229 1417 1294 fraude
1441 1242 1473 1294 et
1504 1227 1587 1292 malo
1624 1229 1763 1312 ingenio,
1798 1233 1833 1289 ut
1866 1224 1980 1287 omnia

298 1333 361 1396 ista
385 1333 607 1419 compleantur
631 1345 663 1398 et
687 1359 706 1398 a
729 1335 856 1399 ciuibus
880 1335 965 1399 Pole.

444 1439 508 1504 Iste
533 1455 607 1503 sunt
629 1440 706 1505 ville
730 1464 792 1527 que
819 1443 1006 1506 iurauerunt
1030 1443 1166 1504 retinere
1191 1441 1344 1504 honorem
1367 1439 1452 1504 beati
1476 1438 1577 1502 Marci
1601 1436 1738 1524 apostoli
1768 1446 1799 1500 et
1834 1455 1978 1518 euange-

297 1543 369 1608 liste
395 1554 426 1607 et
449 1545 581 1609 obedire
605 1546 734 1610 domino
760 1547 832 1611 duci
858 1547 1076 1628 Venetiarum,
1103 1549 1133 1610 iu
1160 1547 1288 1630 primis:
1487 1547 1491 1560 '
1772 1551 1776 1558 '

443 1636 653 1732 Medoliuum,
678 1651 803 1732 Orines,
841 1651 1002 1734 Sisanum,
1035 1651 1193 1733 Asanam,
1234 1651 1454 1737 Popinianum,
1491 1647 1727 1736 Cipicliriones,
1761 1647 1979 1726 Hermsnum,

297 1755 497 1836 Zartianum,
541 1757 751 1840 Zisiniauum,
789 1759 964 1841 Arcanum,
1002 1757 1231 1841 Barbolanum,
1268 1757 1471 1835 Uricrauum,
1507 1755 1742 1836 Querniaaum,
1777 1753 1981 1832 Pomarium,

297 1860 511 1928 Tortilanum.
1294 1847 1299 1856 „

448 1967 520 2052 Ego
545 1967 702 2033 Viuianus
739 1971 875 2056 scriptor
910 1980 941 2034 61
975 1972 1118 2034 66166166
1148 1967 1366 2034 authenticum
1399 1965 1482 2030 istud
1514 1987 1586 2029 cum
1619 1965 1722 2030 tribus
1757 1963 1872 2048 sigillis
1905 1985 1983 2026 cere

294 2072 469 2156 sigillatum
495 2083 527 2137 et
552 2097 614 2138 uno
638 2074 749 2159 sigillo
774 2075 814 2140 de
841 2074 973 2162 plumbo
1007 2077 1110 2162 posito
1148 2099 1203 2162 per
1237 2082 1509 2161 prememoratum
1543 2073 1660 2138 ducem
1699 2071 1834 2162 vidiat
1868 2092 1981 2134 exem-

295 2177 381 2263 plaui
406 2188 465 2242 etc.

443 2325 573 2382 Priobcio
597 2328 634 2382 mi
656 2329 708 2386 Dr.
735 2330 872 2389 Kandler.

988 2517 1140 2599 LXIV.
1168 2517 1274 2602 1151.

233 2707 236 2718 ’
295 2691 1096 2774 11616611.1661166616111696661616666613616
1126 2715 1166 2755 66
1192 2695 1321 2770 protnjri
1354 2698 1543 2772 Tropiraaalr
1574 2699 1710 2758 6616161616
1735 2695 1978 2756 Kotomanovai

648 2805 766 2876 pooetja
784 2804 909 2876 pedona
928 2821 968 2876 po
993 2805 1070 2876 njem
1099 2807 1173 2862 seim
1193 2804 1352 2878 9661166666
1375 2803 1607 2864 determinatim.

442 2971 538 3037 Auno
563 2973 722 3038 dominice
748 2976 978 3039 incarnationis
1003 2971 1121 3038 MGLI.
1147 2977 1179 3038 in
1204 2997 1288 3038 anno
1312 2977 1405 3058 regni
1432 2977 1494 3038 mei
1517 2975 1561 3042 II.
1583 2975 1655 3059 Ego
1679 2973 1791 3060 Geysa
1813 2971 1980 3036 sccundus

295 3101 364 3158 rex,
389 3079 522 3142 secundi
547 3079 625 3143 Bcle
650 3083 735 3164 regis
758 3081 851 3160 lilius,
876 3090 1002 3165 sceptra
1026 3081 1151 3166 paterni
1173 3081 1273 3163 regni,
1300 3079 1423 3144 scilicet
1446 3079 1624 3164 Hungarie,
1644 3078 1818 3159 Dalmatis,
1835 3076 1981 3157 Oroatia,

293 3184 459 3268 Rameque
484 3187 552 3249 iure
575 3185 769 3250 hereditario
793 3189 953 3272 optinens,
979 3187 1048 3248 iuro
1073 3208 1172 3270 supra
1196 3197 1341 3250 sanctam
1366 3209 1496 3250 crucem
1520 3185 1615 3250 vobis
1639 3186 1841 3269 Tragurinis,
1875 3183 1981 3250 fideli·

294 3289 354 3352 bus
379 3291 460 3353 meis
485 3291 620 3372 ciuibus,
645 3292 769 3356 firmam
795 3316 917 3378 pacem,
942 3291 1039 3355 michi
1060 3300 1091 3354 et
1115 3291 1189 3356 liliis
1214 3295 1305 3375 meis,
1330 3303 1361 3356 et
1385 3291 1628 3356 successoribus
1651 3291 1813 3355 tributarii
1837 3313 1877 3352 nc
1895 3290 1981 3370 sitis,

292 3397 478 3481 episcopum
504 3419 581 3460 vero
606 3409 638 3460 et
662 3400 821 3476 comitem,
846 3421 941 3484 quem
968 3395 1072 3461 clerus
1096 3408 1151 3460 aut
1175 3397 1313 3484 populus
1338 3397 1481 3481 elegerit,
1506 3396 1715 3478 confirmabo,
1739 3405 1772 3459 et
1793 3393 1866 3478 lege
1889 3396 1978 3458 anti-

293 3503 401 3586 quitus
426 3504 599 3566 constituta
625 3527 682 3567 vos
707 3507 749 3568 uti
776 3507 959 3589 permittam
985 3525 1057 3566 cum
1081 3514 1188 3567 vestro
1213 3503 1327 3568 iudice.
1354 3503 1563 3588 Preterquam
1588 3504 1739 3566 introitus
1767 3511 1878 3588 portus
1895 3501 1978 3564 ciui-

292 3609 367 3670 tatis
391 3607 432 3670 de
458 3611 622 3672 extraneis
647 3609 879 3673 mercatoribus
909 3610 989 3672 duas
1021 3599 1127 3694 partes
1160 3630 1219 3674 rex
1248 3609 1376 3691 babeat,
1406 3612 1539 3674 terciam
1572 3631 1650 3672 vero
1682 3630 1790 3672 comes
1822 3607 1978 3688 ciuitatis,

293 3712 452 3778 decimam
476 3723 583 3778 autem
607 3718 789 3801 episcopus.
812 3715 849 3779 16
874 3717 1003 3780 ciuitate
1027 3737 1155 3801 quoque
1180 3725 1288 3778 vestra
1312 3715 1472 3779 neminem
1496 3713 1711 3799 Ungarorunr,
1744 3714 1796 3777 vel
1821 3713 1979 3797 alienige·

294 3841 407 3881 narum
432 3819 578 3884 habitare
604 3823 796 3906 permittam,
831 3823 891 3884 nisi
925 3843 1021 3906 quem
1055 3821 1203 3884 voluntas
1236 3830 1344 3884 vestra
1373 3822 1554 3906 expetierit.
1589 3818 1670 3884 (lum
1704 3827 1811 3884 autem
1843 3823 1884 3883 ad
1917 3842 1979 3883 vos

293 3927 506 4005 coronandus,
532 3936 586 3990 661
609 3927 778 3991 vobiscum
804 3929 895 4010 regni
919 3929 1048 4010 negotia
1071 3935 1264 3990 tractaturus
1289 3927 1464 4006 aduenere,
1489 3927 1608 3990 nomini
1634 3926 1753 3989 ciuium
1778 3927 1828 3988 vis
1857 3925 1979 3988 infora-

291 4038 343 4093 tur
365 4030 532 4095 domorum
557 4055 698 4115 suarum,
723 4035 784 4097 nisi
808 4055 904 4118 quem
921 4031 1049 4097 dilectio
1074 4042 1183 4097 vestra
1198 4034 1386 4117 susceperit.
1404 4031 1449 4096 At
1463 4033 1489 4095 si
1506 4032 1587 4096 forte
1604 4031 1777 4117 aliquando
1794 4030 1978 4094 dominium

292 4157 398 4200 meum
421 4135 562 4222 aliquem
586 4161 767 4224 aggrauare
791 4138 965 4220 videbitur,
990 4147 1022 4202 et
1045 4137 1126 4202 alias
1149 4140 1197 4202 ire
1221 4135 1370 4220 voluerit,
1395 4159 1507 4202 secure
1531 4160 1604 4202 cum
1629 4159 1742 4218 uxore,
1767 4145 1800 4201 et
1823 4135 1909 4215 liliis,
1941 4146 1976 4200 ct

291 4240 423 4322 familia,
448 4252 480 4306 et
503 4243 653 4308 omnibus
677 4247 744 4308 suis
769 4267 972 4330 quocumque
995 4245 1057 4309 sibi
1083 4243 1248 4329 placuerit,
1274 4253 1333 4308 cat.
1353 4241 1464 4324 Michi,
1489 4253 1545 4307 aut
1574 4242 1670 4308 alicui
1701 4251 1886 4307 nostrorum
1919 4241 1978 4323 lio·

293 4347 413 4411 minum
440 4347 562 4413 nullum
587 4350 790 4435 persoluetur
813 4351 966 4416 debitum.
993 4348 1134 4414 Obsides
1158 4373 1176 4413 a
1201 4349 1294 4414 vobis
1319 4349 1406 4414 nullo
1430 4349 1523 4413 modo
1542 4350 1705 4433 recipiam,
1731 4348 1845 4412 sedin
1871 4350 1977 4412 nostri

294 4455 383 4516 curia
408 4455 531 4518 seruire
555 4455 738 4520 volentibus
764 4481 873 4542 rogam
898 4455 1081 4542 inpendam,
1103 4465 1134 4520 61
1158 4454 1318 4519 *morandi
1354 4457 1422 4518 siue
1459 4454 1648 4519 discedendi
1683 4455 1725 4518 ad
1760 4476 1854 4518 snum
1890 4453 1977 4518 velle

292 4557 480 4624 facultatem
504 4561 678 4645 obtineant,
703 4550 890 4650 nullamque
915 4563 1007 4628 vobis
1033 4585 1129 4647 super
1154 4561 1215 4626 hoc
1235 4560 1413 4625 molestiam
1438 4561 1585 4624 inferam.
1611 4561 1749 4647 Insuper
1764 4561 1859 4625 vbbis
1876 4559 1974 4624 talem

292 4662 473 4728 libertatem
494 4667 644 4748 concedo,
669 4668 754 4754 quod
775 4668 882 4732 nullus
908 4668 1002 4732 homo
1027 4692 1099 4733 cum
1123 4667 1229 4752 sigillo
1253 4690 1311 4731 vos
1334 4666 1452 4733 audeat
1475 4689 1654 4732 conuocare
1680 4677 1773 4731 extra
1797 4669 1972 4732 ciuitatem.

292 4769 324 4834 Si
342 4769 468 4855 aliquis
493 4795 550 4856 per
574 4777 678 4837 merim
704 4797 837 4859 regnum
864 4784 1042 4838 vestrorum
1068 4775 1186 4838 ciuium
1210 4782 1296 4837 16666
1319 4775 1463 4858 marique
1493 4775 1623 4858 negotia
1654 4774 1844 4854 exercuerit,
1876 4772 1975 4836 miclri

292 4874 416 4940 nullum
442 4877 595 4942 tributum
621 4880 792 4965 persoluat.
824 4881 833 4916 ¹

440 5007 556 5066 Lucius.
582 5008 625 5062 De
649 5027 728 5080 regu.
752 5009 845 5063 Dalm.
871 5016 900 5064 61
923 5008 1016 5064 (16661.
1040 5007 1105 5064 Lib.
1131 5008 1180 5066 VI.
1205 5025 1267 5079 esp.
1291 5009 1326 5067 lI.
1354 5009 1463 5078 Farlati
1488 5009 1567 5080 illyr.
1592 5009 1669 5067 Sacr-
1690 5009 1738 5068 IV.
1764 5010 1837 5067 330.
1927 5058 1934 5070 .

447 5163 538 5222 ¹Niti
562 5165 661 5236 Lucic',
687 5168 737 5221 niti
772 5167 880 5222 Farlati
909 5167 1086 5238 nepriobttse
1114 5185 1132 5222 6
1163 5169 1272 5238 cjelosti
1308 5186 1362 5223 cru
1397 5169 1511 5238 listina,
1547 5168 1615 5238 koja
1644 5171 1675 5238 je
1710 5169 1780 5223 sada
1812 5167 1976 5240 izgobIJena

288 5253 391 5340 ilroju
412 5254 438 5308 iz
462 5254 589 5329 njihovih
614 5255 782 5313 odlomakah
806 5274 824 5309 u
844 5257 931 5330 jedno
955 5256 1089 5310 sastavih.
1114 5255 1203 5310 Lucic
1225 5256 1330 5328 dodaje
1358 5275 1377 5311 u
1401 5275 1478 5312 svom
1511 5257 1605 5328 djelu:
1637 5257 1791 5326 ,Memoris
1813 5257 1841 5311 di
1872 5255 1972 5311 'Fran‘
