4292 5926
301 405 343 470 76

299 607 355 663 aut
377 601 410 666 in
433 599 574 665 fauturum
598 603 807 666 concessione
832 601 1029 686 pontificum,
1054 601 1223 686 largitione
1246 623 1369 687 regum,
1394 600 1446 666 vel
1480 589 1673 689 principum,
1704 602 1869 668 damtione
1903 602 1986 667 lide·

303 703 392 785 lium,
418 703 470 769 vel
492 705 564 769 aliia
588 707 682 770 iustis
706 705 810 772 modis
836 715 997 792 prestante
1022 707 1152 772 domino
1176 708 1294 792 poterit
1316 707 1464 792 adipisci,
1485 706 1579 770 firma
1601 707 1660 770 tilri
1693 708 1821 794 tuisque
1852 727 1987 772 succes-

300 810 427 874 soribus
451 819 483 875 et
502 809 624 876 illibate
649 822 867 896 permaneant.
892 813 928 876 In
952 813 1070 898 quibus
1104 811 1165 876 hec
1195 813 1333 898 propriis
1368 811 1522 876 duximus
1554 811 1766 898 exprimenda
1795 811 1988 877 vocabulis:

301 916 423 981 Omnes
446 915 616 1002 parochias
640 915 681 981 ad
705 918 755 981 ius
779 918 951 981 commisse
975 917 1033 980 tibi
1057 916 1192 981 ecclesie
1217 918 1423 1002 pertinentes,
1447 915 1589 980 scilicet:
1620 939 1756 1000 regnum
1778 916 1984 998 Zaehulmie,

302 1043 435 1106 regnum
461 1019 598 1092 Seruilia
622 1031 654 1086 et
678 1043 812 1106 regnum
837 1021 1004 1102 Tribunie‚
1029 1023 1190 1088 ciuitatem
1216 1045 1345 1109 quoque
1368 1021 1625 1089 catharinensem
1650 1046 1707 1088 seu
1739 1023 1834 1102 Rose,
1860 1022 1987 1087 budus-

245 1189 260 1210 ,
303 1149 436 1190 nensem
460 1125 652 1209 Attarorum,
679 1127 923 1210 liciniatensem,
948 1125 1199 1209 scodrinensem,
1238 1129 1483 1210 driuasteneem,
1517 1141 1549 1194 et
1580 1128 1788 1215 polatensem,
1821 1151 1893 1193 cum
1927 1127 1987 1191 ab·

303 1229 409 1312 batiie,
434 1231 579 1296 ecclesiis
603 1241 636 1296 et
656 1231 818 1332 parpchiis
838 1233 916 1297 suis.
942 1231 1179 1297 Confirmamus
1203 1235 1298 1298 etiam
1324 1234 1416 1299 vobis
1435 1257 1547 1299 ornnes
1580 1235 1810 1320 possessiones,
1840 1255 1987 1322 quecun-

301 1357 363 1422 que
388 1335 474 1402 bona
496 1338 529 1400 in
553 1335 709 1420 ecclesiis,
733 1337 878 1419 decimis,
904 1336 1000 1420 villis,
1017 1337 1149 1422 colonis,
1166 1341 1263 1422 agris,
1282 1339 1412 1424 prediis,
1428 1339 1625 1422 nemoribus,
1644 1340 1815 1420 montibus,
1833 1337 1985 1419 collibus,

301 1441 404 1527 aquis,
430 1443 539 1527 protis,
564 1451 619 1506 aut
642 1442 840 1529 quibuslibet
863 1443 960 1508 rebus
983 1443 1056 1508 aliis
1088 1443 1260 1508 diocesano
1291 1443 1344 1508 vel
1379 1447 1588 1531 proprietarie
1621 1445 1844 1531 dispositionis
1878 1443 1986 1523 titulo,

85 1565 87 1572 ’
203 1635 207 1650 Ι
299 1547 444 1634 predicta
467 1550 619 1634 ragusina
642 1547 780 1614 ecclesia
800 1551 883 1614 iuste
907 1560 939 1613 ct
961 1550 1117 1614 canonice
1154 1551 1308 1636 possidet.
1345 1549 1445 1616 Pallei
1482 1573 1611 1638 quoque
1643 1573 1750 1632 nerim,
1786 1547 1987 1636 pontificalis

302 1651 454 1719 videlicet
477 1653 575 1719 officii
594 1653 841 1740 plenitudinem,
865 1651 1056 1718 humilitatis
1081 1664 1113 1718 et
1135 1655 1258 1719 iustitie
1282 1657 1423 1740 signnm,
1447 1657 1673 1721 admissorum
1691 1655 1873 1741 solempnia
1896 1653 1983 1720 cele·

303 1759 435 1841 brunda,
460 1760 544 1824 sieut
566 1759 826 1824 antecessoribus
850 1761 914 1823 tuis
937 1781 1111 1824 concessus
1134 1758 1235 1824 inisse
1256 1760 1441 1844 dinoscitur,
1467 1771 1498 1825 et
1522 1763 1555 1825 in
1578 1759 1755 1825 festinitate
1773 1760 1859 1824 beati
1877 1759 1983 1824 Blasii

300 1865 359 1930 tibi
386 1866 513 1950 tuisque
538 1863 778 1930 successoribus
810 1851 1000 1930 auctoritate
1024 1864 1200 1951 apostolica
1223 1865 1461 1934 confirmamus.
1493 1865 1590 1946 Quod
1618 1865 1668 1930 his
1703 1865 1818 1930 diebus
1844 1875 1982 1948 tanturm

305 1969 457 2036 adiuncto
481 1971 563 2036 festo
586 1971 672 2037 beati
695 1972 807 2056 Blasii,
830 1972 1013 2036 fraternitas
1036 1981 1091 2036 tua
1113 1973 1157 2038 uti
1182 1973 1374 2054 meminerit,
1407 1971 1525 2058 quibus
1556 1970 1815 2036 antecessoribus
1847 1971 1910 2036 tuis
1935 1970 1978 2034 ab

301 2077 480 2157 apostolica
500 2077 576 2142 sede
600 2087 725 2142 constat
748 2077 917 2142 indultum.
943 2077 1028 2142 Sane
1052 2096 1238 2142 sucessores
1262 2073 1333 2142 tuos
1356 2101 1376 2140 a
1400 2075 1493 2142 nobis
1518 2079 1701 2163 nostrisque
1737 2075 1984 2140 successoribus

300 2183 553 2247 consecrationis
570 2185 707 2270 gratiam
732 2185 764 2247 in
789 2194 978 2270 perpetuum
1003 2185 1206 2248 ‹lecernimus
1238 2191 1424 2270 recepturos
1468 2181 1685 2248 Decernimus
1715 2201 1803 2266 ergo,
1835 2189 1870 2244 nt
1901 2177 1982 2244 nulli

301 2289 430 2352 omniuo
455 2286 619 2352 hominum
656 2289 751 2352 liceat
784 2289 942 2376 prefatam
978 2289 1148 2356 eeclesiam
1180 2299 1301 2354 temere
1338 2288 1529 2375 perturbari,
1564 2299 1620 2352 aut
1651 2289 1738 2352 eius·
1757 2285 1982 2373 possessiones

305 2394 441 2475 auferre,
465 2389 516 2458 vel
541 2393 666 2460 ablatae
689 2396 837 2477 retinere,
862 2399 1015 2476 minuere,
1038 2420 1094 2461 seu
1119 2393 1317 2482 quibuslibet
1340 2395 1478 2480 fatigare
1502 2391 1668 2474 molestiis,
1701 2391 1757 2457 sed
1790 2391 1899 2457 omnia
1936 2391 1985 2454 in·

302 2507 393 2583 tegra
418 2509 649 2565 conserueutur
682 2524 803 2576 eorum,
838 2524 895 2588 pro
929 2523 1064 2588 quorum
1102 2501 1335 2586 gubernatione
1369 2509 1402 2564 et
1433 2499 1666 2564 sustentatione
1703 2519 1857 2574 concesse
1898 2505 1983 2576 sunt,

301 2605 413 2668 usibus
437 2605 628 2672 omnimodis
653 2609 830 2694 profutura,
854 2607 945 2672 salua
968 2607 1054 2672 sedis
1076 2606 1253 2692 apostolice
1277 2607 1479 2670 auctoritate.
1504 2604 1538 2668 Si
1563 2627 1627 2692 qua
1650 2604 1750 2687 igitur
1772 2605 1806 2666 in
1836 2601 1981 2666 futurum

300 2711 529 2794 ecclesiastica,
555 2713 776 2801 secularisque
798 2737 946 2801 persona,
971 2707 1053 2778 hanc
1077 2722 1185 2777 nostre
1208 2711 1447 2775 constitutionis
1471 2711 1644 2796 paginam,
1658 2710 1763 2774 sciens
1780 2715 1894 2772 contre
1911 2729 1985 2770 eam

304 2827 425 2884 temere
449 2821 560 2883 venire
583 2821 797 2908 temptauerit,
822 2821 973 2900 secundo,
998 2821 1134 2883 tertioue
1157 2819 1365 2899 commonita,
1387 2817 1451 2880 nisi
1484 2817 1754 2902 presumptionem
1787 2836 1877 2878 suam
1910 2835 1982 2912 con·

301 2947 383 3009 grua
412 2923 631 2988 satisfactione
667 2925 854 3006 eorrexerit,
887 2925 1064 3010 potestatis,
1100 2923 1295 3008 honorisque
1330 2923 1380 2985 sni
1415 2921 1572 3007 dignitate
1607 2929 1724 3000 eareat,
1757 2941 1911 3006 reamque
1949 2940 1984 2983 ss

300 3029 412 3094 diuino
433 3029 552 3094 iudicio
576 3031 715 3094 existere
733 3031 780 3094 de
806 3043 988 3116 perpetrata
1012 3028 1179 3116 iniquitate
1204 3037 1391 3114 cognoseat,
1415 3037 1448 3092 et
1470 3051 1490 3092 a
1521 3027 1739 3092 sacratissimo
1773 3047 1909 3108 corpore
1945 3045 1985 3088 ac

218 3171 221 3178 =
300 3137 458 3220 sanguine
482 3133 533 3198 dei
559 3120 591 3199 et
614 3121 735 3200 do'rnini
759 3135 971 3226 redemptoris
994 3137 1094 3200 nestri
1126 3135 1206 3200 Jesu
1237 3133 1358 3199 Christi
1393 3132 1500 3198 aliena
1535 3133 1603 3210 liat,
1639 3144 1737 3219 atque
1771 3133 1803 3196 iu
1833 3141 1980 3196 extremo

301 3243 461 3305 examinis
485 3241 629 3305 districte
652 3240 771 3305 ulcioni
797 3241 972 3306 subiaceat.
998 3239 1133 3305 Cunctis
1156 3248 1262 3304 autern
1286 3237 1390 3303 eidem
1416 3237 1486 3304 loco
1510 3262 1568 3304 sua
1599 3240 1670 3304 iura
1693 3237 1908 3318 sernentibus,
1942 3235 1984 3299 sit

302 3369 369 3431 pax
393 3346 513 3411 domini
539 3348 638 3412 nostri
661 3346 740 3412 Jesu
765 3345 896 3428 Christi,
920 3349 1072 3431 quatinus
1096 3353 1128 3410 et
1151 3344 1203 3409 hic
1226 3344 1365 3409 fructum
1390 3343 1473 3410 hone
1488 3345 1624 3409 aetionis
1642 3344 1832 3429 percipiant,
1850 3351 1883 3406 et
1898 3339 1983 3427 apud

305 3451 484 3516 districtum
511 3452 646 3516 indicem
672 3453 795 3538 premia
819 3464 929 3516 eterne
953 3453 1040 3538 pacis
1065 3451 1241 3516 inueniant.
1256 3449 1383 3520 Amen.
1406 3448 1523 3515 Amen.
1546 3449 1663 3514 Amen.

499 3557 534 3621 L.
555 3557 587 3623 S.
612 3555 684 3643 Ego
700 3557 895 3622 ‘Alexander
920 3558 1076 3623 catholice
1100 3556 1235 3622 ecclesie
1253 3558 1423 3648 episeopus
1449 3579 1491 3620 es.

428 3668 474 3746 ·†
496 3663 567 3748 Bgo
591 3664 777 3730 Bernardus
802 3667 982 3752 portuensis
1006 3673 1039 3728 et
1060 3673 1174 3728 sancto
1195 3661 1311 3727 Rufino
1335 3664 1506 3748 episcopus
1530 3683 1572 3725 εε.

453 3768 569 3853 †Eg0
593 3770 764 3836 Hubaldus
789 3770 947 3857 presbiter
968 3767 1142 3836 cardinalis
1165 3767 1250 3835 tituli
1317 3790 1343 3832 ε.
1412 3765 1527 3831 Crucis
1551 3768 1584 3829 in
1605 3763 1810 3830 Hierusalem
1836 3785 1879 3828 ss.

452 3873 568 3958 †Ego
591 3875 758 3940 Johannes
849 3925 865 3959 „
1043 3923 1058 3958 „
1199 3924 1214 3950 „
1327 3923 1340 3953 „
1411 3870 1583 3935 Anastasis
1608 3891 1650 3934 ss.

452 3981 568 4065 †Bgo
593 3981 749 4046 Albertus
811 3995 815 4002 ’
852 4031 867 4066 ,,
1044 4027 1059 4062 ,,
1201 4027 1217 4062 „
1328 4027 1343 4060 „
1412 3977 1579 4042 Laurentii
1602 3977 1635 4040 in
1657 3975 1783 4040 Lucina
1806 3995 1849 4038 ss.

453 4085 569 4170 †Ego
592 4085 677 4151 Boeo
850 4134 865 4169 „
1043 4135 1058 4167 „
1202 4135 1217 4168 ,
1327 4133 1342 4163 „
1412 4081 1612 4148 Pudentiaue
1636 4078 1719 4144 tituli
1745 4079 1941 4166 pastorisss.

453 4192 569 4276 †Bgo
593 4191 707 4257 Petrus
849 4241 863 4272 ,
1041 4242 1055 4271 „
1199 4241 1212 4271 ,
1323 4239 1338 4272 „
1408 4187 1575 4252 Laurentii
1598 4194 1632 4252 st
1653 4185 1790 4250 Damasi
1813 4206 1856 4250 ss.
1888 4185 1897 4222 ¹

452 4297 570 4382 ,sugo
594 4296 761 4362 lohannes
854 4347 868 4376 ,
1045 4346 1061 4382 ,‚
1202 4343 1218 4378 „
1327 4345 1342 4376 „
1413 4293 1516 4358 Murci
1539 4315 1582 4358 ss.

454 4401 568 4486 †Bgo
592 4403 781 4468 Theodinus
851 4451 866 4485 „
1044 4451 1060 4485 „
1200 4448 1216 4486 „
1327 4451 1340 4479 „
1410 4397 1527 4463 Vitalis
1551 4396 1633 4462 tituli
1655 4395 1789 4462 Vestina
1811 4417 1854 4462 ss.

455 4507 570 4591 †Bg0
594 4507 767 4573 Jacinthus
791 4507 945 4574 diaconus
1044 4525 1060 4590 ,·,
1152 4515 1262 4572 sancte
1285 4503 1388 4570 Maria
1412 4502 1647 4570 incramenta
1670 4525 1713 4567 ss.

457 4613 570 4696 †Bgo
592 4611 726 4678 Ardielo
856 4659 872 4695 „
1049 4661 1065 4696 „
1203 4661 1219 4697 „
1288 4609 1450 4676 Theodori
1474 4631 1525 4674 aa·

454 4718 570 4803 †Bgn
596 4717 747 4784 Ointhins
856 4769 871 4798 ‚,
1050 4767 1064 4798 ,
1204 4767 1218 4796 ,
1286 4716 1421 4782 Adriani
1444 4735 1487 4780 ss.

455 4823 571 4908 †h'go
595 4823 692 4910 Hngo
855 4873 870 4907 „
1049 4871 1062 4902 ,
1200 4869 1216 4904 „
1285 4819 1454 4886 Eustachii
1478 4821 1570 4883 iaxta
1593 4817 1748 4903 templum
1775 4817 1922 4904 Agrippe
1945 4839 1986 4882 ss.

455 4929 571 5012 †Ego
596 4927 735 4994 Vitellus
855 4977 871 5013 „
1050 4973 1066 5010 „
1203 4975 1218 5010 „
1288 4927 1393 5012 Sergii
1418 4935 1451 4990 et
1474 4923 1575 4990 Baebi
1595 4946 1638 4989 ss.
1734 4955 1738 4965 ·

455 5033 569 5120 ’sugo
591 5033 706 5099 Petrus
1045 5081 1061 5118 „
1199 5079 1215 5114 „
1286 5033 1386 5097 uarie
1408 5031 1443 5096 iu
1465 5029 1589 5114 Aqulro
1613 5050 1656 5092 ss.

470 5251 481 5288 ¹
504 5255 594 5311 lmalo
615 5253 645 5308 bi
667 5253 782 5325 stojstl:
805 5253 835 5308 iu
857 5253 992 5312 Damaso
