4254 5922
653 1243 917 1330 ccxxxlv.
946 1247 1037 1332 Oka
1063 1271 1101 1351 g.
1129 1249 1218 1333 sut.

104 1395 243 1457 remoue
266 1399 347 1472 krnlj
370 1398 476 1470 Galat,
499 1399 604 1460 aaran
617 1478 619 1484 Α
634 1401 779 1461 Januuru
802 1403 929 1476 bistupu
959 1403 1148 1474 soltnstomu,
1179 1405 1219 1462 du
1241 1403 1346 1478 inplet-t
1374 1403 1510 1478 ajemmu
1534 1406 1633 1464 launa
1662 1405 1721 1479 duo
1742 1421 1779 1464 au

627 1507 766 1582 kupljene
789 1509 828 1568 od
848 1507 936 1584 ajone
953 1511 1068 1584 posude
1089 1509 1259 1572 muslinslse.

355 1644 511 1710 Januario
536 1647 605 1712 viro
629 1646 807 1712 venerabili
831 1648 982 1734 episeopo
1006 1645 1194 1732 salonitana,
1217 1645 1435 1716 'l'heodorieus
1459 1671 1529 1718 rex.

257 1776 380 1844 Omnes
404 1779 534 1866 quidem
559 1781 713 1845 iustitiam
737 1780 842 1846 colere
866 1791 898 1846 et
920 1781 1094 1848 obseruare
1133 1782 1357 1866 praecipimus,
1390 1781 1446 1845 sed
1470 1804 1525 1846 eos
1550 1783 1699 1862 maxime,
1724 1782 1779 1868 qai

100 1884 214 1946 diuinis
239 1883 416 1949 honoribus
440 1889 616 1971 eriguntur,
652 1897 867 1974 utsupernae
899 1891 1021 1972 gratiae
1053 1887 1132 1952 fiant
1163 1887 1312 1972 proximi,
1342 1885 1417 1952 dum
1450 1912 1469 1952 a
1500 1899 1625 1952 terrena
1658 1888 1775 1952 luerint

102 1989 278 2076 eupiditate
301 1989 477 2080 longinqui.
501 1993 644 2059 Joannes
674 1995 782 2080 itaque
804 1993 904 2060 flebili
935 2017 993 2058 nos
1021 1992 1385 2080 allegatione'pulsauit,
1410 1995 1610 2058 sanctitatem
1635 2005 1775 2058 vestram

101 2119 165 2159 ase
189 2099 364 2182 sexaginta
386 2123 479 2165 oreas
511 2100 571 2165 olei
603 2099 644 2166 ad
676 2099 839 2188 implenda
874 2100 1051 2166 luminaria
1073 2103 1264 2186 suscepisse,
1287 2123 1422 2186 quarum
1447 2103 1602 2186 praetium
1624 2099 1685 2165 sibi
1709 2123 1779 2187 pos-

104 2200 181 2266 tulat
204 2213 356 2289 oportere
378 2209 514 2271 restitui.
539 2207 663 2271 Bonum
687 2208 816 2293 quidem
840 2217 965 2288 votum,
990 2208 1018 2272 si
1040 2215 1147 2270 tamen
1173 2229 1234 2268 non
1259 2205 1303 2270 ibi
1328 2205 1448 2291 aliquid
1473 2207 1645 2270 misceatur
1667 2205 1780 2271 aduer-

12 2311 14 2322 '
101 2329 179 2390 snm,
204 2331 281 2373 nam
308 2309 382 2376 licet
405 2313 524 2398 ubique
559 2313 673 2378 deceat
700 2315 856 2378 iustitiam
882 2311 1046 2395 custodiri,
1070 2313 1102 2375 in
1134 2311 1198 2375 illis
1230 2309 1327 2376 rebus
1351 2315 1492 2377 maxime
1513 2315 1696 2376 necessaria
1720 2323 1778 2395 est,

12 2493 13 2500 ἵ
101 2439 179 2501 qnae
204 2417 328 2482 diuinis
352 2417 517 2484 obtutibus
541 2420 728 2502 offeruntur,
751 2443 791 2483 ne
813 2429 963 2506 putemus
988 2421 1138 2505 ignorare
1171 2419 1264 2482 deum
1298 2419 1382 2483 unde
1403 2421 1549 2505 accipiat,
1573 2420 1598 2482 si
1623 2417 1779 2483 fraudatis

12 2553 14 2558 ·
100 2522 318 2589 oblationibus
341 2527 535 2612 acquiescat.
552 2527 603 2591 Et
638 2527 710 2590 ideo
734 2529 761 2590 si
785 2549 895 2591 veram
919 2527 1178 2614 quaerimoniam
1211 2527 1406 2602 cognoscitis
1432 2525 1652 2614 supplicantis,
1677 2529 1779 2590 consi·

101 2629 267 2694 deratione
290 2633 440 2715 iustitiae,
466 2655 560 2718 quam
586 2643 698 2697 sancta
723 2631 796 2717 lege
823 2631 1029 2719 praedicatis,
1054 2630 1149 2695 facite
1169 2655 1251 2718 quae
1284 2633 1365 2696 iuste
1398 2631 1565 2712 debentur,
1590 2635 1658 2695 sine
1681 2633 1779 2696 tardi-

100 2745 160 2799 tate
184 2739 322 2802 restitui.
347 2737 515 2818 Quatenus
538 2737 645 2804 nullus
670 2741 862 2824 ingemiscat
886 2738 979 2803 illata
1001 2737 1061 2802 sihi
1094 2729 1233 2824 perros
1257 2737 1356 2802 fuisse
1380 2737 1558 2824 dispendia,
1583 2758 1664 2824 quos
1688 2739 1780 2802 decet

12 2881 14 2928 3
101 2844 203 2925 potius
227 2853 395 2926 praestare
420 2847 593 2910 iuuamina.
626 2843 831 2932 Quapropter
853 2844 991 2926 studete,
1015 2854 1050 2907 ut
1075 2846 1131 2929 qni
1154 2867 1217 2907 non
1242 2843 1350 2908 solatis
1375 2867 1431 2930 pro
1458 2845 1583 2928 magnis
1607 2845 1702 2909 rebus
1726 2867 1780 2908 ex-

12 3297 17 3380 l

101 2946 224 3028 cedere,
252 2971 313 3012 non
337 2949 521 3032 videamini,
546 2973 642 3036 quam
665 2951 758 3034 absit,
784 2953 817 3016 in
844 2953 1003 3036 paruitate
1026 2973 1171 3037 peceare.

257 3061 417 3116 cassiodori
449 3062 551 3134 Opera.
576 3064 719 3120 Geneatae.
746 3065 840 3120 1637.

647 3277 924 3360 cccxxxv.
954 3219 1056 3359 'oro
1084 3299 1122 3378 g.
1150 3275 1243 3361 sos.

103 3425 245 3486 Teodorik
269 3429 348 3497 lereti
373 3427 478 3505 Gotaiz,
502 3430 644 3504 podujudi
666 3433 760 3490 tuctu
785 3418 911 3490 Simulus
944 3432 1006 3490 tout
1026 3431 1235 3505 predslojns'lsa
1258 3431 1353 3490 ducah
1389 3433 1519 3514 tenerrime
1553 3452 1572 3490 a
1608 3434 1779 3527 Dalmatia,

384 3537 489 3595 notate
510 3556 569 3606 mss,
591 3538 631 3594 da
653 3556 674 3596 u
696 3539 766 3610 istoj
783 3537 941 3610 poltrqjini
963 3556 1053 3598 resno
1076 3539 1221 3612 tetraduje
1240 3539 1313 3598 reule
1335 3537 1469 3610 debenus.

515 3663 657 3730 Simeoni
683 3667 752 3730 viro
777 3665 891 3732 illustri
915 3668 1037 3750 comiti,
1059 3665 1280 3732 Theudoricus
1306 3689 1375 3732 rex.

257 3807 414 3869 Amemus
438 3806 575 3892 publicis
608 3807 788 3871 actionibus
825 3831 978 3892 personas
1014 3811 1155 3873 inserere
1190 3831 1312 3872 morum
1337 3809 1496 3894 probitate
1519 3812 1719 3895 conspicuas,
1745 3825 1777 3874 ut

105 3931 157 3994 per
180 3910 339 3997 obsequia
363 3911 503 3976 fidelium
528 3911 621 3976 nobis
644 3925 769 3977 crescat
791 3914 936 3978 utilitatis
960 3925 1181 3997 augmentum.
1208 3915 1344 3986 Proinde
1369 3917 1584 3992 sinceritatem
1609 3917 1706 3980 animi
1732 3919 1776 3979 tui

104 4039 156 4101 per
178 4017 346 4104 praeclara
369 4017 561 4082 documenta
585 4031 763 4102 noscentes,
788 4020 957 4106 siliquatici
983 4019 1121 4102 titulum,
1146 4045 1239 4108 quern
1265 4021 1328 4084 lide
1353 4021 1566 4085 dominicatus
1590 4023 1658 4085 iure
1683 4022 1777 4086 dede*

104 4145 217 4204 ramus,
243 4126 444 4188 discussione
469 4125 651 4190 indictionis
676 4128 808 4212 primae,
847 4127 1018 4211 secundae,
1042 4127 1093 4191 vel
1117 4131 1228 4192 tertiae
1253 4152 1309 4213 per
1340 4131 1538 4212 prouinciam
1573 4127 1777 4210 Dalmatiam,

105 4231 259 4296 ordinatio
283 4231 341 4295 tibi
366 4241 475 4295 nostra
499 4235 677 4296 committit.
703 4231 746 4296 Ut
776 4233 945 4320 quodlibet
967 4234 1117 4301 damnum
1143 4233 1263 4303 fraudis
1285 4237 1422 4318 vestigio
1459 4233 1631 4319 publicum,
1656 4245 1686 4299 te
1712 4235 1775 4300 fue-

107 4337 143 4400 rit
163 4335 353 4423 explorante
375 4348 549 4423 repertnm,
575 4337 683 4424 procul
709 4338 805 4402 dubio
830 4341 949 4403 nostris
972 4341 1105 4403 aerariis
1130 4341 1301 4422 inferatur,
1333 4341 1409 4426 quia
1449 4363 1510 4402 non
1543 4351 1665 4424 tuntum
1691 4341 1777 4408 lucra

12 4473 14 4520 3
105 4446 273 4526 querimus,
299 4451 451 4529 qnantum
476 4466 581 4508 mores
606 4445 821 4509 subiectorum
837 4443 1078 4532 deprehendere
1096 4445 1296 4510 festinantius.
1321 4445 1491 4510 Praeterea
1512 4446 1660 4510 ferrarias
1688 4441 1776 4533 prae·

12 4535 14 4642 ξ
105 4548 204 4614 dietae
230 4549 411 4613 Delmatiae
435 4549 584 4614 cuniculo
604 4559 634 4613 te
651 4553 796 4614 veritatis
813 4551 962 4615 iubemus
980 4553 1151 4638 inquirere,
1169 4553 1222 4617 ubi
1241 4555 1379 4636 rigorem
1401 4549 1475 4615 ferri
1494 4553 1630 4637 parturit
1654 4563 1777 4616 terrena

12 4643 14 4674 ³
106 4656 247 4739 molities,
273 4667 305 4720 st
328 4659 402 4744 igne
433 4657 631 4744 decoquitur,
656 4670 691 4722 ut
714 4661 744 4722 iu
777 4659 925 4724 duritiem
958 4657 1176 4738 transferatur.
1212 4657 1296 4724 Hinc
1327 4655 1502 4721 auxiliante
1538 4657 1608 4742 deo,
1633 4657 1776 4722 defensio

106 4763 221 4846 patriae
245 4765 344 4846 venit,
379 4763 454 4827 hinc
485 4787 636 4848 agrorum
673 4763 792 4828 utilitas
824 4777 1022 4852 procuratur,
1055 4775 1087 4829 et
1118 4767 1151 4829 in
1180 4787 1256 4829 usus
1289 4763 1447 4828 humanae
1479 4765 1565 4826 vitae
1609 4764 1775 4849 multiplici

106 4868 292 4934 comoditate
316 4872 500 4958 porrigitur.
525 4871 614 4934 Auro
639 4873 699 4958 ipsi
726 4873 870 4958 imperat,
894 4881 926 4934 et
949 4873 1070 4936 seruire
1087 4873 1173 4953 cogit
1190 4869 1363 4958 locupletes
1381 4869 1577 4956 pauperibus
1595 4853 1776 4936 constanter

106 4979 241 5042 armatis.
267 4975 428 5042 Conuenit
451 4979 559 5064 itaque
583 4977 666 5042 hanc
690 4981 828 5065 speeiem
854 4977 1001 5063 diligenti
1030 4979 1237 5064 inquisitione
1262 4977 1380 5056 rimari,
1416 5000 1472 5062 per
1497 4999 1592 5062 quarn
1624 4987 1656 5038 et
1680 4975 1772 5040 nohis

107 5080 188 5148 lucra
211 5095 415 5170 generantur,
440 5097 471 5149 et
493 5083 640 5150 hostibus
665 5095 875 5172 procurantur
906 5085 1013 5149 exitia.
1040 5083 1118 5148 Esto
1142 5107 1219 5166 ergo
1243 5081 1283 5146 de
1314 5081 1456 5146 antefata
1489 5075 1689 5146 discretione
1713 5081 1762 5146 sol
1801 5123 1812 5152 .

106 5185 217 5272 licitus,
241 5202 273 5255 et
297 5191 327 5255 in
352 5189 490 5277 publicis
514 5191 704 5256 utilitatibus
721 5199 927 5276 temperatus,
944 5200 978 5254 ut
994 5199 1136 5254 nostrum
1155 5187 1343 5251 rationabile
1361 5183 1584 5270 compendium
1609 5187 1774 5252 crescendi

102 5293 159 5357 tihi
184 5299 285 5382 possit
308 5319 482 5384 procurare
509 5307 729 5382 augmentum.

260 5409 403 5465 cassidori
425 5397 647 5480 opera'Variaa.
670 5409 733 5465 Lib.
758 5409 809 5464 lll.
833 5409 885 5482 Ep.
911 5410 961 5466 25.

1653 5507 1693 5573 13
