4310 5918
1775 433 1837 500 lii

151 629 265 716 vigiles
289 654 356 714 noa,
381 632 436 718 qui
454 639 598 717 pastores
615 619 795 694 animarum
816 651 888 694 esse
912 627 1059 694 dicimus.
1080 625 1294 693 Attendentes
1311 628 1418 712 igitur,
1438 635 1473 692 ut
1489 635 1676 714 susceptum
1693 627 1834 694 officium

154 737 308 805 exhibere
340 760 418 822 erga
449 737 629 805 custodiam
665 735 901 802 dominicarum
934 737 1042 800 ouium
1068 757 1329 816 concessemus,
1356 757 1395 799 ne
1419 735 1451 798 in
1476 733 1527 800 die
1552 734 1655 799 diuini
1677 725 1838 800 examinis

152 865 207 928 pro
231 843 363 906 desidia
387 853 497 910 nostra
518 854 591 906 ante
616 865 775 906 summum
800 851 959 928 pastorem
986 841 1199 928 negligentiae
1224 863 1281 905 nos
1306 851 1412 906 reatus
1450 827 1624 923 excruciet,
1642 843 1727 907 unde
1744 840 1839 906 modo

152 948 290 1012 honoris
314 953 496 1012 reuerentia
519 949 603 1012 inter
626 959 749 1012 ceteros
774 947 977 1012 sublimiores
1009 947 1197 1012 iudicamur.
1229 946 1342 1031 igitur,
1367 946 1576 1014 dilectissime
1601 946 1708 1030 frater,
1734 949 1838 1034 petiti-

151 1055 267 1118 onibus
305 1055 369 1118 tuis
405 1056 497 1118 iustis
522 1063 710 1134 annuentes,
743 1054 918 1138 apostolica
948 1054 1136 1116 auctoritate
1168 1051 1380 1134 decernimus,
1413 1061 1447 1116 ut
1480 1075 1537 1138 per
1558 1051 1653 1117 huius
1677 1052 1838 1138 priuilegii

154 1161 254 1222 nestri
291 1161 456 1244 paginam,
489 1160 535 1224 sic
569 1159 805 1222 sanctissimam
837 1156 1044 1222 diocliensem
1070 1156 1238 1222 ecelesiam
1263 1179 1336 1220 cum
1360 1158 1510 1221 omnibus
1535 1160 1602 1222 suis
1626 1159 1837 1244 pertinentiis,

60 1335 64 1346 Ι
151 1265 396 1328 antibarensem
415 1263 583 1329 ecelesiam
602 1287 673 1328 cum
698 1264 846 1326 omnibus
864 1264 930 1328 suis
949 1263 1158 1348 pertinentiis,
1176 1271 1394 1328 scaterensem
1411 1261 1579 1327 ecclesiam
1599 1286 1670 1328 eum
1689 1264 1837 1330 omnibus

153 1370 218 1434 suis
237 1371 450 1454 pertinentiis,
468 1369 706 1456 palechiensem
727 1369 896 1434 ecclesiam
914 1391 985 1433 cum
1002 1369 1150 1433 omnibus
1168 1369 1234 1432 suis
1252 1369 1461 1452 pertinentiis,
1487 1370 1705 1433 suatinensem
1733 1368 1836 1436 eccle·

150 1475 229 1538 siam
250 1496 323 1538 cum
345 1475 494 1538 omnibus
512 1477 577 1539 suis
595 1475 805 1560 pertinentiis,
823 1474 1074 1539 diuastinensem
1093 1474 1263 1538 ecclesiam
1280 1495 1351 1537 cum
1371 1472 1519 1536 omnibus
1537 1473 1603 1537 suis
1625 1475 1835 1558 pertinentiis,

151 1577 388 1664 polatinensem
406 1579 574 1644 ecelesiam
599 1603 672 1644 eum
686 1579 833 1644 omnibus
851 1581 917 1643 suis
942 1579 1151 1666 pertinentiis,
1177 1561 1382 1642 serbiensem
1400 1576 1569 1642 ecclesiam
1590 1600 1662 1642 cum
1689 1581 1837 1646 omnibus

150 1686 216 1747 suia
242 1686 454 1769 pertinentiis,
479 1685 703 1750 bononiensem
728 1684 896 1750 ecclesiam
919 1709 992 1750 cum
1016 1685 1164 1750 omnibus
1188 1686 1254 1748 suis
1284 1685 1492 1770 pertinentiis,
1528 1685 1760 1752 tribuniensem
1786 1711 1837 1753 ee·

149 1789 283 1855 clesiam
308 1813 378 1855 cnm
403 1791 551 1856 omnibus
575 1793 642 1856 suis
668 1793 883 1898 pertinentiis⁸
918 1792 1110 1856 monasteria
1140 1811 1268 1875 quoque
1292 1799 1356 1854 tum
1389 1789 1575 1854 Latinorum
1605 1813 1701 1876 quam
1736 1789 1837 1858 Grae·

149 1918 259 1960 corum
283 1898 352 1960 siue
376 1895 563 1962 Sclauorum
588 1919 690 1978 cures,
712 1907 747 1960 ut
762 1897 854 1978 scias,
873 1905 904 1960 et
922 1896 1002 1961 haee
1026 1897 1133 1962 omnia
1155 1918 1249 1960 unam
1274 1894 1442 1960 eeclesiam
1469 1917 1549 1977 esse,
1568 1905 1662 1981 teque
1686 1897 1837 1962 omnibus

149 1999 327 2085 praedictis
342 2000 422 2064 locis
440 2000 612 2086 episcopali
637 2002 794 2085 regimine
819 2023 977 2086 praeesse.
1004 2001 1140 2066 Pallium
1165 2009 1271 2066 autem
1296 1999 1486 2064 fraternitati
1520 2008 1593 2064 tuae
1618 2024 1660 2064 ex
1684 2023 1773 2067 more
1796 2003 1837 2068 ad
1865 2009 1868 2020 '

150 2105 295 2168 missalia
319 2102 474 2168 solemnia
498 2105 700 2186 celebranda,
719 2109 801 2172 sieut
824 2107 1082 2172 antecessoribus
1104 2107 1166 2170 tuis
1190 2127 1379 2170 concessum
1403 2114 1460 2187 est,
1486 2107 1724 2172 concessimus:
1749 2107 1837 2172 vide·

150 2207 226 2272 licet
249 2211 284 2272 in
308 2208 407 2272 natali
424 2210 555 2292 domini,
573 2209 754 2297 epiphania,
779 2233 879 2274 caena
904 2211 1035 2294 demini,
1053 2209 1182 2296 paseha,
1214 2211 1412 2289 ascensione,
1437 2218 1632 2295 pentecoste,
1665 2212 1711 2275 sic
1739 2211 1838 2276 natali

150 2315 253 2378 saneti
271 2313 407 2378 Joannis
423 2313 591 2400 baptistae,
608 2315 823 2401 apostolorum
843 2316 928 2380 Petri
946 2329 976 2382 et
992 2315 1094 2394 Pauli,
1111 2325 1143 2380 et
1159 2325 1297 2401 quatuor
1312 2313 1540 2380 festiuitatibus
1558 2324 1688 2381 sanetae
1705 2314 1837 2400 Mariae,

149 2419 276 2482 scilicet
292 2420 468 2501 natiuitate,
485 2411 736 2501 annuntiatione,
756 2423 986 2506 purificatione,
1008 2423 1235 2507 assumptione,
1268 2430 1300 2485 et
1322 2419 1447 2484 duobus
1469 2419 1559 2486 festis
1577 2422 1679 2498 sancti
1702 2420 1831 2507 Angeli,

148 2524 193 2587 sic
211 2547 271 2610 pro
290 2524 442 2589 natalitiis
459 2525 1013 2612 quoqueduodecimapostolorum,
1032 2526 1129 2590 natali
1153 2527 1255 2591 sancti
1288 2523 1422 2609 Georgii
1454 2533 1486 2590 et
1512 2533 1694 2590 sanctorum
1728 2527 1835 2612 Sergii

150 2641 181 2692 et
205 2627 338 2709 Bacchi,
365 2638 397 2693 et
412 2629 594 2694 festiuitate
618 2633 759 2696 emnium
784 2641 977 2714 sanctorum,
1001 2640 1097 2717 atque
1122 2630 1219 2694 natali
1242 2641 1306 2713 tuo,
1323 2641 1356 2694 et
1384 2632 1509 2715 quoties
1533 2629 1765 2696 ordinationem
1784 2632 1837 2698 vel

151 2735 428 2800 consecrationem
454 2735 661 2802 ecelesiarum
687 2736 898 2824 celebramus.
918 2737 1092 2801 Hortamur
1117 2739 1224 2822 itaque
1241 2735 1429 2800 charitatem
1452 2743 1550 2817 tuam,
1574 2745 1609 2799 ut
1632 2739 1837 2802 moresvitae

150 2847 223 2904 tuae
248 2837 466 2905 tantehonori
485 2843 686 2924 conueniant,
711 2853 867 2928 quatenus
888 2851 1017 2906 auctore
1042 2842 1111 2923 deo,
1145 2841 1302 2927 exemplis
1337 2840 1508 2926 verbisque
1531 2841 1635 2925 possis
1659 2863 1730 2906 esse
1761 2865 1835 2908 con·
1905 2911 1913 2917 ,

150 2947 293 3030 spiceus.
319 2943 395 3010 Vita
417 2947 515 3030 igitur
538 2957 592 3012 tua
608 2947 681 3011 filiis
699 2949 761 3012 tuis
783 2949 824 3012 sit
846 2947 967 3032 regula,
985 2957 1028 3030 ut,
1051 2949 1162 3033 siqua
1185 2947 1337 3012 fortitudo
1365 2949 1396 3010 in
1422 2945 1485 3010 illis
1517 2945 1777 3031 deprehenditur,
1803 2951 1835 3014 iu

149 3073 186 3114 ea
209 3051 380 3134 dirigatur.
407 3049 473 3115 Cor
495 3073 572 3136 ergo
596 3062 695 3134 tuum,
720 3074 823 3138 neque
841 3073 1003 3137 prospera,
1023 3073 1105 3137 quae
1122 3051 1331 3136 corporaliter
1354 3050 1406 3114 bic
1430 3049 1647 3132 blandiuntur,
1665 3051 1832 3136 extollant,

150 3177 256 3242 neque
271 3156 409 3221 aduersa
431 3157 591 3238 deficiant,
616 3158 672 3222 sed
689 3151 846 3244 quidttuid
871 3158 949 3222 illud
974 3157 1078 3238 fuerit,
1103 3157 1232 3221 virtutis
1258 3157 1391 3241 paritate
1409 3155 1569 3220 deuincat.
1588 3155 1720 3220 Nullum
1746 3158 1833 3243 apud

149 3269 180 3326 te
203 3260 314 3326 locum
333 3265 390 3346 ira,
409 3263 527 3344 odium,
545 3262 667 3328 nullum
686 3263 774 3328 furer
791 3264 982 3328 indiscretus
999 3264 1152 3327 inueniat.
1171 3260 1290 3325 Sacrae
1310 3260 1551 3342 benedictionis,
1569 3263 1706 3346 iustique
1723 3263 1834 3328 iudicii

98 3443 103 3452 Ι
149 3387 230 3452 opus
255 3365 344 3432 nulla
368 3369 550 3434 venalitatis
575 3371 766 3434 interuentio
788 3369 1008 3432 commaculet.
1032 3367 1080 3432 Sit
1103 3369 1134 3430 in
1158 3377 1188 3432 te
1220 3376 1252 3430 et
1275 3365 1350 3430 boni
1383 3367 1521 3451 pastoris
1554 3366 1699 3449 dulcedo,
1727 3370 1768 3431 sit
1797 3379 1829 3434 et

151 3471 268 3536 iudicis
283 3493 397 3536 seuera
413 3473 579 3556 districtio,
596 3495 693 3538 unum
708 3475 839 3555 scilieet,
857 3474 943 3560 quod
962 3475 1148 3537 innocenter
1165 3473 1311 3536 sistentes
1328 3470 1444 3551 foueat,
1461 3469 1548 3534 aliud
1565 3472 1650 3556 quod
1671 3473 1834 3558 inquietos

150 3583 345 3663 aprauitate
362 3589 543 3664 conpescat.
567 3579 809 3644 Misericordem
828 3589 869 3657 te,
894 3588 988 3665 prout
1012 3615 1052 3626 -·-
1071 3615 1112 3626 -
1142 3579 1289 3664 patiatur,
1315 3576 1510 3662 pauperibus
1536 3575 1663 3658 exhibe,
1692 3581 1832 3664 opressis

151 3682 300 3748 defensio
316 3692 372 3748 tua
387 3683 567 3766 subueniat,
584 3683 903 3770 opprimentibusque
928 3683 1073 3748 modesta
1096 3686 1177 3748 ratio
1194 3683 1401 3748 contradicat.
1427 3679 1555 3746 Nullius
1579 3681 1691 3748 faciem
1722 3697 1834 3750 contra

151 3789 308 3852 iustitiam
330 3791 479 3874 accipias.
504 3789 634 3854 Nullum
660 3800 867 3876 quaerentem
891 3791 961 3854 iura
984 3788 1159 3873 despicias;
1189 3787 1334 3852 custodia
1370 3788 1402 3850 in
1428 3796 1459 3852 te
1483 3789 1653 3872 aequitatis
1684 3789 1831 3872 excellat,

150 3905 185 3958 ut
201 3917 262 3960 nec
280 3894 372 3960 diues
389 3895 531 3980 petentia
547 3915 605 3959 sua
621 3894 743 3980 aliquid
755 3895 840 3980 apud
854 3917 912 3960 vos
930 3887 1023 3959 extra
1035 3895 1120 3958 viam
1137 3893 1271 3958 suadeat
1284 3895 1415 3958 rationis
1431 3891 1560 3974 audere,
1581 3916 1641 3960 nec
1657 3915 1832 3982 pauperum

150 3998 190 4064 de
210 4021 246 4064 se
271 4021 332 4064 sua
350 4000 448 4064 faeiat
469 3999 633 4064 humilitas
657 4001 837 4086 desperare,
861 4010 1028 4085 quatenus,
1043 3999 1103 4064 deo
1123 4003 1303 4080 miserante,
1322 3999 1395 4064 talis
1411 4000 1515 4081 possis
1539 4002 1687 4083 existere,
1702 4001 1831 4087 qualem

151 4126 243 4170 sacra
256 4103 353 4170 lectio
366 4107 539 4192 praecepit,
555 4105 683 4170 dicens:
697 4115 823 4192 oportet
838 4108 1025 4192 episcopum
1042 4103 1357 4190 irreprehensibilem
1375 4125 1455 4168 esse.
1472 4103 1536 4168 Sed
1553 4103 1602 4168 bis
1623 4107 1772 4172 omnibus
1786 4109 1835 4198 qu

151 4210 326 4276 salubriter
344 4213 472 4296 poteris,
496 4213 523 4274 si
547 4211 736 4300 charitatem
761 4213 945 4295 magistram
977 4211 1137 4292 habueris,
1156 4233 1251 4296 quam
1269 4210 1324 4294 qui
1344 4219 1473 4274 secutus
1493 4207 1599 4293 fuerit,
1621 4233 1641 4276 a
1664 4223 1751 4282 recto
1773 4217 1833 4284 ali·

152 4316 284 4402 quaudo
299 4319 427 4382 tramite
451 4339 513 4382 nou
535 4317 666 4382 recedit.
691 4315 786 4398 Eece,
804 4315 901 4382 frater
922 4315 1119 4397 charissime,
1143 4317 1227 4380 inter
1250 4313 1351 4378 multa
1372 4313 1446 4398 alia,
1470 4317 1532 4380 ista
1555 4326 1630 4382 sunt
1652 4321 1832 4408 sacerdotii,

150 4425 211 4489 ista
234 4433 312 4489 sunt
334 4422 423 4510 pallii
446 4432 641 4506 ornamenta,
666 4445 749 4509 quae
773 4424 798 4488 si
823 4421 965 4488 studiose
990 4420 1223 4504 obseruhueris,
1240 4417 1327 4506 quod
1350 4419 1427 4486 foris
1451 4423 1614 4509 accepisse
1638 4427 1828 4512 ostenderis,

152 4529 237 4594 intus
262 4528 408 4594 habebis.
434 4525 526 4592 Crux
549 4529 643 4592 etiam
676 4539 751 4592 ante
783 4537 824 4607 te,
856 4529 940 4592 sicut
969 4535 1043 4590 ante
1076 4525 1342 4612 praedecessores
1374 4537 1457 4610 tues,
1490 4551 1546 4614 per
1578 4527 1774 4598 Dalmatiam
1800 4545 1832 4601 ct

153 4633 342 4700 Slauoniam
366 4624 484 4719 ubique
508 4643 648 4719 geratur.
673 4633 994 4720 Arcbiepiseopatum
1031 4654 1159 4718 quoque
1182 4631 1338 4698 ecclesiae
1362 4641 1435 4698 tuae
1460 4635 1550 4700 iuxta
1583 4635 1719 4704 formam
1733 4621 1831 4706 ‘sane
1904 4633 1909 4642 ¹

154 4749 258 4806 terum
285 4739 569 4826 praedecessorum
594 4750 730 4820 tuorum,
755 4763 774 4802 a
797 4761 932 4824 quornm
957 4739 1146 4802 auctoritate
1173 4761 1237 4803 uon
1261 4737 1361 4804 debes
1384 4739 1545 4822 aberrare,
1570 4743 1777 4810 concedimus
1801 4759 1834 4812 et

154 4847 392 4912 confirmamus.
414 4845 532 4910 Sancta
556 4847 681 4911 trinitas
704 4849 808 4930 gratia
839 4868 915 4910 suae
934 4845 1139 4930 protectionis
1156 4843 1388 4910 fraternitatem
1412 4855 1499 4910 tuam
1524 4848 1711 4931 circumdet,
1736 4862 1831 4938 atque

153 4951 184 5014 in
209 4953 333 5016 timoris
359 4953 407 5015 sui
432 4975 489 5015 vos
514 4953 599 5014 viam
634 4949 762 5036 dirigat,
788 4960 822 5014 ut
844 4966 917 5037 post
940 4949 1033 5014 huius
1058 4952 1142 5014 vitae
1175 4951 1431 5036 amaritudinem,
1463 4951 1503 5016 ad
1529 4963 1691 5019 aeternam
1725 4959 1830 5042 possis

154 5055 356 5122 dulcedinem
380 5059 559 5142 peruenire.
584 5057 671 5121 Bene
696 5056 810 5120 valete.

311 5161 412 5226 Sliedi
445 5169 556 5248 pedat:
590 5161 737 5227 Circulus
771 5161 970 5249 quadrifidus
1003 5165 1035 5230 in
1068 5163 1170 5230 forma
1205 5167 1309 5232 erucis
1334 5187 1405 5231 cum
1432 5127 1559 5232 nomine
1583 5165 1762 5230 Alexandri
1788 5165 1828 5233 Il.

154 5269 341 5334 circumirca
375 5267 556 5332 huiusmodi
589 5268 713 5334 habens
744 5272 1004 5356 inscriptionem:
1036 5271 1301 5338 EXALTAUlT
1326 5271 1389 5336 ΜΕ
1412 5269 1531 5338 DEUS
1555 5269 1602 5336 IN
1627 5269 1826 5342 VIRTUTE

50 5407 56 5416 -
151 5371 335 5440 BRACHII
358 5371 439 5438 SUI.
