4310 5918
263 379 307 444 90

256 573 344 640 dium
368 576 452 642 iuste
479 585 510 640 et
534 574 682 660 legaliter
706 577 940 662 pertinentibus
963 581 1060 662 agris,
1086 579 1186 662 siluis,
1212 582 1320 666 pratis,
1346 581 1484 666 pascuis,
1511 581 1615 666 aquis,
1639 601 1863 667 aquarumque
1889 579 1943 643 de·

255 679 409 770 pursibus
425 703 465 746 ac
482 679 684 763 molendinis,
703 683 859 767 quaesitis
875 695 906 746 et
924 684 1133 769 inquirendis.
1152 684 1173 748 J
1177 687 1317 750 ussimus
1333 697 1439 750 autem
1461 685 1521 752 boc
1538 696 1745 773 praeceptum
1771 685 1945 765 conscribi,
1996 767 2006 776 .

258 792 294 848 ut
309 784 393 848 idem
418 785 554 852 clericus
572 785 788 871 Dieprechtus
813 787 901 852 nullo
917 789 1157 856 contradicente
1181 790 1242 854 boc
1267 767 1458 876 potestatiue
1481 791 1654 877 possideat,
1680 790 1767 878 quod
1791 794 1821 854 ei
1845 790 1944 856 dona·

257 889 371 970 nimus,
396 890 481 976 quod
507 913 585 956 vero
602 894 722 977 scripto
739 893 1002 958 confirmauimus
1026 905 1059 960 et
1077 892 1162 960 anrrli
1201 897 1301 960 nostri
1326 897 1537 982 impressione
1562 898 1713 962 iussimus
1740 897 1943 960 communiri.

414 994 550 1079 Signum
575 996 696 1060 domini
721 1000 923 1064 inuictissimi
949 1002 1034 1084 regis
1475 1007 1528 1170 Τ

413 1100 562 1168 Lutolfus
584 1102 796 1168 cancellarius
821 1103 862 1168 ad
888 1106 990 1169 vicem
1018 1105 1188 1170 Bruncnis.
1313 999 1473 1192 T*—

399 1179 535 1270 Datum
561 1207 634 1271 idus
657 1207 835 1290 Februarii,
861 1210 955 1273 Anno
979 1213 1209 1276 incarnationis
1232 1211 1353 1276 domini
1378 1209 1863 1297 DOOOCLX(1)indiottone
1887 1208 1945 1274 IV.

257 1320 411 1395 regnante
433 1313 487 1399 pio
511 1335 587 1399 rege
610 1311 728 1378 Ottone
758 1337 842 1380 anno
865 1315 993 1382 XXIII.
1020 1315 1247 1412 Regeneperg.
1262 1316 1410 1382 Haecin
1434 1317 1573 1382 domino.
1597 1211 1715 1382 Aulen.

418 1470 533 1525 Fekete.
559 1470 763 1555 Diplomatarie
786 1489 867 1528 sacra
890 1473 961 1527 Duc.
991 1471 1111 1542 Styriae.
1134 1479 1184 1527 str.
1211 1473 1238 1527 7.
1260 1473 1401 1546 Beitritge.
1425 1473 1552 1530 Steierm.
1577 1473 1611 1528 V.
1637 1473 1690 1527 98.

770 1629 789 1662 Ι

745 1762 787 1845 G.
814 1765 908 1848 aaa.
936 1765 1001 1847 tu.
1029 1761 1204 1866 siclinio.
1233 1764 1270 1847 U
1295 1763 1459 1866 cglan.

314 1957 468 2019 liodoaldo
490 1959 650 2032 patriorltc
676 1959 815 2035 Oclujslsi
838 1961 981 2035 sposas'aje
1005 1962 1158 2035 ruaorenJ'e
1180 1961 1312 2034 Rovinja
1335 1980 1355 2020 a
1378 1963 1454 2020 latri
1471 1980 1513 2036 po
1537 1961 1688 2035 Sloojeail
1711 1955 1885 2042 (Hroctil).

418 2129 454 2193 ln
479 2133 608 2195 nomine
632 2133 732 2217 patris
767 2142 798 2196 et
821 2131 877 2196 lilii
910 2140 942 2196 et
973 2133 1103 2220 spiritus
1136 2135 1249 2196 sancti.
1282 2131 1468 2199 Rodoaldus
1502 2156 1641 2220 superno
1679 2154 1811 2196 munere
1843 2129 1948 2196 fretus

263 2245 392 2298 sanctae
436 2235 645 2322 aquileiensis
685 2237 840 2302 ecclesiae
875 2236 1005 2300 humilis
1036 2236 1227 2323 patriarcha.
1265 2238 1418 2324 Legimus
1453 2249 1513 2304 etc.
1553 2277 1589 2288 -
1624 2235 1830 2324 Quapropter
1864 2229 1949 2301 baec

262 2349 374 2404 sancta
399 2351 570 2427 praecepta
593 2341 689 2406 altius
712 2345 882 2423 intuentes,
910 2341 1161 2428 diligentiusque
1195 2342 1445 2424 considerantes,
1482 2343 1655 2430 quemdam
1691 2354 1836 2407 nostrum
1861 2343 1947 2428 epis·

259 2465 375 2530 copum
404 2449 615 2532 parentinum,
640 2447 765 2513 scilicet
791 2447 971 2528 eeclesiam,
990 2469 1107 2532 magna
1123 2449 1230 2533 inopia
1247 2457 1278 2512 et
1294 2446 1476 2514 calamitate
1492 2471 1680 2535 oppressam
1703 2457 1948 2532 cognoscentes,

260 2549 365 2615 eidem
390 2572 447 2636 pro
483 2549 534 2617 dei
558 2574 667 2618 amore
689 2563 787 2639 atque
803 2554 906 2618 sancti
922 2551 1027 2616 Mauri
1045 2554 1205 2638 martyris,
1230 2554 1374 2639 corporis
1397 2555 1490 2618 euius
1514 2557 1546 2618 in
1572 2552 1694 2618 honore
1719 2552 1860 2618 dicatum
1885 2561 1945 2631 est,

263 2675 323 2719 nec
346 2675 410 2722 non
434 2677 491 2740 pro
516 2659 669 2742 petitione
703 2669 736 2722 et
763 2659 908 2722 oratione
939 2658 1215 2742 suffraganeorum
1250 2667 1430 2722 nostrorum
1463 2659 1690 2744 episcoporum
1714 2656 1947 2736 histriensium,

264 2757 420 2844 Gaspaldi
443 2760 594 2848 polensis,
629 2763 765 2828 loannis
801 2765 1058 2848 argentinensis,
1086 2773 1117 2826 et
1148 2763 1285 2828 loannis
1319 2764 1461 2828 ciuitatis
1484 2761 1607 2844 Nouae,
1640 2785 1680 2826 ao
1704 2785 1761 2849 pro
1798 2761 1946 2826 consulto

259 2866 402 2929 omnium
419 2864 608 2932 clericorum
629 2877 820 2950 nostrorum,
838 2869 997 2954 graduum
1010 2869 1298 2956 uniuersorumque
1322 2879 1503 2934 nostrorum
1520 2866 1663 2934 fidelium
1677 2867 1822 2950 consilio,
1839 2877 1873 2932 et
1888 2889 1947 2952 pro

260 2991 419 3035 consensu
443 2970 592 3037 aduocati
618 2975 717 3038 nostri
741 2971 873 3056 Azouis,
898 2973 1061 3061 quandam
1093 2983 1220 3055 terram,
1253 2995 1337 3061 quae
1370 2975 1410 3040 de
1434 2983 1543 3040 nostro
1565 2976 1763 3062 episcopatu,
1787 2973 1947 3060 nobisque

260 3085 453 3163 nostraeque
478 3077 633 3144 ecclesiae
671 3063 818 3164 pertinet,
842 3078 1020 3144 Rubinensi
1051 3079 1189 3159 nomine,
1219 3079 1305 3166 quod
1336 3080 1443 3162 etism,
1472 3079 1534 3146 beu
1565 3077 1770 3167 prohdolor,
1801 3101 1949 3166 nupera

259 3180 406 3248 nefandis
430 3181 556 3248 Sclauis
572 3207 611 3249 ac
634 3183 722 3249 duris
740 3184 886 3250 barbaris
913 3184 1121 3264 destructum,
1146 3183 1250 3249 Adam
1268 3183 1430 3271 praefatae
1447 3184 1603 3250 ecclesiae
1625 3186 1787 3271 episcopo,
1811 3185 1949 3270 eiusque

260 3288 501 3354 successoribus
526 3288 702 3374 praefatam
725 3300 844 3354 terram
872 3271 1091 3354 concedimus.
1116 3289 1243 3375 (Ostalo
1267 3288 1503 3376 iacetavljeno).

418 3391 536 3458 Actum
560 3395 593 3457 in
617 3395 747 3458 ciuitate
779 3393 948 3480 Aquileiae
973 3394 1059 3459 sedis
1083 3394 1135 3459 die
1160 3396 1318 3481 vigesima
1337 3398 1457 3461 mensis
1479 3396 1638 3479 Ianuarii,
1663 3395 1837 3462 indictione
1862 3418 1944 3459 vero

140 3494 145 3499 ’
259 3497 573 3584 ccuua,(1x)anno
590 3509 696 3563 autem
717 3502 944 3564 incarnationis
961 3500 1081 3564 domini
1099 3503 1198 3564 nostri
1214 3505 1455 3586 nongentesimo
1472 3504 1675 3588 sexagesimo
1692 3511 1784 3567 sexto
1797 3501 1947 3566 feliciter.

420 3647 555 3703 Kendler.
579 3647 685 3704 Codice
706 3649 785 3720 Dipl.
810 3648 940 3705 latriano.
964 3649 1010 3704 Ad
1033 3648 1067 3704 A.
1094 3649 1167 3708 966.

742 3936 807 4020 01.
835 3939 927 4023 969.
956 3939 1002 4020 15
1046 3939 1215 4044 Srpnja.
1247 3939 1284 4022 U
1314 3939 1470 4021 zadru.

293 4084 395 4173 Apula
416 4099 463 4158 att
486 4100 626 4160 Dabrona
649 4103 776 4192 calcalia
798 4103 957 4176 operatam
979 4103 1069 4170 nictu
1092 4103 1206 4176 imanja
1227 4105 1400 4162 scmoatcnu
1422 4063 1540 4176 asclepa
1564 4103 1722 4160 Krdeoonc
1746 4120 1766 4162 a
1790 4102 1905 4162 Zodru.

418 4271 454 4334 ln
480 4269 599 4335 Christi
633 4273 761 4337 nomine
785 4283 817 4336 et
840 4271 983 4336 eiusdem
1017 4295 1100 4336 anno
1136 4273 1369 4336 incarnacionis
1406 4269 1724 4337 DOOCOLXVIIII.
1760 4271 1945 4337 Indictione

260 4375 337 4440 XII.
362 4375 430 4441 Sub
453 4376 505 4441 die
529 4377 595 4442 fere
619 4380 731 4463 quinto
755 4378 882 4443 decimo
901 4401 1009 4443 mense
1030 4377 1120 4443 Julii.
1146 4377 1182 4442 In
1209 4379 1339 4442 ciuitate
1362 4377 1491 4442 ludera.
1516 4377 1754 4464 Imperantibus
1786 4378 1946 4463 piissimis

262 4492 294 4546 et
318 4484 481 4568 perpetuis
505 4486 651 4569 augustis
677 4483 888 4550 Constantino
905 4494 937 4548 et
958 4483 1089 4547 Basilio.
1107 4481 1273 4548 Cathedra
1297 4481 1472 4570 pontificali
1490 4493 1622 4567 regente
1648 4479 1771 4546 Basilio
1789 4483 1945 4569 episcopo

261 4594 293 4650 et
316 4585 445 4651 domino
469 4587 555 4653 Maio
591 4591 707 4675 priore.
744 4589 910 4654 Maturiori
937 4610 1073 4674 iramque
1097 4599 1129 4652 et
1152 4586 1272 4652 salubri
1297 4586 1430 4652 oonsilio
1454 4610 1473 4650 a
1496 4587 1671 4652 maioribus
1693 4588 1857 4673 prouisum
1883 4598 1947 4667 est,

260 4703 296 4757 ut
319 4693 423 4756 omnis
447 4692 542 4758 homo
566 4704 640 4760 ante
663 4695 851 4781 dispensare
868 4705 901 4759 et
917 4693 1097 4759 deliberare
1120 4715 1194 4758 suras
1210 4693 1379 4758 facultates
1399 4691 1515 4757 debeat
1531 4693 1629 4778 prius,
1654 4715 1750 4778 quam
1775 4693 1945 4778 repentine

259 4796 452 4862 calamitatis
468 4821 545 4865 casu
569 4799 769 4886 periculo-
790 4839 829 4848 -
849 4809 958 4864 eterne
971 4801 1083 4863 mortis
1100 4807 1187 4863 metu
1206 4809 1350 4884 urgueat,
1368 4821 1407 4862 ne
1425 4799 1592 4862 differente
1608 4795 1799 4862 deliberatio
1815 4807 1872 4862 aut
1893 4821 1947 4862 ar·

260 4901 392 4968 ticulum
416 4943 460 4952 -
487 4943 522 4953 -
550 4943 591 4954 -
626 4917 677 4971 eat
702 4907 743 4988 vi,
768 4916 823 4970 aut
846 4905 1036 4969 distributor
1067 4907 1098 4969 in
1124 4903 1235 4969 ultima
1259 4907 1402 4990 corporis
1425 4905 1575 4988 angustia
1598 4941 1947 4954 ------

261 5018 369 5094 optata
389 5011 519 5075 sibimet
543 5014 713 5076 testatione
744 5011 907 5097 explicare
939 5033 1001 5074 non
1033 5019 1129 5096 queat
1152 5047 1195 5057 -
1220 5011 1258 5057 -’
1288 5047 1321 5057 -
1349 5046 1388 5058 —·-
1417 5047 1451 5057 -
1481 5007 1649 5094 (Agapita)
1677 5009 1843 5094 peccatrix
1875 5008 1945 5076 lilia

262 5115 373 5179 Dabro
395 5115 523 5197 tribuni,
542 5116 651 5180 diuino
675 5118 839 5180 iuuaminc
860 5153 1130 5164 -----
1151 5137 1248 5200 super
1266 5117 1427 5200 proprium
1450 5135 1555 5178 meum
1569 5113 1766 5180 decumbens
1780 5113 1948 5198 lectulum,

263 5223 338 5287 licet
361 5223 485 5286 viribus
512 5259 812 5270 ------
842 5231 946 5284 mento
967 5220 1027 5294 deo
1057 5221 1234 5286 auxiliante
1251 5231 1327 5286 tuta.
1351 5221 1481 5305 integro
1504 5231 1611 5286 autem
1633 5220 1768 5286 consilio
1791 5219 1878 5286 bunc
1905 5259 1947 5272 -

262 5363 637 5377 ------
662 5327 689 5390 is
713 5327 753 5392 de
777 5325 953 5392 hereditate
971 5337 1090 5408 nostra,
1112 5327 1253 5392 scribere
1275 5328 1470 5411 rogauimus.
1495 5327 1544 5391 Ita
1567 5326 1697 5392 demum
1721 5363 1756 5376 ›-
1775 5364 1814 5376 -
1842 5363 1880 5376 -
1915 5367 1945 5378 -
