4300 5930
1800 368 1844 438 et

158 573 191 630 et
215 566 288 630 laici
308 564 462 650 dicerent,
488 563 575 653 quod
600 563 846 652 archiepiscopo
870 573 990 648 nostro,
1011 563 1140 651 quando
1157 563 1198 630 ad
1216 565 1441 650 imperatorem
1459 563 1841 652 constantinopolitanum

158 671 212 736 vel
231 693 342 757 regern
367 669 513 756 Ungarie
537 681 623 735 esset
656 672 769 750 iturus,
804 670 999 736 adiutorium
1034 670 1142 736 facere
1175 669 1346 752 deberetis,
1384 669 1549 756 predictus
1580 669 1843 757 archiepiscopus

162 777 286 841 auditis
308 784 340 841 et
365 777 504 860 cognitis
528 776 710 841 rationibus
740 777 859 841 restria
890 774 1025 840 eandem
1060 777 1311 840 contrauersians
1347 775 1411 840 fine
1443 797 1586 860 congruo
1618 775 1775 855 definiuit,
1812 786 1844 840 et

160 903 221 945 vos
253 881 295 945 ab
331 879 516 946 huiusmodi
551 881 720 946 exactione
756 879 940 960 absoluens,
967 880 1007 944 ad
1032 880 1199 968 exemplar
1229 879 1313 944 bone
1345 883 1499 944 memorie
1528 879 1647 946 Gaudit
1679 881 1842 968 quondam

158 984 406 1072 archiepiscopi,
431 985 526 1050 vobis
550 985 743 1067 libertatem,
767 1007 862 1072 quam
888 984 1066 1068 habebatis,
1083 987 1274 1052 auctoritate
1292 985 1468 1071 pontificali
1486 985 1717 1052 corroborauit.
1737 985 1842 1066 Quam

160 1094 273 1178 utIqus
297 1089 478 1156 libertatem
502 1093 619 1156 restris
643 1092 736 1156 iustis
761 1090 1039 1178 postulationibus,
1063 1100 1155 1176 grato
1179 1101 1390 1156 concurrente
1421 1113 1566 1174 assensu,
1599 1090 1763 1156 deuotioni
1787 1115 1840 1156 ve-

161 1207 238 1279 stre,
271 1198 461 1262 anctoritate
496 1195 674 1283 apostolica
709 1196 947 1277 confirmamus,
982 1207 1025 1290 et¹
1045 1199 1205 1284 presentIs
1236 1197 1347 1282 scripti
1382 1197 1560 1284 patrocinio
1596 1199 1841 1262 communimus.

163 1297 361 1385 statuentes,
387 1313 421 1368 ut
444 1303 522 1369 nulli
547 1304 677 1370 omnino
698 1302 863 1368 bominum
888 1301 985 1368 lleeat
1008 1303 1092 1368 banc
1125 1305 1276 1390 peginam
1308 1312 1416 1367 nostre
1447 1303 1699 1376 confirmationis
1730 1302 1840 1367 infrin-

160 1431 249 1493 gere,
274 1408 327 1474 vel
351 1409 380 1473 ei
405 1408 609 1496 aliquatenus
634 1412 804 1476 contraire.
829 1408 862 1474 si
887 1410 959 1495 qula
982 1419 1089 1473 autem
1115 1408 1176 1472 lroc
1198 1417 1389 1494 attemptare
1416 1409 1653 1494 presumpserit,
1690 1408 1837 1493 indigua·

163 1516 284 1578 tionem
310 1517 537 1601 omnipotentis
561 1515 613 1580 dei
638 1525 670 1579 et
693 1515 858 1580 beatorum
885 1514 969 1578 Petri
995 1526 1026 1578 ct
1049 1513 1140 1578 Pauli
1164 1511 1382 1600 apostolorum
1402 1513 1471 1576 sius
1502 1535 1537 1577 se
1570 1514 1697 1578 nouerit
1731 1513 1837 1578 incur·

158 1642 282 1684 surum.
307 1619 427 1685 Datum
452 1619 581 1686 Verulis
606 1619 677 1686 VII.
704 1619 861 1686 kalendas
885 1618 964 1684 iulii.

309 1817 427 1872 Farlati.
450 1817 596 1888 Illyricum
620 1815 748 1872 Sacrum.
773 1817 808 1876 Τ.
835 1815 888 1874 III.
912 1822 960 1874 str.
989 1817 1060 1871 192.

733 2107 909 2192 uxvll.
936 2106 1027 2189 (ltro
1053 2107 1148 2206 god.
1179 2107 1288 2190 1170.

159 2290 296 2368 Resona,
320 2291 443 2363 epatica
464 2306 507 2348 aa.
532 2289 650 2363 Martie
679 2305 699 2347 u
736 2287 848 2359 Ζαᾱηι,
876 2289 980 2362 prima
1007 2305 1029 2346 u
1064 2291 1217 2347 samostan
1251 2287 1263 2346 ἑ
1296 2305 1318 2346 a
1352 2287 1547 2360 odtronjenje
1580 2289 1686 2362 ojetop
1720 2288 1845 2362 dicdcdra

380 2395 504 2465 Praeda,
529 2395 633 2470 lrojepa
649 2396 684 2467 je
707 2395 815 2454 istomu
837 2397 1012 2454 samostanu
1030 2393 1160 2468 predata
1183 2393 1357 2468 amiraiuda
1381 2395 1503 2466 epatica
1525 2394 1630 2454 Stena.

309 2581 405 2648 Anno
429 2581 470 2646 ab
489 2583 711 2647 incarnatione
736 2581 858 2646 domini
884 2581 1056 2646 millesImo
1084 2582 1261 2646 centesimo
1292 2583 1542 2667 septuagesimo,
1575 2581 1750 2649 indictione
1783 2583 1844 2649 III.

156 2691 232 2775 Ego
257 2695 396 2774 namq'ue
420 2689 559 2765 Rosana,
582 2689 712 2754 cenobii
734 2699 846 2753 sancte
872 2687 975 2751 Maris
999 2686 1174 2768 abbatissa,
1200 2687 1296 2750 iubeo
1320 2687 1476 2753 cartulam
1510 2689 1743 2754 recordationis
1774 2689 1846 2754 fieri

157 2795 201 2861 de
224 2795 295 2875 hoe,
320 2794 406 2882 quod
430 2793 539 2877 Stena,
563 2816 648 2859 uxor
672 2791 792 2858 Gaudii
815 2791 1004 2872 Nedosecci,
1030 2793 1198 2858 moriendo
1223 2815 1357 2879 puerum
1392 2816 1492 2858 unum
1524 2796 1654 2860 nomine
1685 2795 1844 2860 Pruosum

158 2904 356 2966 monasterio
380 2901 474 2966 beate
497 2901 599 2966 blarie
623 2899 757 2966 tradidit
780 2900 834 2964 tali
861 2900 965 2980 modo,
990 2910 1022 2964 et
1045 2899 1239 2980 conditione,
1267 2909 1301 2962 ut
1323 2897 1549 2965 illurnliteras
1573 2901 1745 2982 discamus,
1770 2912 1802 2965 et
1817 2902 1844 2965 si

159 3009 331 3094 peruenire
358 3008 474 3093 poterit
497 3005 538 3072 ad
563 3006 789 3087 sacerdotIum,
815 3007 985 3092 peruenire
1009 3005 1174 3085 faciamus,
1193 3007 1220 3070 si
1238 3013 1345 3068 autem
1362 3006 1432 3090 ipse
1449 3005 1656 3091 superbuerit
1672 3017 1703 3070 et
1719 3006 1844 3070 discere

161 3113 313 3195 noluerit,
338 3115 370 3178 in
396 3114 463 3177 vita
487 3115 765 3178 sua'nronasterlo
788 3113 916 3192 seruiat,
940 3111 1092 3197 quicquid
1117 3111 1146 3174 ei
1169 3111 1349 3195 inperatum
1375 3107 1480 3191 fuerit,
1505 3113 1630 3175 etiamsi
1663 3112 1704 3176 ad
1740 3134 1843 3176 sacer-

160 3219 286 3284 dotium
310 3221 502 3306 peruenerit.
527 3217 570 3282 Et
593 3217 638 3282 hii
662 3229 736 3282 sunt
760 3229 867 3295 testes,
891 3226 965 3281 ante
989 3239 1124 3302 quorum
1149 3217 1343 3302 presentiam
1368 3215 1476 3298 Stena,
1501 3239 1584 3281 uxor
1612 3215 1741 3296 Gaudii,
1773 3239 1842 3281 mo-

159 3325 276 3390 riendo
300 3324 480 3410 predictum
505 3324 664 3388 Pruosum
688 3323 838 3386 tradidit:
864 3321 972 3404 Stena,
998 3343 1088 3386 soror
1111 3319 1241 3402 Gaudii,
1267 3330 1299 3386 et
1322 3319 1474 3384 Dabraza
1500 3344 1592 3386 uxor·
1608 3322 1767 3388 Domaldi.
1800 3323 1845 3386 Et

159 3453 220 3514 ego
244 3429 412 3495 Jobannes
434 3439 545 3493 sancte
568 3429 741 3492 Anastasia
766 3427 986 3492 subdiaconus
1009 3437 1106 3512 atque
1130 3427 1287 3508 notarius,
1306 3435 1341 3490 ut
1364 3448 1384 3489 a
1406 3426 1601 3512 supradictis
1626 3429 1760 3494 testibus
1784 3451 1838 3492 au·

159 3535 238 3620 diui,
264 3537 378 3622 scripsi
402 3545 434 3600 et
457 3535 617 3600 roborauI.

312 3734 340 3788 la
362 3733 510 3804 rapisnikn
533 3739 695 3791 semostana
715 3752 755 3791 εν.
780 3733 882 3804 Marije
908 3751 925 3787 n
949 3733 1053 3791 Zadru.

725 4025 916 4108 CXVIII.
946 4024 1036 4106 uko
1064 4023 1160 4124 god.
1188 4025 1292 4106 1171.

265 4190 363 4267 Kosa,
388 4190 506 4262 opctr'ca
528 4205 570 4250 sv.
596 4187 766 4249 Benedr'kta
788 4164 808 4248 a
831 4187 957 4262 Sptjetu,
980 4187 1048 4261 dale
1070 4187 1243 4260 raavadjatt
1262 4186 1356 4258 medje
1379 4186 1527 4260 remaljals
1550 4187 1587 4246 od
1608 4186 1725 4245 Dilata.

311 4377 391 4460 †In
417 4377 546 4441 nomine
570 4386 680 4442 sancte
704 4387 735 4442 et
758 4375 922 4440 indiuidua
947 4375 1107 4440 trinitatis.
1133 4373 1228 4438 Anno
1245 4375 1342 4458 igitur
1359 4394 1482 4438 sacram
1500 4383 1671 4460 postquem
1690 4372 1838 4439 Christus

165 4505 298 4550 earnem
323 4485 461 4570 sumpsit
485 4507 528 4548 ex
552 4485 686 4568 virgine,
704 4481 860 4548 milesimo
878 4479 915 4546 C.
934 4481 1170 4568 septuagesimo
1188 4481 1299 4566 prImo,
1316 4478 1496 4542 indiccione
1509 4501 1586 4542 vero
1601 4478 1659 4544 III.
1677 4479 1771 4565 (llll)
1783 4479 1842 4545 sub

163 4602 311 4676 tempore
335 4587 500 4674 magnifici
524 4589 726 4674 imperatoris
751 4591 850 4653 nostri
877 4586 1045 4669 Manuelis,
1074 4589 1106 4651 in
1142 4588 1272 4651 ciuitate
1307 4595 1417 4650 nostre
1449 4583 1609 4671 spalatina
1644 4596 1675 4650 et
1708 4587 1739 4650 in
1774 4596 1841 4650 toto

53 4773 62 4784 ¹
163 4719 266 4782 regno
291 4694 460 4760 Dalmacie
484 4705 516 4758 et
539 4693 696 4759 ObroecIe
720 4695 898 4780 imperante
922 4691 1133 4758 Constantino
1157 4691 1304 4772 Sebasto,
1329 4693 1360 4754 in
1385 4689 1461 4755 sede
1485 4711 1614 4776 quoque
1641 4691 1724 4754 beati
1744 4689 1841 4754 Dom-

162 4805 208 4868 nii
229 4800 392 4866 residente
415 4799 562 4865 Gerardo
585 4797 762 4864 venerabili
802 4798 1055 4885 archiepiscopo,
1088 4798 1241 4860 comitatu
1278 4796 1433 4881 prephate
1467 4797 1607 4859 ciuitatis
1641 4795 1842 4880 gubernante

161 4907 330 4973 Iohannes
355 4929 473 4988 comes,
498 4905 559 4970 hoc
582 4907 735 4994 scriptum
761 4915 796 4968 ut
819 4904 1035 4990 subsequitur,
1062 4913 1095 4966 ut
1117 4903 1236 4989 posteri
1262 4900 1338 4988 (sic)
1361 4901 1402 4964 ad
1417 4903 1602 4965 memoiiam
1621 4899 1713 4964 lieret
1748 4900 1839 4965 Ideo·

161 5035 225 5100 que
249 5035 307 5098 ego
331 5009 442 5076 Obana
465 5007 517 5074 dei
542 5021 619 5075 nutu
645 5011 792 5096 quamuis
815 5009 956 5094 indigna,
980 5019 1087 5073 tamen
1114 5008 1241 5072 cenobii
1266 5009 1368 5072 sancti
1393 5006 1560 5072 BenedIeti
1586 5005 1760 5088 abbatissa,
1778 5029 1842 5072 una

160 5141 234 5184 cum
254 5118 407 5184 omnibus
432 5119 512 5182 meis
537 5117 702 5182 sororibus
727 5116 787 5181 boc
810 5125 1036 5180 testamentum
1063 5115 1206 5180 seribere
1229 5116 1442 5201 precepImus,
1466 5113 1618 5177 videlicet
1645 5112 1685 5176 da
1717 5111 1841 5177 heredi-

160 5233 225 5289 tate
245 5223 398 5318 prelibati
422 5223 618 5302 monasterii,
643 5244 706 5310 que
726 5223 757 5285 in
782 5219 905 5286 Dillato
930 5231 988 5303 est,
1012 5242 1109 5307 quarn
1134 5217 1346 5308 perlongum
1371 5220 1523 5308 temporis
1558 5219 1702 5306 spacium
1739 5220 1840 5284 maxi-
