4300 5930
808 594 999 720 cxxvi.
1026 597 1135 680 1174.

132 779 265 859 Nikifor,
288 783 359 853 opat
381 782 554 838 samostaao
576 794 620 836 so.
645 777 758 836 Kaemc
781 777 793 832 t
816 775 980 850 Domjona,
995 777 1107 850 tupaje
1122 775 1267 848 eemb'itta
1283 776 1336 834 olco
1352 775 1458 834 Kaine
1474 773 1511 833 od
1532 773 1631 834 Vltiae
1646 773 1811 846 Bratoaje.

280 968 375 1032 Anno
399 967 519 1030 domini
544 964 728 1030 millissimo
754 966 930 1028 centesimo
955 965 1193 1050 septuagesimo
1217 974 1341 1050 quarto,
1368 985 1478 1027 mense
1502 961 1605 1048 aprili,
1630 962 1827 1026 indictione-

135 1077 284 1161 septima.
309 1074 380 1158 Ego
404 1071 567 1137 Nioiforus
590 1072 693 1136 abbas
717 1083 900 1134 sanctorum
925 1069 1042 1134 Oosme
1064 1081 1096 1134 et
1127 1069 1290 1149 Damiuni,
1317 1071 1378 1134 emi
1412 1093 1431 1132 a
1464 1067 1623 1150 Vilcinna,
1658 1067 1809 1133 Brueone

131 1181 331 1263 cognomine,
356 1201 483 1242 ornnem
509 1179 744 1263 possessionem
770 1199 865 1262 quam
889 1175 1001 1240 habuit
1025 1178 1056 1238 in
1081 1175 1174 1256 Tino,
1209 1179 1316 1261 precio
1349 1173 1423 1240 XV.
1448 1177 1632 1252 remanetis,
1669 1176 1701 1236 in
1738 1197 1810 1260 pre·

133 1286 237 1348 sentia
260 1287 393 1348 istorum
418 1283 566 1346 testium:
592 1281 798 1366 Lampridius
823 1279 1084 1366 archiepiscopus
1108 1279 1218 1360 Jadre,
1244 1281 1320 1345 Vite
1343 1283 1513 1366 episcopus
1545 1279 1701 1360 arbensis,
1738 1278 1813 1342 Pre-

135 1392 278 1454 stancius
304 1388 459 1474 plebanus
491 1390 591 1450 sancti
617 1385 780 1471 Stephani,
816 1385 934 1450 Stanus
970 1387 1136 1471 presbiter,
1175 1399 1206 1450 et
1239 1385 1395 1450 Siluester
1429 1385 1594 1466 diaconus,
1632 1383 1810 1468 Gregorius

135 1495 252 1578 (lonae,
277 1495 391 1560 Petrus
416 1494 543 1574 Farine,
569 1493 717 1556 Boriaius
740 1491 909 1555 Michaelis
933 1491 1050 1572 Pence,
1073 1515 1123 1555 me
1148 1515 1224 1566 vero
1249 1491 1429 1556 voluntarie
1453 1491 1616 1554 abbatiam
1635 1489 1811 1572 dimitentc,

135 1623 303 1666 successor
325 1623 415 1664 meus
437 1597 579 1662 eiusdem
605 1620 631 1662 s.
655 1599 840 1661 monasterii
864 1597 967 1660 abbas
993 1597 1074 1660 Octo
1100 1601 1237 1679 nomine,
1262 1600 1397 1662 nacione
1420 1596 1634 1678 Lombardus,
1655 1607 1812 1682 partesu-

134 1707 271 1795 pradicti
295 1707 403 1793 precii,
426 1728 525 1792 quarn
550 1727 613 1768 non
638 1703 852 1784 exsolueram,
875 1702 1025 1783 exsoluit,
1051 1705 1102 1768 oui
1138 1704 1344 1790 supradictus
1367 1701 1529 1767 Vulcinna
1560 1703 1641 1766 herio
1672 1699 1809 1766 eandem
1883 1773 1890 1794 ,

131 1814 369 1898 possessionem
396 1810 599 1876 confirmauit
621 1811 653 1872 in
678 1811 845 1895 presencia
870 1832 958 1892 mes3
979 1808 1040 1873 bec
1064 1831 1140 1873 uero
1161 1811 1368 1874 confirmacio
1392 1809 1477 1873 facta
1501 1809 1604 1872 estin
1634 1809 1724 1872 curia
1755 1807 1811 1871 dc·

131 1920 209 1982 sirini
233 1918 308 1982 Miri
332 1920 485 2004 episcopi,
511 1919 564 2003 qui
590 1919 713 2002 etipse
737 1897 838 1994 lestis,
862 1914 1039 1998 Grubessa,
1064 1915 1150 1980 filius
1174 1915 1301 1980 Gauzul
1326 1916 1427 1996 testis,
1454 1913 1606 1995 Desimir,
1631 1911 1717 1976 filins
1750 1911 1813 1976 Us-

139 2015 259 2088 sechn’s
282 2025 382 2104 testis,
407 2021 585 2104 Dobroneg
608 2021 767 2107 presbiter
790 2023 893 2102 testis,
918 2031 949 2084 et
972 2019 1071 2084 frater
1095 2022 1163 2085 eius
1192 2019 1343 2085 Petricha
1376 2019 1535 2103 presbiter
1567 2019 1668 2102 testis,
1701 2017 1813 2082 Domi-

137 2131 229 2194 nicus
254 2130 414 2215 presbiter
436 2130 539 2211 testis,
562 2127 680 2210 Redos,
706 2126 793 2191 filius
817 2125 1000 2210 Petrichus,
1022 2128 1124 2191 testis.

238 2328 430 2385 Polichorion.
455 2327 482 2384 U
505 2325 605 2382 srkiru
628 2326 779 2398 gubernija
801 2327 988 2399 zadcrskogs.

799 2617 1012 2702 CXXVII.
1042 2620 1146 2702 1174.

336 2799 504 2873 apportant
523 2799 730 2872 astonootjuja
751 2799 902 2866 rotonum,
926 2799 967 2857 do
988 2797 1058 2859 icae
1077 2799 1154 2871 pred
1176 2798 1280 2858 sudem
1302 2798 1456 2871 svjedotia
1478 2815 1610 2874 aemopu.

285 2989 323 3052 ln
344 2985 465 3051 Christi
490 2989 628 3067 nornine,
653 3010 737 3051 anno
760 2987 801 3051 ab
825 2991 1046 3052 incarnatione
1070 2987 1192 3052 domini
1217 2991 1316 3052 nostri
1340 2988 1420 3052 Jesu
1445 2986 1566 3052 Christi
1591 2983 1813 3053 MOLXXIV.

133 3201 211 3263 toris
237 3199 406 3282 Manuelis,
431 3201 464 3262 in
487 3200 618 3262 ciuitate
642 3208 752 3262 nostra
775 3198 935 3282 spalatina
959 3202 1159 3284 prominente
1186 3197 1398 3264 Constantino
1422 3199 1568 3282 Senasto,
1586 3203 1616 3264 in
1634 3199 1828 3264 buccaratu·

134 3305 239 3369 Helie.
264 3304 336 3388 Ego
360 3303 504 3368 Joannes
528 3304 705 3390 spalatinae
727 3326 844 3386 comes,
870 3308 988 3390 pariter
1011 3329 1083 3370 cum
1101 3306 1195 3370 Petro
1213 3307 1328 3388 iudice,
1346 3316 1377 3370 et
1395 3329 1467 3369 cum
1484 3315 1550 3370 toto
1569 3307 1712 3370 eiusdem
1731 3309 1810 3370 ciui·-

135 3413 210 3475 tatis
232 3409 360 3496 populo,
387 3413 457 3496 peri
481 3409 646 3474 voluntate
670 3421 702 3474 et
718 3413 878 3474 communi
897 3411 1030 3476 consilio
1049 3411 1251 3477 decreuimus
1269 3411 1363 3498 (Lex.
1382 3411 1421 3476 dc
1439 3415 1621 3476 testimonio
1643 3411 1810 3481 mulierum

16 3561 40 3600 χ
136 3539 197 3580 non
223 3517 436 3603 acceptando)
461 3527 521 3581 etc.
538 3526 573 3580 ut
595 3515 657 3581 hoc
679 3527 787 3580 autem
811 3518 938 3581 firmum
956 3528 988 3582 et
1011 3517 1125 3583 stabile
1148 3542 1167 3582 a
1191 3519 1285 3583 modo
1309 3531 1341 3583 et
1367 3543 1494 3605 semper
1510 3521 1673 3602 consistat,
1692 3523 1807 3584 iureiu-

136 3623 236 3686 rando
261 3622 473 3686 firmauimus.

290 3789 404 3844 Lucius.
428 3789 463 3844 de
486 3797 576 3860 regno
598 3789 691 3845 Dalm.
714 3795 743 3845 et
766 3789 859 3845 Crost.
884 3787 948 3846 Lib.
974 3789 1024 3844 111.
1047 3807 1108 3860 cap.
1127 3787 1161 3842 X.
1187 3774 1324 3848 helihoie
1341 3784 1490 3860 nepriobdi
1506 3789 1595 3846 LueIc'
1610 3790 1677 3846 riedi
1691 3791 1814 3847 achone.

286 4094 524 4181 cxxvlll.
552 4097 656 4185 nto.
683 4102 871 4204 mjcseea
898 4099 1123 4184 kolovoza.
1152 4101 1189 4184 U
1218 4098 1410 4184 stolnom
1439 4101 1665 4202 Biogradn.

137 4299 213 4360 Bela
238 4301 306 4360 111.
330 4301 410 4374 trau
432 4301 567 4360 hrvatski
590 4302 602 4359 i
624 4301 756 4378 uparski,
777 4300 948 4372 potvrdjuje
970 4299 1200 4374 scyrebutlcomu
1222 4300 1346 4372 aspreta
1368 4298 1506 4358 Zetiaai
1536 4299 1623 4378 Novi,
1655 4301 1724 4373 toja
1755 4301 1815 4358 dvo

369 4425 485 4496 tmaaja
507 4425 601 4496 bijuse
624 4425 714 4496 rupa
737 4425 843 4495 bistrup
866 4423 1038 4498 reprebutti
1060 4421 1192 4498 Prodon,
1217 4421 1376 4480 darovovsi
1398 4422 1429 4479 ib
1452 4422 1584 4494 kuptolu.

257 4605 404 4676 ‘Notum
428 4612 470 4674 sit
492 4609 641 4676 omnibus
671 4589 828 4674 catholice
863 4609 936 4676 fidei
970 4608 1157 4690 cultoribus,
1191 4609 1277 4696 quod
1309 4633 1368 4694 ego
1404 4610 1484 4673 Bela
1514 4612 1642 4691 tercius,
1677 4613 1815 4676 secundi

140 4711 268 4801 Geysse
291 4717 377 4798 regis
401 4715 496 4795 filius,
522 4715 573 4778 dei
598 4717 708 4799 gracie
731 4713 884 4798 Ungarie,
926 4713 1103 4794 Dalmacie,
1141 4713 1284 4798 Oroacie,
1306 4713 1482 4801 Remeque
1519 4739 1585 4796 rex,
1624 4741 1696 4784 eum
1732 4717 1818 4782 Albe

16 4889 18 4914 ,
139 4822 241 4884 sancti
266 4819 420 4906 Stephani
443 4821 529 4905 regis
554 4819 736 4906 solempnes
759 4842 890 4905 agerem
915 4819 993 4901 dies,
1025 4820 1253 4904 aagrabienses
1287 4825 1433 4886 canonici
1468 4845 1540 4885 cum
1578 4822 1702 4907 Ugrino
1739 4835 1816 4888 tunc

139 4927 290 5012 temporis
314 4926 536 5010 zagrabiensis
560 4925 672 5008 electo,
695 4927 860 5012 presencie
892 4935 1001 4989 nostre
1034 4928 1234 5008 assistentes,
1271 4927 1405 4995 deuotas
1441 4940 1655 5012 porrexerunt
1691 4951 1812 5014 preces,

139 5029 231 5095 simul
256 5041 288 5102 et
311 5031 506 5116 apostolicas
530 5030 653 5096 litteras
678 5040 907 5118 presentantes,
934 5031 1019 5116 quod
1041 5031 1218 5112 Prodanus,
1243 5032 1404 5119 quondam
1429 5035 1601 5119 episcopus
1627 5035 1815 5117 zagrubien·

138 5137 190 5218 sis,
212 5138 275 5202 tria
298 5138 412 5202 emerit
435 5137 563 5222 predia:
588 5135 776 5222 Golgonha,
800 5136 913 5200 Zelina
946 5146 978 5200 et
1000 5136 1125 5200 Nouum
1151 5137 1307 5222 predium,
1333 5139 1365 5201 in
1397 5140 1535 5223 propriis
1567 5139 1717 5202 distincta
1754 5149 1814 5202 ter-

139 5243 241 5308 minis.
267 5239 331 5308 Sed
357 5239 536 5327 Golgonisa
561 5241 737 5328 templariis
760 5242 902 5326 tradidit,
925 5242 1039 5343 Zelina
1061 5266 1139 5308 vero
1164 5253 1195 5308 et
1217 5243 1345 5310 Nouum
1369 5244 1515 5332 predium
1540 5243 1677 5310 ecclesio
1698 5267 1811 5330 aegra·
