4276 5934
1742 437 1805 503 203

128 647 260 712 maioris
284 645 444 733 presbiter
467 655 499 710 et
522 645 659 711 Doimus
685 646 814 710 Martini
841 646 880 709 de
908 645 992 709 Maio
1018 655 1106 729 pater
1130 644 1315 730 spiritualis,
1341 667 1437 731 super
1460 647 1599 709 animam
1626 668 1739 726 ineam,
1772 655 1804 710 et

128 753 159 816 iu
180 776 219 817 ea
243 755 379 818 veritate
403 775 466 838 que
490 750 640 816 Christus
665 761 722 828 est,
748 751 835 814 dico:
860 752 944 836 quod
970 749 1055 820 olim,
1080 773 1151 813 curu
1175 751 1279 814 dictus
1296 750 1453 814 Martinus
1476 751 1574 814 Medii
1595 753 1679 814 viam
1698 753 1803 814 caruis

129 856 250 922 iudicio
275 857 326 921 dei
351 858 482 920 volebat
505 860 657 942 arripere,
682 866 713 918 et
736 859 767 918 iu
793 854 906 918 ultima
931 858 991 918 iam
1017 865 1103 918 essct
1127 858 1249 939 positus
1274 853 1449 934 voluntate,
1475 877 1513 919 ac
1537 853 1614 918 mihi
1647 867 1723 918 tuuc
1758 855 1804 917 di·

129 973 216 1028 ceret
241 986 298 1048 pro
323 964 389 1026 suis
408 961 613 1027 excessibus:
632 983 703 1024 mea
720 961 823 1044 culpa,
849 969 1057 1046 sanctamque
1082 958 1201 1023 Christi
1227 959 1453 1023 eucharistiam
1471 960 1805 1044 diligenteraciperet.

128 1065 272 1130 Domina
296 1065 394 1130 Priba
418 1089 500 1130 uxor
524 1068 592 1130 eius
616 1067 707 1128 iuxta
731 1065 866 1128 eundem
890 1067 994 1128 virum
1019 1087 1111 1128 suum
1135 1065 1259 1144 sedens,
1282 1088 1388 1130 coram
1408 1087 1458 1128 me
1480 1087 1518 1129 ac
1535 1088 1641 1130 coram
1661 1064 1807 1150 pluribus

128 1169 211 1251 aliis,
237 1171 436 1236 lacrimando
460 1171 566 1235 taliter
589 1193 706 1234 exorsa
727 1179 776 1233 cst
800 1170 923 1234 diceus:
952 1169 981 1234 Ο
1006 1170 1101 1233 Pater
1126 1169 1306 1234 Dimmiue!
1324 1191 1381 1233 our
1398 1191 1449 1233 mc
1466 1168 1597 1250 deseris,
1616 1180 1647 1234 et
1668 1171 1805 1256 qualiter

128 1276 249 1340 factum
275 1277 383 1341 domui
407 1286 461 1340 tue
484 1275 638 1363 disponis.
665 1274 725 1340 Oui
749 1299 821 1340 cum
846 1273 1004 1338 Martinus
1028 1297 1091 1338 nou
1117 1285 1227 1360 posset
1251 1277 1294 1337 ita
1317 1274 1380 1337 alte
1405 1284 1439 1338 ut
1462 1275 1627 1338 audiretur
1658 1299 1677 1339 a
1708 1275 1801 1340 uobis

126 1379 334 1466 respondere,
359 1381 463 1445 dictus
486 1380 618 1445 Dimiue
644 1380 728 1444 filius
754 1401 874 1460 eorum,
899 1382 954 1465 qui
979 1387 1118 1465 presens
1146 1379 1267 1461 aderat,
1303 1381 1388 1464 oepit
1424 1381 1572 1464 genitrici
1609 1403 1665 1446 sue
1701 1380 1807 1444 taliter

128 1484 249 1550 dicere.
278 1485 415 1549 Domina
441 1496 551 1566 mater,
576 1485 725 1549 videmus
749 1487 824 1570 quia
848 1495 939 1570 pater
964 1507 1054 1548 meus
1078 1493 1127 1548 est
1150 1483 1245 1547 valde
1270 1484 1386 1549 debilis
1418 1486 1450 1548 iu
1483 1485 1654 1571 loquendo,
1687 1487 1742 1550 sed
1778 1487 1804 1550 si

127 1587 234 1674 placet
257 1592 339 1676 patri
361 1599 393 1654 et
416 1589 509 1654 vobis
534 1593 639 1670 matri,
667 1611 727 1674 ego
752 1590 855 1653 dicam
882 1590 989 1653 omnia
1013 1611 1069 1675 per
1094 1588 1248 1669 ordinem,
1275 1589 1412 1674 qualiter
1436 1591 1505 1674 ipse
1540 1590 1658 1656 lactum
1696 1589 1806 1654 domui

127 1717 185 1760 sue
209 1696 372 1760 ordinauit
395 1699 426 1759 in
451 1695 591 1781 Spaleto,
617 1697 692 1758 dom
717 1703 803 1760 esset
826 1695 858 1757 iu
884 1695 978 1780 plena
1003 1695 1164 1757 memoria.
1190 1693 1286 1758 Pater
1308 1717 1386 1758 vero
1410 1698 1523 1758 annuit
1546 1695 1611 1761 filio
1635 1706 1670 1758 ut
1695 1695 1803 1782 loque-

128 1811 227 1884 retur,
250 1810 283 1866 et
306 1811 407 1866 mater
430 1802 568 1865 tacendo
588 1803 762 1866 consensit.
784 1799 877 1864 Tunc
897 1798 1025 1862 Dimiue
1042 1798 1143 1862 dixit:
1170 1797 1261 1863 Scias
1279 1810 1388 1881 mater,
1409 1799 1496 1885 quod
1512 1801 1580 1885 ipse
1600 1810 1689 1884 pater
1705 1823 1805 1881 meus,

12 1909 13 1912 ’
132 1906 209 1971 dum
234 1916 320 1971 esset
343 1906 473 1991 Spaleti',
497 1905 603 1970 taliter
628 1907 771 1992 precepit
791 1903 884 1967 uobis
908 1903 1057 1966 omuibus
1082 1904 1165 1966 uotis
1186 1905 1255 1967 eius
1279 1915 1311 1967 et
1334 1904 1468 1970 firmiter
1494 1907 1673 1990 imperauit,
1699 1913 1734 1968 ut
1768 1908 1800 1967 in

128 2014 195 2076 vita
219 2023 274 2078 tua
298 2010 418 2076 nullam
443 2012 500 2076 tibi
525 2011 711 2076 violentiam
735 2010 925 2090 faceramus,
951 2009 1007 2073 sed
1032 2020 1062 2072 te
1086 2010 1131 2072 uti
1164 2020 1297 2072 matrem
1333 2021 1365 2074 et
1398 2009 1561 2072 dominam
1597 2009 1799 2088 honoremus,

128 2117 185 2182 sed
210 2119 238 2181 si
261 2117 390 2199 obieris,
414 2117 465 2180 vel
490 2119 720 2182 monesterium
741 2117 914 2178 intraueris
938 2114 1080 2200 aliquod,
1105 2124 1181 2178 tunc
1205 2113 1290 2200 quod
1315 2115 1348 2177 iu
1372 2114 1503 2198 Spaleto
1528 2116 1638 2178 statuit
1663 2125 1726 2178 tam
1760 2113 1800 2178 de

10 2221 11 2224 ’
127 2244 190 2302 mc,
218 2243 314 2308 quam
339 2223 379 2286 de
403 2219 552 2286 omuibus
576 2221 703 2284 firmum
727 2230 758 2284 et
781 2219 896 2284 stabile
919 2222 988 2285 fieri
1012 2219 1204 2304 opportebit,
1229 2229 1261 2282 et
1285 2219 1345 2282 hoc
1369 2220 1472 2283 voluit
1495 2229 1526 2282 et
1546 2221 1701 2306 precepit,
1723 2227 1805 2283 utet

127 2327 187 2392 tibi
210 2332 304 2391 matri
327 2327 478 2413 placeret.
504 2327 546 2390 Et
569 2326 618 2390 his
640 2328 734 2391 dictis
759 2325 842 2389 dixit
866 2325 996 2388 Dimiue
1020 2327 1101 2408 patri
1128 2347 1202 2388 suo:
1227 2323 1287 2387 Est
1311 2324 1439 2388 domine
1465 2334 1555 2410 pater
1581 2346 1692 2388 verum
1717 2324 1804 2410 quod

129 2432 229 2497 dico?
253 2443 344 2520 pater
366 2456 443 2498 vero
466 2433 571 2518 capud
596 2431 781 2497 inclinando
806 2433 944 2494 assensit
977 2429 1071 2493 dictis
1103 2429 1171 2509 filii,
1206 2441 1238 2491 et
1273 2451 1310 2492 eo
1346 2429 1463 2493 affectu
1498 2451 1561 2515 quo
1597 2431 1699 2514 potuit
1734 2431 1804 2493 eius

128 2537 231 2602 verba
251 2539 400 2604 firmauit.
425 2537 531 2601 Mater
554 2547 659 2600 auteur
685 2537 735 2600 his
759 2535 877 2599 auditis
901 2537 1009 2616 tacuit,
1034 2545 1066 2597 et
1088 2533 1185 2597 nichil
1211 2537 1406 2598 contrarium
1425 2545 1536 2598 contra
1551 2533 1691 2619 aliquem
1707 2536 1801 2599 dixit.

127 2642 173 2706 Et
192 2643 255 2707 hoc
277 2645 353 2729 quia
376 2642 443 2706 vidi
469 2653 500 2706 et
530 2642 640 2706 audiui
675 2665 714 2705 ac
748 2639 950 2726 postmodum
986 2663 1005 2704 a
1040 2649 1149 2703 nostro
1186 2639 1288 2704 electo
1322 2638 1455 2704 Nicolao
1492 2640 1630 2703 monitus
1665 2661 1734 2704 sum
1772 2650 1807 2704 ut

129 2757 292 2828 tentarem,
318 2769 425 2811 coram
446 2746 558 2810 eodem
583 2746 683 2810 electo
709 2759 740 2810 at
767 2747 889 2810 Vitacia
914 2769 938 2811 s.
960 2746 1045 2808 Petri
1071 2745 1208 2830 plebano
1232 2767 1271 2808 ac
1295 2745 1453 2829 Gregorio
1484 2744 1670 2824 Zilumbuli,
1703 2769 1800 2832 appo·

131 2854 201 2916 sitis
227 2852 373 2934 testibus,
397 2875 456 2938 per
486 2873 598 2916 verum
623 2852 691 2915 dixi
715 2853 941 2916 testimonium.
967 2851 1010 2915 Et
1034 2873 1094 2934 ego
1118 2850 1245 2914 Blasius
1267 2873 1293 2916 s.
1317 2849 1489 2915 Anastasia
1512 2851 1666 2916 diaconus
1697 2861 1728 2915 et
1762 2853 1805 2915 ia-

129 2957 257 3021 dreusis
281 2959 433 3037 notarius,
460 2957 573 3042 prefati
597 2957 728 3021 Martini
753 2957 928 3022 sacerdotis
946 2965 1058 3040 rogatu
1075 2955 1158 3019 hanc
1177 2958 1357 3018 testamenti
1376 2966 1495 3019 cartam
1513 2967 1547 3019 ut
1563 2955 1673 3020 audiui
1689 2958 1806 3042 scripsi

128 3072 161 3127 et
183 3063 334 3127 roboraui
356 3062 395 3126 ac
418 3065 511 3147 siguo
535 3071 687 3127 consueto
712 3063 846 3146 signaui.
872 3099 913 3110 -
937 3059 1005 3144 (od
1029 3061 1122 3124 adola
1147 3083 1333 3144 monogram
1360 3062 1393 3126 B.
1419 3060 1458 3124 N.
1482 3061 1515 3124 S.
1541 3062 1596 3147 A.)

279 3260 409 3314 Izrornik
433 3277 470 3314 na
493 3259 656 3331 pergameni
676 3259 768 3329 pisan,
793 3259 903 3312 nalaaio
922 3275 953 3313 se
977 3260 1069 3328 medju
1094 3259 1201 3330 mojimi
1236 3257 1378 3328 listinami,
1406 3260 1475 3313 sada
1507 3277 1525 3314 a
1556 3259 1692 3332 knjihuici
1720 3262 1803 3332 jugo-

129 3347 280 3402 slaveuske
302 3347 471 3418 akademijo.

433 3635 657 3722 CCLXXI.
686 3641 797 3722 1191).
826 3639 1168 3742 latraveran
1197 3639 1497 3725 Iluhrovulhu.

246 3817 327 3877 Ioco
349 3817 454 3890 bistrup
478 3818 515 3876 od
537 3818 693 3898 Drtoasto,
716 3821 885 3893 potorqjur'e
907 3820 1064 3894 priajeqom
1086 3821 1217 3893 vJ'arnost
1234 3821 1424 3892 nodhistupu
1447 3819 1693 3882 dubrooodtomu.

277 3971 350 4057 Ego
373 3971 538 4037 Johannes
562 3973 737 4038 driuastiue
761 3972 897 4036 ecclesie
920 3973 1100 4057 episcopus,
1128 3973 1202 4037 huic
1219 3974 1462 4059 metropolitane
1487 3977 1638 4060 ragusiae
1664 3975 1800 4039 ecclesie

130 4099 230 4163 super
275 4087 386 4142 sancta
425 4077 477 4142 dei
518 4077 687 4163 euangelia
730 4077 819 4162 iur'o,
853 4077 1027 4142 secuudum
1071 4077 1156 4164 quod
1198 4081 1335 4165 propriis
1372 4079 1474 4146 oculis
1512 4079 1599 4144 illius
1635 4080 1805 4164 briuilegia

130 4185 293 4248 autentica
316 4171 448 4248 romane
472 4184 608 4249 ecclesie
627 4185 802 4271 apostolice
826 4187 1014 4250 confirmata
1030 4186 1167 4269 inspexi,
1193 4187 1261 4248 sine
1285 4185 1398 4250 fraude
1423 4185 1537 4250 diebus
1562 4188 1627 4250 vite
1654 4209 1722 4250 mee
1746 4185 1801 4250 de·

130 4286 231 4352 bitam
255 4289 430 4354 obseruare
453 4293 678 4356 reuerentiam.
703 4291 820 4356 Actum
845 4301 894 4354 est
917 4289 977 4353 hoc
1001 4291 1033 4352 in
1058 4289 1116 4354 ede
1140 4289 1435 4377 archiepiscopatus
1466 4292 1622 4373 ragusini,
1654 4300 1805 4376 presente

131 4397 248 4460 comite
288 4393 503 4478 Dobroslauo,
545 4395 680 4461 Vrsacio
712 4395 827 4475 Milini,
862 4393 1051 4475 Dersimiro,
1085 4395 1182 4460 Petro
1212 4393 1378 4476 Bubauue,
1416 4395 1642 4460 archidiacono
1677 4395 1803 4462 Marino

129 4499 265 4565 diacono
288 4501 422 4581 notario,
447 4501 563 4566 clerico
588 4501 726 4581 Matheo,
750 4499 947 4565 subdiacono
972 4497 1112 4582 Matheo,
1140 4499 1256 4564 clerico
1281 4499 1417 4579 Lucere,
1449 4500 1566 4564 clerico
1588 4497 1737 4583 Gataldo,
1774 4511 1805 4566 et

72 4593 97 4603 ⁸
129 4607 253 4670 notario
277 4607 330 4690 qui
355 4604 415 4668 hec
445 4605 582 4690 scripsit.
615 4606 711 4670 Anno
746 4605 867 4671 domini
903 4603 1071 4670 millesimo
1106 4607 1280 4670 centesimo
1315 4609 1524 4690 nonagesimo
1557 4627 1654 4674 nouo.
1690 4605 1802 4671 Mense

130 4710 241 4796 aprilis
262 4709 372 4776 Xllll.
397 4710 449 4774 die
473 4712 625 4774 intrante.

277 4823 344 4901 Ego
362 4814 529 4881 Johannes
553 4817 723 4902 episcopus
745 4837 840 4879 manu
865 4838 936 4880 mea
960 4815 1140 4882 subscribo.

276 5013 406 5068 laroruik
429 5012 510 5084 pisan
533 5031 570 5070 ua
591 5013 712 5092 malencj
735 5014 906 5085 pergameni.
930 5013 956 5072 U
978 5015 1077 5070 arkiru
1101 5013 1161 5070 olrr.
1178 5013 1378 5088 dubroradkog
1400 5015 1483 5071 Faso.
1506 5017 1528 5075 1.
1552 5017 1586 5074 N.
1613 5017 1664 5074 32.
