4310 5918
367 451 429 518 162

519 646 591 731 Ego
624 645 733 730 Draga
765 645 881 710 Radini
914 619 1007 710 ciuis¹
1026 645 1169 710 Sibenici
1196 648 1306 734 imper.
1340 650 1529 712 auctoritate
1560 650 1702 714 notarIus
1728 649 1806 715 Pub.
1832 650 1933 716 iudex
1974 651 2042 718 ord.

363 763 395 817 et
418 757 595 818 communis
620 753 734 816 Bracie
758 756 880 816 iuratus
908 753 1129 834 cancellarius,
1165 777 1205 817 ex
1236 753 1300 818 alia
1324 756 1545 820 membranula
1565 758 1597 820 in
1625 755 1707 820 hanc
1741 757 1879 822 fideliter
1912 762 2041 823 extraxi

364 861 417 923 dIe
438 861 469 924 4.
493 858 573 923 Julii
599 881 683 924 anno
714 857 796 924 1379
821 871 852 923 et
874 881 945 924 meo
963 861 1092 945 proprio
1109 862 1236 922 nomine
1260 870 1292 924 et
1314 862 1406 946 signo
1423 873 1569 926 contacto
1594 865 1624 926 in
1648 862 1744 926 fidem
1770 872 1801 926 et
1824 866 2045 928 testimoninm

364 986 500 1050 signam.

521 1111 664 1168 Cicarelli.
688 1111 888 1169 OsseruazIoni
913 1114 968 1168 sulI
994 1114 1066 1169 isola
1087 1113 1163 1169 della
1187 1113 1300 1170 Braaza.
1325 1115 1447 1169 Vanesia
1473 1105 1565 1170 1802.
1590 1134 1617 1186 p.
1647 1115 1715 1170 104.
1836 1183 1842 1220 1

1020 1468 1246 1553 CXCVIII.
1274 1468 1389 1554 1078.

627 1655 777 1715 Socnimtr
799 1653 879 1728 trclj
901 1653 1036 1712 brootsti
1058 1653 1166 1726 deruis
1188 1648 1270 1711 ortui
1292 1651 1444 1726 spltetstoj
1466 1652 1614 1727 iupour'y'u
1637 1653 1780 1713 octinstu.

524 1829 562 1894 In
586 1833 717 1895 nomine
740 1837 850 1893 sancte
875 1829 906 1889 et
937 1824 1102 1890 indiuidue
1127 1825 1288 1906 trinitatis,
1321 1847 1405 1888 anno
1438 1823 1562 1889 scilicet
1594 1826 1636 1890 ab
1669 1827 1895 1890 incarnacione
1926 1826 2048 1891 domini

365 1935 463 1998 nostri
487 1934 589 2000 Jhesu
613 1934 733 2001 Christi
761 1931 987 2016 MLXXVIII,
1006 1931 1180 1996 indictione
1199 1933 1313 2018 prima.
1330 1931 1402 2016 Ego
1421 1929 1575 1996 Suinimir
1598 1933 1652 2018 qui
1678 1944 1710 1996 ct
1732 1931 1919 1996 Demetrius
1944 1935 2049 2017 gratia

366 2038 519 2105 dininitus
543 2040 659 2106 collata
683 2041 946 2106 subministrante
962 2051 993 2104 et
1015 2040 1141 2122 sagacis
1159 2042 1270 2126 vigore
1287 2039 1424 2102 sciencie
1449 2059 1523 2102 vere
1539 2036 1653 2104 celitus
1677 2039 1830 2104 attribute
1853 2050 2049 2126 cooperante

367 2169 426 2212 rex
449 2149 552 2212 tocius
580 2146 739 2213 Obroacie
770 2145 928 2232 simulque
959 2145 1137 2210 Dalmacie.
1171 2145 1352 2230 Perspicaci
1385 2166 1540 2230 suspensa
1573 2147 1689 2208 mentis
1720 2146 1837 2210 intuitu
1872 2149 2047 2232 precipites

366 2275 471 2318 rerum
496 2255 730 2320 mundanarum
766 2255 919 2319 transitus
944 2254 1153 2338 prospiciens,
1178 2269 1210 2315 et
1238 2273 1300 2316 non
1327 2253 1396 2315 sins
1420 2251 1632 2314 admiratione
1646 2249 1880 2342 nullas'earnm
1905 2250 2051 2332 stabiles,

366 2382 426 2424 nec
451 2359 587 2424 alicuius
619 2363 687 2447 spei
719 2357 824 2424 future
856 2356 1062 2422 beatitudinis
1094 2355 1283 2422 collectiuas
1314 2357 1493 2436 insaniens,
1519 2356 1564 2420 eis
1599 2356 1693 2421 modo
1726 2359 1876 2443 acceptis,
1901 2379 1967 2444 que
1993 2357 2051 2422 deo

369 2479 401 2530 et
421 2464 531 2531 electis
554 2468 623 2530 eius
647 2465 739 2551 quasi
763 2464 1014 2544 accomodatius,
1032 2464 1107 2548 quia
1130 2464 1256 2527 cencies
1281 2461 1454 2547 duplicate,
1472 2461 1597 2528 redient
1618 2463 1850 2528 commendate.
1876 2462 1954 2528 Una
1979 2487 2050 2528 cum

365 2569 523 2657 Gregorio
541 2571 715 2638 venerabili
737 2567 949 2635 Chroatorum
967 2572 1127 2656 episcopo,
1149 2579 1180 2632 et
1195 2570 1291 2654 tepcii
1308 2567 1489 2649 Dominico,
1507 2591 1648 2634 meorum
1668 2573 1830 2652 comitum,
1846 2571 2049 2657 allorumque

372 2677 527 2744 nobilium
551 2679 678 2742 comuni
695 2675 825 2742 fulcitus
842 2675 984 2758 consilio,
1009 2673 1147 2738 salutare
1161 2683 1192 2738 et
1209 2671 1343 2760 perutile
1357 2673 1488 2754 ducens,
1506 2685 1569 2738 tam
1593 2673 1670 2738 mihi
1696 2697 1791 2761 quam
1818 2678 1897 2740 meis
1922 2699 2050 2740 succes·

367 2785 503 2867 soribus,
536 2807 578 2848 ex
610 2783 857 2848 uniuersalitate
891 2779 1100 2867 multiplicum
1138 2781 1199 2843 mei
1232 2779 1323 2864 regni
1354 2777 1529 2863 climatum,
1562 2779 1746 2846 beatissimo
1780 2780 1936 2868 spalatina
1964 2783 2050 2846 sedis

367 2890 508 2978 pontifici
540 2913 578 2954 ac
603 2889 723 2954 martiri
755 2887 913 2970 Domnio,
948 2897 1089 2973 tempore
1125 2885 1274 2950 videlicet
1309 2885 1473 2951 Laurentii
1507 2887 1766 2952 reuerendissimi
1800 2887 2048 2975 archiepiscopi,

310 2997 313 3004 '
367 2999 494 3082 iuppam
520 3019 599 3079 eam,
632 3018 726 3081 quam
761 2993 936 3059 Centenam
968 2995 1065 3074 aiunt,
1092 2993 1160 3057 sinc
1186 2991 1250 3056 ulla
1272 2992 1527 3057 contradictione
1552 2996 1693 3057 omnium
1718 3017 1838 3078 eorum,
1864 2997 2049 3082 quicunque

368 3113 440 3188 post
464 3126 513 3166 me
539 3101 656 3166 hocin
681 3123 779 3186 regno
811 3100 1033 3180 successerint,
1065 3097 1259 3162 affirmatius
1293 3100 1476 3178 corroboro,
1500 3097 1740 3164 corroboratiue
1771 3100 1813 3164 ab
1845 3103 1931 3165 omni
1959 3115 2047 3188 parte

367 3209 549 3296 perenniter
572 3205 729 3288 hahendo,
747 3205 887 3270 concedo
904 3207 966 3268 sic:
992 3215 1025 3268 ut
1040 3217 1257 3292 quantumque
1274 3205 1473 3290 longitudine
1486 3227 1542 3270 seu
1559 3205 1725 3270 latitudine
1744 3207 1956 3292 protenditur,
1975 3211 2041 3273 eius

368 3315 532 3380 sanctifice
557 3313 766 3380 dominationi
785 3311 878 3398 plane
906 3325 937 3376 et
960 3313 1088 3376 omnino
1113 3311 1299 3376 subiciatur.
1324 3311 1374 3375 Ita
1399 3311 1480 3394 dico,
1505 3325 1537 3375 et
1556 3311 1616 3376 hoc
1640 3313 1740 3396 edico,
1765 3326 1800 3378 ut
1831 3315 1989 3402 quicquid
2012 3314 2050 3379 ad

367 3420 585 3486 ecclesiastice
609 3421 863 3505 dispensacionis
897 3417 1040 3482 ordinem
1084 3441 1161 3482 sano
1197 3417 1359 3483 intellectu
1394 3419 1552 3504 pertinere
1576 3417 1713 3498 videtur,
1750 3417 1886 3505 pleniter
1919 3418 2047 3503 habeat,

368 3527 541 3590 christiane
566 3525 640 3589 fidei
665 3523 843 3588 doctricem
868 3523 988 3610 ubique
1012 3527 1112 3587 teneri
1139 3509 1247 3605 faciat,
1272 3525 1436 3587 ordinatos
1461 3535 1524 3586 tam
1543 3523 1760 3609 presbyteros,
1787 3524 1992 3610 quamalios,
2016 3539 2048 3589 ut

369 3645 456 3698 caste
480 3635 602 3712 viuant,
628 3633 835 3714 constringat,
860 3631 1055 3694 ordinandos
1080 3631 1219 3694 ordinari
1247 3642 1278 3694 et
1311 3629 1442 3716 synodis
1468 3632 1512 3692 uti
1537 3629 1641 3710 faciat,
1673 3630 1838 3694 discordes
1870 3632 2047 3696 canonicali

368 3737 480 3825 regula
515 3738 685 3824 pacificare
717 3737 852 3802 studeat.
888 3735 1103 3800 Primitiarum
1136 3759 1174 3800 ac
1206 3737 1403 3800 decimarum
1431 3738 1584 3817 omnium,
1617 3758 1679 3822 que
1712 3736 1858 3820 legaliter
1891 3737 2046 3803 decimari

368 3855 501 3932 possunt
524 3856 556 3908 et
578 3845 706 3922 debent,
727 3855 791 3908 tam
812 3867 832 3908 a
852 3843 1035 3922 maioribus,
1062 3865 1195 3927 quama
1219 3841 1404 3924 minoribns,
1423 3841 1616 3926 generaliter
1640 3844 1708 3906 iure
1731 3844 1873 3928 recipiat,
1898 3845 2046 3908 vinorum

368 3975 405 4016 ac
430 3963 625 4016 mortuorum
650 3949 785 4014 ecclesie
814 3947 937 4012 debitas
954 3947 1131 4013 oblationes
1148 3947 1375 4034 perpetualiter
1394 3947 1562 4033 possideat.
1587 3945 1659 4012 Hoc
1682 3961 1787 4012 antem
1814 3947 1885 4013 ideo
1909 3948 1985 4030 feci,
2012 3962 2044 4014 ut

369 4058 447 4122 deus
472 4069 503 4123 et
526 4058 675 4123 dominus
700 4065 807 4120 noster
821 4055 940 4120 Jhesus
957 4052 1114 4134 Christus,
1140 4069 1170 4118 et
1194 4055 1334 4137 gloriosa
1351 4057 1420 4142 eius
1437 4055 1580 4138 genitn'x
1605 4065 1637 4118 ct
1650 4057 1751 4139 virgo,
1769 4069 1898 4120 sanctus
1916 4079 2044 4144 quoque

366 4165 481 4230 Petrus
504 4174 537 4229 et
555 4165 758 4230 beatissimus
777 4162 942 4239 Domnius‚
958 4173 1068 4225 contra
1085 4162 1225 4223 ninnium
1243 4160 1481 4224 aduersantium
1501 4160 1674 4243 molimina,
1694 4163 1779 4226 vires
1795 4183 1834 4226 ac
1850 4163 2045 4250 triumphum

367 4275 461 4338 terris
473 4270 647 4351 conferant,
664 4279 696 4333 et
707 4272 738 4332 in
752 4267 829 4332 celis
844 4267 930 4353 apud
946 4287 1104 4330 summum
1118 4264 1255 4330 iudicem
1275 4276 1478 4352 peccatorum
1496 4269 1622 4332 veniam
1642 4280 1789 4348 exorant,
1807 4268 2045 4358 dignanturque
2127 4319 2129 4324 s

368 4401 539 4468 preparare
564 4377 710 4462 gloriam.
738 4375 770 4440 Si
795 4377 866 4460 quis
890 4384 1006 4455 autem,
1038 4372 1121 4458 quod
1147 4373 1240 4452 absit,
1266 4372 1348 4436 hane
1372 4381 1514 4436 nostram
1539 4372 1745 4452 donationem
1770 4373 1971 4462 dirrumpere
1996 4399 2044 4441 co·
2127 4463 2129 4480 Ι

368 4496 463 4552 natus
498 4485 602 4564 fuerit,
627 4485 675 4548 ira
708 4483 935 4567 omnipotentis
967 4479 1017 4544 dci
1050 4480 1159 4543 veniat
1194 4502 1290 4565 super
1321 4503 1405 4554 eum,
1430 4491 1462 4544 et
1485 4480 1725 4546 maledictiones
1751 4479 1870 4548 UOOX
1902 4495 1934 4548 et
1967 4483 2045 4548 VIII
2127 4489 2129 4538 ἰ

369 4604 550 4660 sanctorum
576 4601 701 4678 patrum
734 4591 899 4653 incurrant
928 4609 1024 4673 super
1048 4589 1162 4672 ipsum,
1189 4599 1220 4650 et
1242 4586 1309 4651 XII
1334 4585 1560 4673 apostolorum,
1583 4597 1680 4673 atque
1704 4589 1735 4652 in
1760 4599 1870 4654 eterna
1893 4589 2043 4678 dampna·
2127 4647 2129 4664 ἵ

369 4703 454 4766 tione
478 4698 634 4785 perpetim
660 4697 816 4759 sustineat
829 4694 1094 4772 combustionem,
1111 4715 1171 4758 nec
1187 4717 1250 4757 non
1268 4695 1438 4778 sexaginta
1462 4693 1560 4758 libras
1584 4705 1755 4781 componat
1778 4697 1858 4778 auri,
1884 4697 2037 4763 medletas

370 4827 504 4893 qnarum
530 4802 632 4886 regali
657 4797 813 4866 inferatur
836 4799 924 4875 fisco,
936 4799 999 4863 alia
1017 4820 1094 4864 vero
1114 4798 1236 4884 prefate
1260 4799 1395 4864 ecclesie
1413 4799 1587 4866 beatissimi
1606 4799 1738 4866 Domnii
1755 4802 1946 4869 conferatur.
1973 4804 2043 4870 Hoc

370 4919 613 4975 veronostram
640 4908 849 4971 obseruantes
880 4905 1055 4986 decretum,
1077 4905 1191 4983 locum,
1217 4929 1331 4970 amena
1362 4904 1443 4989 loca,
1475 4907 1530 4971 ubi
1562 4913 1684 4992 piorum
1709 4911 1814 4973 anime
1837 4913 2043 4998 requiescunt

370 5017 451 5083 elisii
477 5013 641 5102 possideat
664 5035 823 5078 amenum.
849 5011 954 5076 Hacta
978 5021 1052 5076 sunt
1074 5011 1136 5076 hec
1157 5025 1231 5076 ante
1256 5014 1406 5076 noticiam
1431 5012 1543 5077 horum
1568 5015 1715 5078 testium:
1740 5016 1886 5101 inprimis
1912 5017 2041 5104 quidem

369 5121 504 5202 Helene,
529 5119 762 5204 gloriosissime
786 5120 906 5203 regine,
938 5116 1088 5203 Gregorii
1117 5117 1309 5182 venerabilis
1342 5118 1541 5184 chroatensis
1572 5122 1725 5208 episcopi,
1758 5121 1917 5188 Joha'nnis
1948 5147 2040 5188 vene·

369 5227 480 5294 rabilis
497 5225 624 5290 abbatis
647 5225 773 5289 cenobii
790 5225 891 5288 sancti
908 5223 1128 5288 Bartholomei
1140 5223 1285 5306 apostoli,
1303 5223 1375 5288 dein
1390 5223 1550 5290 Dominici
1576 5229 1670 5312 tapsi,
1698 5227 1848 5294 Pribinne
1871 5231 2037 5313 cetinstici,

368 5334 481 5401 Jacobi
505 5329 633 5404 Gilfaci
658 5331 763 5396 Adam
800 5331 950 5394 nonensis
975 5331 1094 5415 iupani,
1120 5328 1308 5394 Stsrsninne
1341 5329 1540 5412 brebersticI,
1563 5331 1711 5396 Dasmini
1743 5331 1956 5418 Gorbeustici,
1977 5333 2039 5399 Do-

369 5442 477 5510 minIci
499 5436 657 5502 iadrensis
680 5435 866 5528 sacerdotis,
892 5445 923 5500 et
946 5435 1101 5524 Stephani
1128 5435 1286 5522 capellani
1318 5447 1350 5502 et
1381 5437 1561 5525 presbyteri
1593 5439 1697 5504 sancti
1726 5437 1883 5508 Nicholai.
1914 5439 1957 5506 Et
1979 5462 2037 5530 ego
2111 5520 2114 5529 Ι
