4276 5934
1765 432 1826 496 199

157 621 352 708 spalatinum
377 622 647 708 archiepiscopos,
672 625 820 709 quamuis
853 635 884 686 et
906 624 952 700 illi
977 627 1301 690 excommunicationi
1326 625 1522 707 subiaceant,
1543 623 1585 688 ab
1613 623 1725 686 eodem
1758 623 1828 687 loco

155 729 426 792 remunerationis
450 737 563 792 contra
586 731 664 792 iuris
691 728 836 793 ordinem
861 732 892 793 in
917 733 1008 814 regie
1032 731 1198 818 dignitatis
1222 731 1434 816 preiudicium
1462 739 1534 794 sunt
1560 731 1706 814 promoti.
1728 726 1826 806 'Quia

150 855 227 896 vero
249 842 337 896 tante
361 836 611 920 presumptionis
636 833 805 898 audaciam
824 837 856 897 in
881 837 1029 899 iniuriam
1054 836 1105 899 dei
1130 847 1162 899 et
1178 847 1395 920 contemptum
1415 835 1500 900 sodis
1517 833 1693 920 apostoliae
1710 844 1827 897 attem-

151 947 270 1024 ptatam
291 940 481 1024 impunitam
507 939 688 1026 relinquere
711 963 771 1004 nec
795 963 975 1026 possumus,
999 965 1058 1004 nec
1083 941 1249 1018 debemus,
1272 941 1465 1004 fraternitati
1490 950 1597 1004 vestre
1618 963 1674 1025 per
1697 949 1827 1024 aposto-

150 1043 213 1108 lica
237 1045 356 1129 scripta
381 1043 524 1108 districte
550 1043 756 1129 precipiendo
781 1045 981 1126 mandamus,
1008 1055 1166 1131 qnatenus
1191 1068 1287 1130 super
1319 1047 1485 1131 premissis
1518 1047 1718 1130 inquirentes
1757 1043 1826 1107 dili·

152 1149 281 1233 gentius
306 1149 484 1228 veritatem,
511 1151 536 1211 si
556 1171 622 1212 rem
648 1151 692 1212 ita
717 1152 871 1214 noueritis
895 1172 929 1212 se
953 1149 1083 1230 habere,
1110 1150 1251 1235 prefatos
1278 1150 1315 1213 N.
1341 1160 1371 1214 ot
1395 1151 1446 1228 A.‚
1472 1173 1582 1214 eorum
1601 1150 1827 1228 electionibus,

152 1255 215 1318 imo
239 1255 349 1316 verius
373 1254 607 1318 intrusionibus
632 1257 758 1339 penitus
782 1255 924 1334 irritatis,
957 1258 1255 1320 excommunicatos
1291 1255 1419 1340 publice
1455 1257 1619 1334 nuntietis,
1656 1264 1687 1320 et
1726 1277 1828 1340 usque

151 1359 191 1424 ad
217 1359 411 1442 condignam
434 1359 687 1424 satisfactionem
710 1360 836 1424 faciatis
856 1359 897 1422 ab
922 1360 1071 1424 omnibus
1096 1363 1196 1424 artius
1222 1361 1347 1438 coitari,
1371 1360 1548 1423 districtius
1571 1358 1763 1438 inhibentes,
1788 1381 1827 1422 ns

152 1467 225 1550 quis
249 1467 295 1528 eis
321 1463 455 1528 obtentu
479 1463 672 1528 electionum
697 1463 894 1544 fidelitatem,
927 1465 1145 1530 obedientiam
1176 1466 1227 1529 vel
1263 1468 1478 1529 reuerentiam
1511 1465 1629 1530 audeat
1659 1463 1827 1528 exhibere.

152 1569 260 1634 Nullis
285 1567 399 1632 litteris
424 1569 636 1648 obstantibus,
661 1569 773 1633 harum
799 1574 959 1635 mentione
977 1593 1039 1634 non
1057 1569 1175 1652 habita,
1193 1594 1212 1634 a
1228 1571 1305 1634 sede
1322 1569 1499 1654 apostolica
1517 1571 1706 1654 impetratis.
1732 1569 1827 1649 Quod

151 1677 178 1740 si
203 1697 314 1739 omnes
339 1676 385 1739 eis
409 1675 610 1761 exequendis
635 1697 697 1740 uon
722 1677 889 1761 potueritis
907 1677 1072 1756 iuteresse,
1095 1675 1159 1739 duo
1177 1687 1319 1740 vestrum
1337 1698 1375 1740 ea
1392 1674 1600 1739 nihilominus
1613 1686 1826 1761 exequantur.

152 1781 272 1846 Datum
294 1779 447 1844 Laterani
471 1781 528 1845 III.
553 1779 617 1845 kal.
642 1783 788 1844 ianuarii.

305 1923 431 2018 Tbeiner
452 1980 525 2018 mou.
550 1969 604 2020 vet.
630 1963 699 2018 slav.
723 1980 790 2018 mer.
818 1963 852 2017 T.
876 1963 899 2020 I.
923 1971 974 2020 str.
1000 1962 1029 2020 4.
1052 1963 1168 2018 Katona
1190 1962 1227 2017 Η.
1249 1961 1295 2019 Cr.
1319 1962 1353 2021 T.
1379 1961 1429 2021 lv.
1455 1961 1528 2020 486.

807 2273 1035 2356 ccuxssl.
1063 2275 1172 2357 1198.

156 2447 292 2522 Andriae
313 2451 436 2522 vojnoda
459 2451 603 2530 tractati,
624 2454 797 2526 potordjujc
820 2453 982 2526 dorcounje
1004 2454 1114 2512 errent
1136 2471 1178 2514 so.
1202 2454 1325 2526 Mojsije
1348 2455 1360 2510 s'
1383 2453 1528 2525 Stjcpunc
1552 2470 1571 2510 u
1594 2451 1700 2510 Salina
1714 2467 1749 2509 sa
1764 2467 1829 2509 suo-

641 2576 710 2648 jimi
727 2577 928 2654 pristojoliidi
949 2577 1157 2650 nartbiskupiji
1179 2577 1341 2650 apijetsisoj.

245 2712 251 2719 ’
304 2729 341 2792 In
366 2731 495 2793 nomine
519 2739 630 2794 sancte
654 2729 805 2793 trinitatis
830 2739 861 2793 et
883 2730 1050 2794 indiuiduo
1081 2732 1224 2807 unitatis,
1255 2751 1339 2792 anno
1373 2729 1413 2792 ab
1449 2731 1672 2794 incarnatione
1708 2727 1830 2790 domini

154 2831 374 2897 MOXOVIH.
398 2834 575 2898 indictione
600 2837 714 2918 prima.
739 2833 810 2917 Ego
836 2835 983 2898 Andreas
1006 2835 1057 2898 dei
1081 2837 1186 2917 gratia
1210 2833 1382 2912 Dalmatis,
1409 2833 1571 2913 Obroatis,
1597 2833 1707 2912 Rame,
1730 2829 1828 2896 Chul-

157 2959 273 3022 meque
297 2939 374 3018 dux,
399 2939 554 3004 confirmo
579 2938 672 3002 beato
697 2941 834 3030 Domnio
858 2936 1014 3022 capellam
1039 2941 1140 3001 sancti
1166 2937 1273 3023 Moysi
1296 2947 1328 3001 et
1352 2949 1455 3002 sancti
1480 2938 1635 3022 Stephani
1652 2939 1683 2999 in
1701 2934 1829 3012 Salona,

158 3063 230 3104 cum
254 3044 403 3108 omnibus
426 3045 467 3108 ad
490 3067 544 3108 eas
569 3045 803 3128 pertinentibus
824 3046 856 3106 in
872 3055 1081 3128 perpetuum3
1106 3065 1185 3128 quas
1203 3043 1277 3105 olim
1297 3053 1402 3127 patres
1420 3043 1528 3120 nostri,
1549 3040 1701 3104 videlicet
1718 3039 1830 3124 Geyua

156 3155 214 3209 rex
239 3157 272 3210 et
295 3147 475 3234 Stephanus
501 3149 605 3213 eidem
631 3149 767 3215 ecclesie
794 3151 984 3212 auctoritate
1016 3151 1104 3231 regia
1138 3158 1375 3228 concesserunt,
1418 3157 1594 3210 statuentes
1627 3145 1758 3222 scilicet,
1797 3155 1831 3208 ut

156 3273 219 3316 non
244 3251 341 3316 liceat
364 3254 461 3318 alicui
486 3255 570 3318 bano
595 3254 647 3318 vel
672 3255 818 3340 principi,
845 3277 901 3318 seu
932 3253 1064 3318 cuilibet
1095 3255 1313 3318 ministrorum
1345 3262 1537 3333 nostrorum,
1570 3249 1654 3314 hauc
1687 3263 1829 3314 nostram

161 3357 414 3422 confirmationis
438 3361 553 3422 seriam
578 3359 763 3442 infringere,
788 3359 840 3422 vel
864 3361 893 3422 ei
916 3381 1013 3422 causa
1037 3360 1207 3422 temeraria
1230 3358 1399 3432 contraire,
1432 3368 1487 3420 aut
1518 3358 1620 3440 ipsam
1656 3355 1826 3419 ecclesiam

157 3465 189 3524 in
213 3461 322 3547 aliquo
345 3485 534 3546 aggrauare,
562 3467 630 3528 siue
652 3467 721 3529 eius
745 3467 816 3528 iura
839 3465 1028 3528 diminuere.
1065 3461 1129 3541 Qui
1167 3471 1274 3525 autem
1309 3463 1403 3524 aliter
1441 3459 1549 3524 facere
1580 3461 1829 3543 attcuiptaucrit,

156 3568 273 3631 iratum
297 3563 414 3630 habeat
438 3570 557 3632 trinum
583 3579 615 3632 et
637 3592 735 3633 unum
759 3569 865 3650 deum,
890 3580 923 3633 et
947 3578 1087 3631 nostram
1111 3569 1365 3652 indignationem
1391 3567 1543 3630 incurrat.
1576 3563 1671 3628 Anno
1706 3563 1829 3628 domini

156 3673 256 3735 nostri
280 3671 361 3736 Jesu
386 3670 505 3736 Christi
538 3671 757 3738 MCXCVHI.
796 3673 880 3736 bano
912 3673 1071 3736 existente
1106 3671 1247 3750 andrea,
1285 3669 1428 3754 Georgio
1467 3671 1631 3734 tininiensi
1668 3671 1830 3754 episcopo,

158 3774 317 3839 Michaele
340 3778 534 3860 traguriensi
555 3779 718 3862 episcopo,
742 3777 901 3843 Michaele
926 3777 1133 3842 scardonensi
1157 3778 1318 3862 episcopo,
1354 3776 1496 3839 Matthec
1529 3773 1731 3839 corbauiensi
1766 3775 1831 3858 epi-

157 3901 265 3964 scopo,
290 3879 456 3943 Macharia
479 3883 605 3962 comite,
629 3881 752 3967 Joseph
776 3885 900 3962 comite,
926 3882 993 3945 Bra
1017 3881 1152 3966 (Bels‘l)
1169 3884 1295 3945 comite.
1327 3879 1421 3944 Hanc
1445 3893 1552 3944 nostre
1577 3879 1831 3943 confirmationis

159 3985 309 4068 paginam
335 3985 449 4048 Petrus
474 3985 565 4048 ducis
589 3986 800 4052 cancellarius
831 3988 1007 4066 adnotauit,
1045 3986 1206 4069 prestaldo
1239 3986 1334 4052 huius
1369 3989 1416 4050 rei
1451 3987 1527 4050 dato
1562 3985 1725 4049 Vratislao
1761 3983 1828 4047 lilio

158 4088 312 4153 Vratislai
336 4089 376 4153 de
400 4089 570 4176 Zagrabia.

307 4271 416 4326 Farlati
440 4271 519 4342 illyr.
540 4289 611 4327 sacr.
635 4273 669 4328 Τ.
694 4273 744 4331 111.
769 4281 817 4328 str.
844 4276 915 4329 228.

821 4581 1035 4665 ucuxlv.
1065 4584 1175 4665 1198.

157 4757 293 4831 Andrijcs
315 4761 439 4832 cojuodu
460 4763 604 4837 larvalem,
628 4764 739 4835 stc'uljc
762 4763 914 4836 biskupiju
935 4765 1067 4822 itcarsicu
1086 4766 1149 4837 pod
1179 4765 1395 4836 naddislrttpija
1418 4723 1570 4838 anhelata,
1602 4764 1664 4838 poci
1692 4763 1789 4836 hojum
1821 4764 1831 4818 i

887 4870 969 4940 prtje
992 4869 1094 4940 tante.

309 5019 347 5082 In
373 5021 502 5084 nornine
526 5029 636 5084 sancte
660 5022 811 5085 trinitatis
833 5031 865 5084 et
887 5021 1061 5087 indiuidua·
1090 5025 1230 5088 unitatis.
1255 5022 1350 5087 Anno
1384 5023 1424 5086 ah
1458 5023 1678 5086 incarnatione
1712 5021 1833 5084 domini

158 5123 380 5188 MOXOVIH.
405 5125 579 5190 indictione
599 5127 709 5209 prima.
736 5125 806 5212 Ego
832 5126 980 5191 Andreas
1004 5131 1087 5192 tertii
1113 5127 1191 5192 Bele
1217 5130 1301 5211 regis
1325 5128 1420 5207 filius,
1444 5127 1496 5191 dei
1528 5129 1632 5211 gratia
1657 5125 1828 5206 Dalmatis,

158 5228 299 5307 Oroatis,
324 5228 435 5312 Reme,
460 5229 662 5316 Ohulmeqne
684 5231 753 5296 dux
772 5234 803 5296 in
828 5243 1028 5318 perpetuum.
1053 5231 1213 5313 Quoniam
1238 5233 1345 5298 ducali
1366 5233 1533 5298 serenitati
1568 5233 1639 5296 iura
1669 5239 1702 5298 ct
1728 5229 1835 5316 dispo·
