4300 5930
292 352 356 420 180

287 567 346 634 per
367 545 546 632 apostolica
567 547 690 632 scripta
714 543 916 628 mandamus,
941 551 1101 630 quatenus
1124 543 1273 630 partibus
1297 550 1494 631 conuocatis,
1517 549 1657 614 audiatis
1690 571 1754 636 que
1787 549 1865 616 binc
1897 548 1978 614 inde

286 651 439 718 duxerint
461 649 679 738 proponenda,
703 658 736 715 et
757 670 889 714 causam
912 649 997 713 inter
1020 671 1076 714 eos
1098 650 1222 714 iustitia
1244 648 1298 714 vel
1322 653 1501 720 eoncordia
1528 655 1718 722 terminetis.
1750 654 1874 722 Datum
1906 653 1977 720 La·

286 767 389 831 tersui
411 762 522 830 XVII.
546 763 704 830 kalendas
728 762 808 846 iulii,
830 761 1037 849 pontificatus
1060 765 1164 828 nostri
1186 785 1272 828 anuo
1293 768 1399 829 sexto.

437 929 555 986 Farlati.
579 928 725 1002 Illyricum
749 929 879 988 Sacrum.
902 927 937 988 Τ.
962 927 1016 986 ΙΠ.
1039 945 1067 1002 p.
1092 927 1165 986 22⁷.

979 1221 1139 1305 CCXL.
1166 1223 1278 1306 1196.

375 1401 517 1463 Emcrtlro
538 1403 619 1476 troii
642 1402 779 1462 hmotslrt
799 1402 811 1460 t
832 1401 967 1478 socrati,
991 1401 1124 1476 dopttnje
1147 1401 1256 1474 osjstlei
1279 1402 1382 1462 deaut
1404 1402 1563 1462 brodarirse
1585 1401 1621 1458 tlt
1641 1397 1773 1474 trucciae
1787 1403 1883 1475 opatu

949 1510 1124 1567 smnoataaa
1151 1487 1312 1572 (liladora.

446 1675 642 1742 Laurentius
664 1675 824 1742 litteratus
847 1673 887 1739 de
911 1673 1068 1763 Kajmath
1091 1699 1149 1763 pro
1172 1676 1289 1742 abbate
1312 1685 1345 1743 et
1367 1673 1588 1752 conuentude
1613 1672 1788 1758 Ouikador,
1802 1697 1877 1740 cum
1894 1695 1972 1762 pro·

291 1782 462 1847 curatoriis
483 1779 600 1846 litteris
623 1779 811 1861 eorundem,
835 1781 868 1844 in
891 1782 1036 1868 ipsorum
1060 1780 1218 1846 banorum
1254 1804 1435 1868 exsurgens
1470 1781 1675 1867 presentiam,
1708 1779 1877 1864 respondit
1912 1779 1972 1844 tali

290 1886 404 1952 modo:
428 1884 516 1972 quod
539 1886 695 1952 tributum
718 1884 759 1951 de
782 1884 894 1952 Esaek
914 1888 1002 1972 exigi
1026 1896 1217 1953 consuetum
1254 1909 1312 1974 per
1335 1886 1476 1973 prefatos
1510 1884 1662 1951 abbatem
1697 1895 1730 1950 et
1762 1893 1973 1967 conuentum,

289 1994 374 2058 iuste
398 1999 430 2056 et
453 1990 598 2076 legitime
621 1993 824 2077 exigeretur;
848 2014 924 2058 nam
948 1991 1045 2057 iidem
1069 1990 1173 2058 abbas
1197 2001 1230 2058 et
1251 2001 1433 2058 conuentus
1457 2013 1553 2077 super
1583 1991 1655 2077 ipso
1689 1989 1810 2055 tributo
1845 1989 1975 2054 litteras

289 2096 457 2179 haberent,
478 2106 511 2160 et
529 2095 651 2162 ibidem
675 2097 708 2161 in
732 2095 846 2161 borum
869 2097 1044 2162 verborum
1069 2095 1323 2163 declarationem
1348 2095 1472 2162 litteras
1488 2095 1612 2161 domini
1628 2093 1772 2178 Henrici,
1788 2093 1866 2160 olim
1882 2095 1975 2190 regis

289 2201 469 2286 Hungarie,
495 2199 599 2267 felicis
621 2200 866 2284 recordationis,
890 2200 1120 2288 priuilegiales‚
1141 2203 1202 2268 sub
1226 2225 1340 2288 grosso
1363 2195 1396 2267 et
1417 2200 1556 2267 rotundo
1570 2222 1628 2266 suo
1642 2197 1758 2286 sigillo,
1782 2201 1815 2264 in
1833 2208 1976 2286 quatuor

289 2305 370 2372 locis
392 2328 493 2392 penes
515 2306 689 2394 imaginem
714 2304 822 2390 sigillo
845 2307 879 2370 in
902 2305 1016 2372 eodem
1041 2307 1211 2394 sculptam,
1235 2331 1294 2396 pro
1318 2309 1411 2394 signo
1435 2307 1690 2373 confirmationis
1714 2313 1838 2372 secreto
1863 2302 1973 2390 sigillo

291 2433 350 2478 suo
375 2412 575 2497 consignato,
607 2433 692 2478 anno
727 2413 831 2497 gratie
862 2409 1033 2477 millesimo
1065 2415 1242 2479 centesimo
1278 2415 1487 2499 nonagesimo
1515 2422 1608 2478 sexto
1643 2419 1820 2493 emanatas,
1852 2409 1970 2476 confir·

290 2524 417 2582 mantes
437 2515 585 2582 salubres
609 2516 799 2583 donationes
823 2524 856 2582 et
877 2515 1066 2582 collationes
1090 2517 1195 2584 eidem
1228 2519 1366 2584 ecclesie
1401 2519 1441 2583 de
1477 2515 1641 2582 Ouikador
1675 2539 1732 2602 per
1770 2517 1841 2602 pios
1875 2537 1972 2600 reges

288 2620 469 2707 Hungarie,
493 2620 638 2708 Geysam
661 2620 787 2688 scilicet
809 2642 917 2702 auum,
941 2619 1208 2710 stephanumque
1232 2633 1264 2689 et
1286 2623 1398 2689 Belam
1433 2631 1567 2708 patrem,
1600 2621 1848 2708 predecessores
1877 2620 1968 2685 vide·

289 2725 366 2792 licet
388 2748 464 2792 suos
486 2747 581 2812 reges
602 2725 713 2810 factas,
737 2724 914 2792 eorundem
937 2726 1095 2793 banorum
1121 2727 1293 2796 obtulisset
1315 2730 1521 2815 conspectui3
1538 2725 1705 2812 inquibus
1722 2725 1848 2790 scilicet
1865 2727 1970 2810 ipsius

291 2830 413 2898 domiui
436 2831 571 2898 Hsurici
594 2834 681 2919 regis
705 2832 899 2920 priuilegiali
922 2833 1094 2900 interserta
1116 2834 1190 2900 talis
1218 2833 1363 2900 clausula
1379 2835 1510 2898 iuuenta
1525 2831 1656 2896 diisset:
1673 2831 1845 2895 statuimus
1861 2831 1970 2910 etiam,

291 2944 328 3002 ut
350 2935 553 3024 Hysmaelite
577 2938 630 3002 vel
652 2937 814 3026 Bysseuii‚
838 2937 890 3004 vel
914 2939 1165 3026 cuiuseeumque
1189 2938 1382 3004 conditionis
1406 2936 1551 3002 homines
1573 2936 1645 3019 sint,
1670 2937 1703 3000 in
1727 2934 1796 3000 foro
1813 2933 1917 3017 Ezels,
1934 2945 1968 2999 et

293 3043 328 3106 iu
351 3041 500 3108 omnibus
523 3042 682 3130 portubus
704 3066 825 3129 eorum,
850 3045 906 3132 qui
937 3043 979 3110 ad
1014 3045 1145 3110 eosdem
1179 3043 1296 3110 iratres
1331 3043 1501 3130 pertinent,
1536 3040 1690 3107 tributum
1723 3041 1812 3106 omni
1845 3048 1971 3105 remota

292 3147 463 3214 occasione
485 3146 681 3235 persulcant

449 3325 544 3400 Fejdr.
568 3325 664 3384 Codex
683 3325 761 3399 Dipl.
783 3328 818 3384 R.
840 3329 939 3403 Huug.
962 3329 997 3384 Τ.
1021 3329 1060 3387 ΙΙ.
1082 3335 1131 3386 stt.
1164 3329 1237 3385 303.
1260 3331 1290 3384 la
1326 3331 1433 3386 candus
1465 3329 1561 3388 listins
1592 3329 1769 3388 uadvornika
1803 3327 1972 3385 Vladislara

293 3413 474 3489 Gcrp'anskcg
497 3415 534 3472 od
556 3415 661 3488 godins
685 3415 778 3473 1404.

975 3583 1296 3723 ooxmsnao.

349 3813 468 3876 Dubiis
489 3813 624 3885 Raditur,
648 3815 716 3890 dode
738 3833 760 3876 a
781 3815 920 3878 samiam
941 3817 1065 3879 Dobrs'os'
1086 3817 1154 3879 teat
1176 3818 1319 3879 Prodcau
1346 3799 1501 3891 (latomiae,
1522 3821 1613 3895 ajala
1635 3821 1720 3893 socja
1741 3821 1851 3894 remh'u
1867 3819 1930 3892 ped

1027 3939 1233 4002 Smolsoos'dem.

950 4073 1093 4163 (Provod
1115 4075 1307 4188 talijanski).

442 4229 504 4297 Nel
527 4253 622 4297 nome
645 4229 678 4296 di
703 4229 842 4298 Obristo.
863 4231 901 4296 L'
924 4253 1009 4298 auno
1032 4232 1106 4298 dell’
1130 4233 1357 4301 incarnatione
1379 4235 1434 4301 del
1459 4235 1597 4322 Signoro
1632 4238 1719 4305 1190
1749 4237 1866 4326 (1196)
1897 4238 1975 4303 uell’

292 4334 450 4402 inditione
476 4337 516 4402 14
538 4336 592 4403 nel
615 4345 723 4423 tempo
746 4337 780 4402 di
803 4337 972 4404 Grubessa
995 4335 1099 4404 (lente
1121 4349 1154 4406 et
1176 4339 1229 4404 uel
1252 4341 1407 4406 vicariatu
1431 4340 1464 4406 di
1487 4341 1577 4408 Desa
1597 4343 1749 4410 Zuricba.
1772 4343 1814 4410 Jo
1829 4343 1975 4409 Dabissa

294 4439 417 4527 figliolo
441 4439 494 4506 del
517 4441 679 4529 quondam
701 4440 811 4508 Radco
834 4442 937 4509 faccio
960 4443 1029 4509 fare
1052 4443 1076 4509 il
1098 4453 1248 4531 presente
1281 4449 1404 4513 scritto.
1440 4446 1564 4513 Perche
1601 4448 1665 4514 alla
1700 4471 1858 4536 presence
1894 4448 1976 4514 delli

154 4597 161 4608 ,
291 4545 478 4611 infrascritti
501 4549 665 4614 testimoni
687 4546 729 4612 ho
754 4546 834 4613 latta
848 4547 868 4612 l'
892 4548 1090 4614 infrascritta
1115 4559 1262 4635 permuta
1285 4573 1345 4616 cou
1369 4551 1539 4617 Dabricba
1562 4552 1682 4638 moglie
1698 4552 1729 4617 di
1743 4553 1893 4618 Prodano
1910 4552 1974 4618 Oe-

291 4650 419 4736 lemma,
442 4654 512 4718 ciob
535 4653 676 4720 secondo
699 4653 719 4719 l'
742 4675 864 4720 usansa
887 4652 973 4720 della
1002 4655 1108 4741 patria
1138 4654 1183 4739 gli
1215 4655 1257 4722 ho
1288 4665 1460 4742 asseguato
1497 4679 1608 4723 meaao
1646 4666 1779 4723 vreteno
1815 4659 1849 4722 di
1883 4669 1973 4724 terra

293 4763 376 4822 sotto
401 4757 603 4843 Smocovicb‚
627 4757 711 4824 delle
733 4767 820 4824 terre
843 4758 877 4824 di
899 4757 1109 4842 Andriscus,
1133 4768 1166 4824 et
1191 4759 1307 4826 inoltre
1331 4761 1376 4846 gli
1400 4761 1443 4826 bo
1465 4763 1618 4848 aggionto
1653 4762 1706 4830 26.
1738 4763 1908 4828 Romauati
1942 4762 1976 4827 d’

292 4882 359 4944 oro,
382 4869 415 4926 et
437 4861 479 4928 bo
502 4861 580 4928 tolto
605 4863 637 4928 la
659 4871 745 4929 terra
767 4873 862 4951 posta
885 4887 905 4928 a
927 4862 1037 4928 Barda
1058 4865 1206 4929 incontro
1230 4863 1261 4930 la
1284 4867 1349 4931 mia
1380 4875 1468 4931 terra
1502 4866 1588 4933 dalla
1623 4877 1714 4953 parte
1749 4868 1914 4948 d’orieute,
1940 4867 1975 4934 la

291 4964 367 5052 quel
387 4973 475 5033 terra
498 4967 516 5034 b
539 4969 691 5055 piantata,
715 4978 747 5034 et
768 4968 801 5034 la
822 4968 864 5034 ho
888 4990 983 5056 presa
1006 4990 1068 5034 con
1093 4977 1176 5034 tutta
1200 4969 1231 5033 la
1254 4979 1340 5035 terra
1370 4971 1423 5036 del
1444 4971 1567 5056 figliolo
1590 4972 1623 5037 di
1647 4971 1821 5054 Giovanni,
1844 4995 1903 5037 con
1927 4971 1977 5037 tal

291 5077 381 5157 patto
404 5071 563 5156 ulmodo,
588 5072 637 5137 oh’
659 5073 691 5138 io
714 5072 814 5140 babbi
836 5073 940 5139 libera
963 5081 996 5140 et
1018 5075 1308 5160 assolutapotestb
1330 5075 1362 5140 di
1394 5077 1592 5164 possederis,
1625 5077 1792 5160 venderia,
1824 5077 1972 5162 donaria,

290 5175 423 5243 eterne
446 5197 538 5244 coms
561 5175 680 5266 meglio
703 5199 723 5245 a
749 5199 801 5244 me
822 5178 964 5267 placeris.
987 5177 1051 5246 Per
1073 5187 1187 5267 questo
1211 5178 1346 5247 (lambio
1370 5181 1484 5248 farone
1507 5184 1670 5249 testimoni
1694 5181 1802 5249 Marta
1829 5181 1973 5267 Merula,
