4310 5918
1821 448 1963 513 'll-

182 645 304 729 ganeis,
336 665 449 709 verum
474 645 570 708 etiam
595 649 628 707 et
655 640 804 706 omnibus
820 644 965 730 supanis,
986 644 1174 727 cunctisque
1191 641 1412 708 sacerdotibus
1437 651 1469 706 et
1489 641 1644 706 uniuerso
1668 637 1785 724 populo
1809 661 1867 724 per

181 749 389 814 Sclauoniam
413 759 446 813 et
467 747 663 812 Dalmatiam
685 724 969 828 commorantibus,
993 747 1211 812 dilectissimis
1235 746 1310 810 filiis
1334 748 1462 810 nostris.
1488 745 1608 810 Diuina
1637 745 1865 829 omnipotentis

124 853 129 858 ’
180 854 231 918 dei
252 853 494 941 dispensatione
517 853 579 918 hoe
602 856 730 917 actum¹
758 862 816 935 est,
834 861 868 916 ut
896 851 1070 916 solicitudo
1087 853 1229 916 omnium
1246 849 1452 917 ecelesiarum
1476 849 1569 915 nobis
1598 851 1770 915 commissa
1793 871 1865 914 esse

179 958 349 1037 credatur;
375 981 413 1023 ea
436 957 589 1023 videlicet
612 947 746 1038 ratione,
771 968 807 1021 ut
827 955 985 1042 spirituali
1020 965 1215 1040 augumento
1239 955 1405 1020 valeamus
1427 957 1589 1040 nequitiae
1621 953 1791 1039 caliginem
1815 977 1865 1018 ra-

179 1063 299 1130 dicitus
317 1049 481 1150 extirpare
503 1063 545 1128 ab
569 1065 656 1127 omni
680 1071 772 1127 coetu
793 1059 1061 1134 Christianorum,
1085 1061 1274 1146 praesertim
1297 1057 1438 1142 abillis,
1469 1061 1524 1145 qui
1558 1059 1782 1146 specialissimi
1806 1059 1865 1126 filii

180 1179 313 1234 sanctae
343 1191 496 1234 romanae
528 1167 686 1232 ecclesiae
716 1167 977 1254 comprobantur.
1011 1164 1093 1244 Quis
1126 1166 1210 1228 enim
1244 1164 1398 1249 ambigit,
1434 1163 1655 1229 Sclauinorum
1694 1185 1795 1249 regna
1832 1165 1864 1228 in

179 1275 332 1360 primitiis
370 1272 610 1360 apostolieael,
647 1281 678 1336 et
714 1271 907 1336 uniuersalis
947 1269 1103 1336 ecclesiae
1142 1291 1213 1334 esse
1245 1282 1511 1351 commemorata,
1542 1290 1614 1333 curn
1648 1291 1668 1332 a
1696 1267 1864 1335 cunabulis

178 1401 287 1444 escam
312 1379 562 1466 praedicationis
585 1375 782 1463 apostolicae
807 1375 964 1441 ecclesiae
995 1385 1209 1462 perceperunt
1232 1397 1304 1440 cum
1340 1374 1422 1439 lacte
1455 1375 1571 1456 carnis,
1604 1375 1687 1438 sicut
1717 1371 1864 1440 Saxones

177 1506 265 1548 nouo
289 1493 433 1571 tempore
460 1505 479 1546 a
502 1489 612 1547 nostro
637 1492 841 1548 antecessore
876 1484 947 1567 piae
980 1483 1153 1546 memoriae
1178 1479 1337 1565 Gregorio
1360 1501 1443 1566 papa
1473 1479 1653 1543 doctrinam
1690 1481 1809 1564 pariter
1832 1489 1865 1545 et

176 1587 357 1652 litterarum
393 1587 507 1668 studia,
543 1591 576 1651 in
613 1610 651 1653 ea
684 1585 837 1652 videlicet
867 1585 986 1669 lingua,
1010 1587 1045 1649 in
1068 1607 1132 1670 qua
1156 1583 1282 1649 illorum
1313 1593 1415 1648 mater
1446 1582 1621 1668 apostolica
1646 1582 1784 1648 ecclesia
1806 1585 1862 1648 in-

177 1691 279 1759 fulata
303 1692 462 1758 manebat.
488 1691 583 1756 Unde
606 1690 772 1756 hortamur
796 1715 854 1756 vos
878 1691 1078 1756 dilectissimi
1103 1690 1173 1774 filii,
1190 1700 1225 1754 ut
1243 1691 1361 1754 caritas
1383 1689 1434 1754 dei
1452 1711 1508 1774 per
1532 1687 1635 1754 zelum
1662 1688 1864 1754 rectitudinis

177 1799 212 1862 in
236 1800 355 1862 vestris
379 1797 583 1884 resplendeat
606 1796 767 1880 cordibus,
802 1807 961 1882 quatenus
984 1796 1026 1861 ab
1050 1797 1136 1859 omni
1157 1798 1289 1881 torpore
1314 1796 1430 1858 mentis
1460 1791 1596 1878 expulsi,
1622 1793 1683 1858 deo
1719 1795 1863 1880 omnipo·

177 1905 258 1967 tenti
284 1901 413 1989 placere
437 1904 583 1989 possitis3
607 1905 730 1988 etquis
746 1905 777 1966 in
795 1900 941 1986 decalogi
959 1900 1109 1966 mandato
1137 1901 1343 1965 commissum
1361 1909 1418 1980 est,
1435 1907 1470 1962 ut
1486 1897 1628 1963 decimas
1649 1908 1681 1962 et
1703 1899 1861 1984 primitias
1912 1981 1916 1987 ,

178 2029 222 2071 ex
246 2010 364 2072 nostris
386 2007 594 2072 facultatibus
626 2007 883 2088 contulissemus,
916 2009 948 2070 in
973 2027 1057 2071 nono
1080 2007 1199 2092 quippe
1224 2013 1431 2092 praeceptum
1456 2013 1514 2088 est,
1537 2012 1574 2067 ut
1599 2027 1663 2066 non
1694 2002 1796 2068 solum
1821 2026 1862 2069 ex

176 2111 527 2193 facultatibus,·verum
545 2113 641 2176 etiam
657 2135 700 2176 ex
715 2113 833 2176 nostris
850 2111 963 2177 diebus
982 2113 1013 2175 in
1032 2113 1135 2198 spatio
1164 2113 1250 2176 vitae
1267 2112 1428 2197 praefixis,
1444 2109 1505 2174 deo
1522 2107 1663 2174 decimas
1680 2109 1861 2174 offeramus.

175 2215 273 2281 Unde
297 2216 467 2280 hortamur
490 2240 559 2298 vos,
581 2239 599 2281 o
623 2217 824 2282 dilectissimi
842 2217 910 2298 filii,
932 2227 967 2280 ut
989 2227 1114 2282 vestros
1130 2218 1320 2281 tenerrimos
1339 2236 1455 2301 pueros
1471 2237 1490 2278 a
1505 2211 1674 2278 cunabulis
1697 2215 1730 2277 in
1755 2214 1862 2280 studio

175 2321 355 2386 litterarum
380 2322 441 2387 deo
464 2306 810 2421 offeratis.:Qnatenus
834 2322 989 2387 diuinitus
1013 2321 1174 2388 informati
1198 2343 1257 2386 vos
1281 2321 1348 2385 suis
1371 2317 1644 2384 admonitionibus
1668 2318 1798 2383 valeant
1813 2341 1862 2385 re·

60 2433 75 2460 ·
173 2425 284 2492 leuare
317 2427 358 2492 ab
381 2427 542 2492 illecebris
566 2427 754 2492 delictorum
782 2427 822 2492 ad
848 2449 1018 2513 supernam
1044 2427 1190 2513 patriam,
1215 2429 1247 2491 in
1271 2447 1335 2520 qua
1358 2423 1506 2490 Christus
1531 2433 1589 2507 est,
1615 2445 1688 2488 cnm
1711 2423 1862 2489 omnibns

133 2531 352 2597 *electorum
377 2531 569 2619 agminibus.
594 2532 676 2612 Quis
700 2535 817 2597 etenim
853 2531 1003 2619 specialis
1040 2531 1126 2598 filius
1159 2541 1287 2596 sanctae
1316 2551 1469 2595 romanae
1502 2528 1658 2594 ecclesiae
1690 2531 1773 2593 sicut
1803 2549 1862 2593 ros

173 2639 262 2719 estis,
298 2639 330 2702 in
362 2637 501 2703 barbara
525 2661 581 2702 seu
617 2636 792 2702 solaninica
816 2637 925 2723 lingua
948 2637 1009 2702 deo
1049 2635 1239 2700 sacrifieiran
1278 2635 1375 2699 offere
1410 2632 1613 2698 delectatur?
1641 2633 1711 2699 Non
1743 2635 1863 2720 quippe

171 2742 307 2826 ambigo
339 2751 373 2806 nt
404 2743 435 2806 in
460 2743 506 2806 eis
529 2741 617 2806 alind
643 2744 807 2826 moneat,a
837 2745 898 2806 nisi
930 2741 1008 2806 illud
1042 2741 1127 2826 qnod
1161 2743 1315 2826 seriptum
1352 2743 1420 2805 est:
1445 2739 1498 2804 Ex
1529 2738 1622 2804 nobis
1653 2739 1807 2803 exierunt
1831 2748 1863 2804 et

171 2869 239 2911 non
264 2856 341 2912 sunt
363 2870 405 2912 ex
429 2847 531 2911 nobis.
554 2847 637 2911 Nam
671 2849 696 2912 si
729 2869 771 2911 ex
799 2846 891 2912 nobis
916 2856 1032 2928 essent,
1063 2855 1229 2911 manerent
1251 2847 1369 2930 'utique
1396 2844 1573 2926 nobiscum,
1598 2844 1658 2908 nisi
1689 2845 1722 2907 in
1753 2853 1863 2907 nostra

172 2955 421 3017 conuersatione
445 2963 477 3018 et
499 2953 618 3036 lingua.
648 2951 742 3017 Unde
780 2955 894 3018 iterum
926 2962 1021 3038 atque
1046 2954 1261 3035 iterum,·vos
1285 2971 1460 3032 monemus,
1493 2949 1693 3014 dilectissimi
1728 2947 1795 3027 filii,
1827 2957 1864 3012 ut

173 3057 207 3120 in
246 3057 385 3121 nostra⁴
414 3060 658 3122 conuersatione
700 3059 863 3140 maneatis,
895 3067 928 3120 et
955 3055 1095 3142 linguam
1128 3065 1161 3120 et
1191 3065 1364 3142 praecepta
1395 3055 1738 3120 reuerendissimorum
1776 3055 1859 3139 epis*

172 3183 329 3250 coporum
353 3161 489 3227 Joannis
512 3162 660 3228 seilicet⁵
698 3173 828 3227 sanctae
862 3161 1096 3226 anchonitanae
1128 3160 1294 3240 ecclesiae,
1326 3170 1358 3224 et
1388 3159 1508 3224 Leonis
1546 3161 1645 3224 nostri
1676 3157 1857 3222 familiaris-

174 3267 248 3330 simi
273 3290 293 3330 a
316 3277 426 3332 nostro
444 3267 544 3332 latere
560 3267 653 3332 vobis
672 3267 881 3341 transmissis,
900 3267 931 3330 in
949 3266 1099 3330 omnibus
1116 3266 1209 3330 nobis
1228 3263 1360 3346 creduli,
1388 3275 1484 3350 atque
1509 3265 1686 3350 perspicaci
1703 3263 1862 3327 industria

173 3371 297 3436 suffulti
333 3382 464 3436 sanctae
495 3372 689 3458 palestricae
725 3371 880 3437 ecclesiae
923 3372 1073 3437 audiatis.
1097 3369 1193 3449 Quod
1218 3371 1311 3440 vobis
1335 3371 1488 3434 attentius
1520 3367 1792 3450 commendamus,
1827 3376 1863 3432 ut

172 3475 303 3541 illorum
328 3476 603 3542 admonitionibus
626 3476 795 3559 obediatis,
827 3484 859 3541 et
892 3475 1049 3562 quidquid
1082 3475 1175 3539 vobis
1195 3475 1236 3540 ab
1265 3475 1328 3538 illis
1352 3475 1507 3538 iniustum
1540 3473 1636 3538 fuerit
1664 3495 1706 3537 ex
1739 3473 1857 3536 diuinis

171 3580 244 3646 sina
265 3583 430 3646 canonicis
452 3584 660 3668 argumentis,
685 3581 745 3648 sub
770 3585 855 3648 omni
872 3581 1036 3646 celeritate
1053 3580 1240 3646 obedienter
1256 3579 1433 3665 adimplere
1449 3581 1595 3662 satagite,
1621 3579 1647 3641 si
1671 3599 1735 3641 non
1762 3575 1860 3642 vultis

174 3688 374 3772 sequestrari
396 3709 416 3750 a
438 3697 547 3751 nostro
576 3686 724 3769 collegio.

336 3815 366 3869 Iz
384 3814 518 3886 rnkopisa
539 3815 725 3870 barberinste
748 3815 890 3886 knjitnice
912 3833 930 3870 u
954 3816 1045 3872 Bima.
1070 3815 1197 3871 Historia
1213 3813 1378 3871 Salonitana
1394 3811 1463 3868 cod.
1491 3811 1568 3868 XVI.
1594 3811 1644 3866 35.
1668 3811 1778 3885 (3481)
1802 3811 1858 3868 list.

176 3903 251 3958 130.
273 3902 392 3998 Farlati'
407 3903 552 3974 illyricum
577 3921 688 3958 sacrum
712 3903 746 3956 T.
771 3903 821 3957 111.
845 3899 971 3958 stn'94.
1798 3902 1807 3910 “

810 4191 922 4276 XCI.
950 4193 1043 4276 (llto
1073 4215 1110 4294 g.
1138 4191 1226 4278 925.
1328 4261 1330 4264 -

173 4336 254 4396 Iona
271 4332 312 4396 X.
329 4351 417 4409 popa
431 4353 584 4410 auyooara
600 4335 723 4409 ttslsupe
738 4335 936 4396 dclmnttnslse
952 4339 963 4396 ι’
978 4338 1117 4398 tractate
1139 4339 1215 4397 neto
1231 4336 1330 4412 soprle
1352 4335 1448 4395 oedem
1463 4333 1599 4408 bubavju
1622 4334 1707 4408 njeru
1729 4333 1854 4405 rimslru,

390 4443 580 4502 istos-ieatvdi
602 4439 949 4521 componderationem
973 4443 1081 4513 ateana
1102 4441 1278 4516 sabroajuje
1300 4442 1439 4516 litaretis
1461 4429 1680 4511 stonense..

333 4575 477 4640 Joannes
501 4580 671 4662 episcopus
707 4599 819 4642 seruus
841 4599 1007 4642 seruorum
1028 4575 1089 4652 dei,
1103 4576 1383 4644 ,reuerendissimo
1415 4585 1447 4640 et
1470 4577 1674 4640 sanctissimo
1688 4573 1855 4648 ‚confratri

175 4688 284 4745 nostro
310 4679 429 4744 Joanni
454 4695 584 4746 sanctae
608 4681 808 4746 salonitanae
844 4681 999 4746 ecclesiae
1018 4680 1261 4768 archiepiscopo
1286 4681 1499 4766 omnibusque
1523 4680 1746 4764 suffraganeis.
1773 4679 1855 4745 Cum

175 4785 289 4868 religio
320 4795 447 4848 vestrae
481 4785 662 4850 dilectionis
697 4809 754 4872 per
788 4797 836 4851 tot
869 4809 1024 4850 annorum
1063 4786 1224 4850 curricula
1246 4795 1278 4850 et
1309 4787 1466 4850 mensium
1499 4788 1604 4870 spatia
1642 4796 1784 4849 sanctam
1808 4805 1858 4850 ro·

175 4911 303 4954 menam
327 4889 497 4953 ecclesiam
522 4891 758 4977 apostolicam⁶
777 4901 873 4976 atque
891 4889 1115 4973 uniuersalem,
1132 4893 1164 4954 in
1183 4893 1274 4956 cuins
1291 4889 1444 4955 cathedra
1459 4887 1519 4954 deo
1535 4899 1665 4954 auctore
1690 4911 1748 4954 nos
1768 4911 1857 4974 prae·

171 4995 328 5075 ‚sidemus,
353 4995 485 5059 visitare
509 4996 723 5080 neglexerit‚⁷
754 4997 883 5059 omnino
916 4997 1079 5060 miramur.
1116 4993 1198 5060 Cum
1234 5018 1291 5081 per
1323 4995 1465 5060 caritatis
1495 5003 1726 5078 augumentum
1748 4993 1852 5058 omnis

283 5193 425 5249 ¹Fsrlati
446 5192 559 5248 factum.
590 5189 651 5248 ⁹F.
675 5193 704 5247 in
728 5191 857 5264 primitiis
876 5193 1075 5264 apostolorum.
1113 5187 1174 5248 ³1⁴¹.
1197 5193 1316 5263 dodaje:
1338 5192 1435 5263 quiin
1459 5191 1614 5246 sclauinica
1637 5191 1735 5262 lingua
1767 5191 1853 5246 sacri-

1 5267 2 5278 *
114 5307 123 5316 ·
175 5279 259 5339 ficare
276 5282 459 5338 'contendunt
502 5274 563 5335 *Β
588 5289 680 5336 vestra
715 5276 775 5336 η’.
793 5281 920 5350 iapustio.
950 5275 1012 5335 ⁶F.
1035 5298 1179 5336 romanam
1201 5288 1230 5336 et
1253 5281 1435 5352 apostolicam
1470 5287 1557 5350 atque
1589 5278 1773 5360 uniuersalem
1810 5295 1855 5338 ec·

175 5369 297 5426 elesiam.
323 5363 386 5424 ⁷F.
409 5368 540 5446 neglexit.
