4310 5918
1815 395 1872 460 101

175 580 217 638 et
245 573 478 660 proheredibus
502 574 595 641 vobis
616 583 648 642 et
663 578 781 642 vestris
798 578 1039 644 suecessoribus
1062 581 1133 645 suri
1149 579 1251 646 obrizi
1269 579 1369 647 libres
1386 584 1540 670 quinque.
1562 583 1606 649 Et
1621 583 1683 650 beo
1707 587 1877 674 promissio

172 681 348 766 usquein
373 689 562 766 perpetuum
587 691 715 746 maneat
737 685 771 748 iu
795 705 853 748 sue
876 683 1038 750 firmitate.

401 785 535 880 Signum
552 809 666 851 manus
688 786 850 872 Serenioo,
868 789 922 874 qui
940 787 1001 854 boo
1019 789 1091 854 fieri
1108 793 1244 876 rogauit.

399 889 471 978 Ego
497 891 669 979 Presbyter
692 892 815 974 Dobro,
839 916 935 958 manu
961 917 1033 960 mes
1054 895 1242 984 subscripsi.

400 995 533 1082 Signum
559 1019 672 1062 munus
697 997 782 1062 Petri
807 997 948 1064 Sosmini
972 1021 1002 1086 q.
1028 999 1058 1065 b.
1083 1000 1104 1066 i.
1129 1023 1153 1065 r.

460 1149 475 1184 „
602 1153 617 1184 ‚,
693 1102 810 1167 Marini
835 1101 1009 1190 Strsdrsgo
1034 1127 1074 1168 m.
1099 1127 1125 1169 s.

459 1252 475 1288 „
601 1255 617 1292 „
691 1205 843 1272 Resinioo
867 1232 892 1274 s.
919 1232 958 1273 m.
985 1208 1136 1274 Voointo.

397 1311 468 1396 Ego
493 1309 609 1376 vitalis
633 1313 803 1400 episeopus
827 1312 867 1378 ds
887 1313 1016 1380 ciuitate
1042 1313 1150 1400 Vegle
1175 1322 1212 1380 tt.
1237 1339 1279 1382 ss.

399 1417 471 1502 Ego
495 1417 618 1482 Marius
641 1417 812 1506 presbyter
834 1429 856 1484 t.
882 1441 924 1485 ss.

397 1521 469 1608 Ego
491 1521 636 1592 Josnnes
659 1531 681 1588 t.
704 1545 746 1588 ss.

397 1627 469 1712 Ego
493 1626 641 1694 Andreas
664 1631 752 1716 prior
776 1628 816 1694 de
836 1629 967 1694 oiuitste
993 1629 1152 1714 voglensi.

394 1734 466 1820 Ego
491 1733 681 1800 Dominious
709 1735 873 1800 Trutisnis
896 1735 1054 1822 Msydisti
1078 1735 1109 1802 b.
1134 1759 1176 1802 ss.

306 1873 309 1876 ·
397 1840 467 1924 Ego
489 1841 635 1906 Marinus
658 1838 825 1928 presbyter
848 1851 880 1906 et
906 1843 1049 1906 noterius
1066 1842 1181 1928 soripsi
1197 1851 1228 1906 et
1247 1863 1304 1927 per
1321 1841 1438 1908 tradita
1461 1841 1620 1930 oomploui
1644 1853 1675 1908 et
1698 1844 1863 1912 roboraui.
1898 1831 1904 1842 ⁹

342 1996 452 2072 Fsrlsti
472 1999 507 2052 T.
531 1996 566 2053 V.
586 2003 644 2052 str..
666 1997 737 2051 639.

440 2439 444 2446 .
554 2355 648 2440 cxl
675 2355 788 2438 1018.
816 2357 1005 2457 mleseos'
1024 2355 1244 2438 kolovom.
1273 2355 1336 2438 Ns
1363 2356 1509 2458 osum.

177 2513 313 2574 Osorooi
348 2493 495 2590 omssujn'
521 2533 552 2576 se
588 2515 699 2577 Ottonu
729 2517 828 2578 duddo
859 2501 1060 2577 mtetadlsomu'
1083 2532 1104 2574 u
1133 2517 1190 2575 ime
1217 2515 1319 2577 danto
1347 2517 1450 2576 dovoti
1473 2517 1563 2576 erote
1582 2517 1690 2591 podius
1712 2515 1868 2577 detorsisset

898 2621 1030 2681 tumebit
1052 2619 1155 2680 totuis.

339 2794 376 2858 Iu
394 2794 523 2858 nomine
538 2793 590 2860 dei
607 2795 710 2859 sterni
729 2793 844 2880 (1018)
865 2832 900 2842 -
921 2829 1017 2842 --
1030 2792 1061 2856 in
1076 2801 1344 2876 mensssugusto,
1361 2790 1546 2866 indictione,
1560 2793 1717 2880 prima,in
1734 2793 1866 2859 ciuitate
1946 2795 1947 2800 ’

175 2899 319 2966 Abssro.
346 2899 561 2964 Promitentes
584 2901 809 2984 promittimus,
831 2897 1026 2984 spondentes
1042 2897 1239 2984 spondemus
1255 2920 1312 2984 per
1328 2897 1388 2964 hoo
1405 2897 1569 2963 vinculum
1593 2900 1864 2985 ropromissionis.

177 3005 253 3089 Ego
276 3004 406 3092 quidem
434 3004 591 3070 Martinus
608 3004 702 3072 buius
720 3005 859 3072 ciuitatis
877 3007 1057 3090 spiscopus,
1075 3003 1171 3068 simul
1187 3013 1219 3070 et
1234 3002 1378 3068 Josnnes
1406 3005 1503 3091 prior,
1519 3006 1564 3072 itu
1588 3009 1622 3072 et
1643 3017 1754 3070 omues
1777 3003 1866 3070 bebi·
1972 3084 1975 3088 ¹

177 3121 284 3176 tentes
301 3113 333 3176 in
351 3112 414 3176 ism
432 3134 529 3198 supra
545 3113 664 3198 seripts
683 3113 822 3188 ciuitate,
839 3119 904 3176 tam
918 3110 1023 3176 olerus
1047 3121 1079 3176 et
1097 3109 1244 3197 populus,
1268 3131 1341 3174 cum
1373 3108 1614 3175 suecessoribus
1638 3119 1671 3176 et
1693 3109 1867 3176 heredibus

177 3227 212 3281 et
236 3217 466 3302 proheredibus
490 3219 618 3298 uostris,
641 3217 733 3282 vobis
757 3217 886 3304 quidem
912 3219 1043 3283 domino
1074 3215 1184 3282 Ottoni
1209 3217 1327 3280 se‘niori
1353 3224 1473 3299 nostro,
1505 3215 1578 3282 duoi
1603 3215 1811 3282 Venetisrum
1834 3226 1867 3282 et

178 3322 446 3397 Delmatioorum,
467 3333 499 3388 et
514 3321 756 3388 suecessoribus
776 3325 905 3406 vestris,
930 3321 1084 3390 tributum
1101 3322 1178 3389 dsrs
1196 3322 1410 3408 promittimus
1427 3322 1521 3388 vobis
1547 3332 1579 3388 st
1602 3331 1711 3388 vestro
1735 3321 1864 3408 palutio,

177 3429 330 3514 omnique
354 3451 439 3494 anno
462 3430 495 3494 in
519 3429 686 3494 natiuitste
710 3428 832 3494 domini
869 3429 970 3494 nostri
994 3427 1097 3494 Jbesu
1124 3427 1245 3494 Christi
1267 3427 1367 3514 pelles
1391 3430 1596 3510 marturinae,
1628 3450 1855 3514 numeroque·

178 3533 337 3616 draginta,
357 3533 444 3619 quod
468 3534 496 3598 si
519 3532 581 3598 hoo
609 3543 694 3598 reete
711 3535 743 3598 in
767 3535 936 3620 prestituto
955 3542 1109 3619 tempore,
1127 3542 1162 3598 ut
1174 3535 1321 3618 superius
1338 3533 1464 3617 legitur,
1488 3555 1550 3597 uon
1566 3533 1858 3614 obserusuerimus‚

180 3661 372 3725 componere
394 3641 610 3726 promittimus
635 3661 707 3707 oum
748 3639 989 3706 successoribus
1013 3650 1046 3704 et
1068 3637 1241 3706 heredibus
1271 3641 1399 3720 nostris,
1428 3637 1521 3702 vobis
1556 3648 1588 3702 et
1619 3638 1862 3704 suecessoribus

177 3747 313 3828 vestris,
344 3747 414 3812 suri
447 3743 546 3810 libras
574 3746 732 3834 quinque,
761 3753 793 3812 et
822 3744 882 3812 heo
912 3747 1133 3832 promissionis
1165 3743 1311 3810 ohsrtuls
1342 3743 1526 3832 plenissimo
1564 3753 1691 3809 msusst
1723 3745 1756 3808 in
1791 3765 1852 3808 sus

177 3852 339 3917 firmitate.

389 3957 525 4042 Signum
549 3977 663 4022 msnus
687 3957 812 4042 prioris,
842 3957 897 4042 qui
922 3954 984 4022 hoo
999 3955 1069 4021 fieri
1092 3957 1228 4040 rogauit.

389 4061 524 4146 Signum
549 4085 662 4128 manus
686 4061 799 4127 Vietro
828 4111 877 4146 .„
951 4113 965 4140 „
1025 4111 1039 4139 „

456 4215 472 4251 „
585 4219 598 4258 Ρ
687 4166 871 4244 Danulo„
944 4213 1033 4250 „,‚
1142 4159 1169 4250 „¹

455 4323 470 4358 ,‚
583 4326 598 4356 „
682 4273 814 4337 alterius
838 4271 959 4353 viano,
984 4273 1039 4358 qui
1063 4271 1124 4336 hoo
1148 4273 1215 4338 fiori
1240 4271 1376 4354 rogauit.

454 4429 469 4458 „
582 4427 597 4461 ,‚
683 4377 795 4442 Dabro
820 4379 874 4464 qui
901 4377 962 4442 boo
984 4378 1052 4443 fieri
1076 4377 1212 4462 rogauit.

455 4532 470 4565 u
582 4529 596 4563 u
683 4483 769 4550 Petri
839 4531 855 4566 u
916 4529 932 4564 s
1001 4529 1016 4565 u
1128 4532 1141 4560 s

457 4639 471 4670 „
584 4635 599 4670 ‚,
683 4588 813 4653 Martini
839 4637 861 4670 η,
916 4637 932 4673 „
1003 4639 1017 4670 „
1127 4637 1142 4672 „

454 4742 469 4774 s
581 4693 848 4778 „Adami„
911 4743 1010 4774 ss
1121 4741 1136 4776 u

385 4799 456 4885 Ego
480 4800 602 4866 Marius
626 4800 780 4865 dissonus
811 4821 905 4864 msuu
930 4821 1001 4865 mes
1023 4799 1209 4885 subscripsi.

410 4953 425 4988 „
481 4905 585 4971 Ursus
608 4905 764 4971 diaconus
841 4955 868 4986 „,
979 4953 995 4988 „
1112 4956 1126 4986 ,‚

410 5059 426 5092 „
450 5059 454 5064 -
481 5011 651 5098 presbyter
674 5011 789 5076 Petrus
858 5061 871 5091 „
984 5059 999 5094 ,,
1075 5007 1127 5094 ’,,

385 5114 520 5199 Signum
544 5139 657 5182 manus
681 5116 813 5182 alterius
836 5115 959 5194 Visum,
978 5116 1032 5202 qui
1058 5113 1118 5180 boo
1141 5118 1209 5182 fieri
1235 5113 1369 5200 rogauit.

452 5269 467 5306 η
584 5269 599 5304 ,,
684 5221 827 5305 Demiro,
851 5223 906 5308 qui
925 5220 987 5287 hoo
1010 5221 1078 5286 fieri
1104 5225 1239 5308 rogauit.

453 5371 469 5408 „
583 5376 597 5407 „
682 5327 792 5394 Bsrbs
863 5378 877 5407 ,
943 5378 957 5408 „
1031 5377 1046 5412 „
1140 5380 1155 5410 ‚,
