4310 5918
283 433 347 498 100

281 621 400 688 Vitatis
424 627 595 710 episeopus
618 622 714 686 huius
739 625 879 688 ciuitatis
911 647 984 688 cum
1007 633 1075 690 toto
1100 625 1197 708 clero,
1222 625 1317 690 simui
1341 647 1413 690 cum
1437 625 1569 691 Andrea
1593 627 1709 711 priore,
1732 627 1829 690 itaet
1851 647 1965 690 omnes

277 727 474 794 habitatores
499 731 532 794 in
556 730 687 793 ciuitate
704 730 775 807 ista,
794 751 865 793 cum
884 732 1001 794 uostris
1021 733 1263 796 successoribus
1280 741 1312 796 et
1329 731 1501 796 heredibus
1525 755 1564 796 ao
1580 731 1812 816 proheredibus
1836 733 1966 813 nostris,

276 832 370 899 vobis
387 833 516 899 domino
533 833 653 918 Ottoni,
671 837 787 898 seniori
812 845 928 917 nostro,
954 835 1028 900 duci
1051 835 1281 900 Venetieorum
1304 859 1342 900 ac
1366 835 1620 900 Dalmaticorum
1640 847 1681 900 et¹
1697 839 1814 900 vestris
1839 858 1967 900 succes-

282 939 420 1022 sorihus,
443 939 598 1005 tributum
623 938 716 1004 vobis
740 940 818 1003 dare
854 941 1069 1024 promittimus
1104 949 1135 1004 et
1158 949 1268 1005 vestro
1290 939 1434 1020 pellati0,
1455 943 1608 1025 omnique
1631 963 1716 1004 anno
1741 943 1773 1004 iu
1798 943 1968 1004 natiuitate

279 1043 402 1109 domini
426 1047 528 1110 nostri
551 1044 656 1110 Jhesu
680 1043 802 1108 Christi
825 1045 926 1129 pelles
943 1045 1092 1131 vulpinas
1109 1068 1242 1111 numero
1260 1048 1401 1130 triginta.
1428 1045 1520 1126 Quod
1540 1049 1566 1109 si
1589 1044 1651 1109 hoc
1667 1057 1753 1110 recte
1777 1048 1808 1109 in
1834 1048 1967 1132 prestito

278 1158 433 1235 tempore,
446 1160 481 1214 ut
494 1151 642 1236 superius
656 1149 781 1233 legitur,
799 1171 861 1214 uon
879 1150 1178 1235 obsequauerimus,
1190 1174 1383 1238 componere
1401 1153 1617 1238 promittimus
1635 1173 1708 1216 eum
1725 1151 1968 1216 suecessoribus

278 1263 311 1319 et
334 1254 507 1320 heredibus
525 1257 643 1320 nostris
663 1255 765 1336 vobis,
783 1265 816 1320 et
831 1256 1075 1320 successoribus
1092 1259 1209 1321 vestris
1225 1259 1294 1320 anri
1312 1257 1412 1322 libras
1437 1259 1600 1343 quinque3
1618 1267 1650 1321 et
1667 1257 1726 1321 hec
1743 1258 1969 1342 promissionis

278 1359 400 1424 cartula
423 1359 609 1446 plenissime
635 1371 763 1426 maneat
784 1363 817 1424 in
841 1383 899 1426 sua
922 1361 1086 1426 firmitate.

437 1465 510 1550 Ego
534 1464 651 1531 Vitatis
675 1468 855 1552 episcopus.
1124 1467 1196 1552 Ego
1219 1467 1287 1531 Leo
1312 1468 1490 1554 presbyter.

438 1569 510 1656 Ego
533 1571 649 1636 Petrus
672 1571 837 1636 diaconus.
1124 1572 1197 1656 Ego
1221 1573 1413 1637 Dominicus
1436 1573 1602 1636 diaconus.

436 1675 509 1762 Ego
532 1677 619 1741 Maio
643 1677 822 1770 presbyter.
1124 1676 1196 1762 Ego
1219 1677 1334 1742 Petrus
1363 1677 1541 1763 presbyter.

438 1781 510 1866 Ego
534 1779 647 1846 (tando
676 1782 856 1868 presbyter.

438 1885 572 1972 Signum
597 1909 710 1950 manus
734 1885 866 1951 Andree
890 1887 1015 1973 prioris.
1123 1882 1257 1970 Signum
1282 1907 1397 1950 manns
1420 1885 1550 1951 Leonis.

499 2041 514 2070 „
630 2041 646 2076 „
737 1992 847 2056 Barba
1183 2039 1199 2074 „
1310 2037 1326 2072 „
1418 1990 1550 2056 alterius
1577 1990 1707 2057 Leonis.

500 2149 514 2176 „
629 2143 645 2178 ,‚
737 2096 911 2164 Valentini.
1184 2143 1199 2176 „
1313 2145 1327 2174 ,
1419 2096 1515 2160 Petri.

502 2251 518 2287 „
632 2251 648 2280 „
739 2201 834 2267 Justi.
1184 2246 1199 2281 „
1311 2245 1327 2281 ,‚
1418 2200 1563 2266 Joanuis.
1608 2205 1660 2276 ’,

498 2355 514 2392 „
721 2294 873 2370 'Joannis
1184 2353 1198 2384 ,
1313 2354 1327 2382 „
1419 2303 1541 2370 Dabro.

499 2461 514 2493 „
738 2411 870 2475 atterius
894 2411 1041 2477 Joannis.
1181 2459 1196 2489 ,‚
1417 2409 1552 2474 Voneto.

498 2567 514 2599 ,
625 2564 640 2599 „
732 2515 896 2600 Dominici
1419 2516 1572 2580 Berzana.

498 2671 512 2697 „
625 2669 642 2704 „
733 2619 896 2706 Gregorii.
1183 2671 1198 2701 „
1310 2669 1323 2695 „
1417 2621 1594 2685 Laurentii.

499 2777 514 2811 „
626 2775 641 2811 „
733 2725 839 2791 Bassi.
1183 2774 1198 2808 „
1311 2776 1325 2806 „
1418 2725 1518 2790 Booio
1542 2735 1574 2790 et
1604 2726 1750 2792 aliorum.

438 2833 509 2918 Ego
534 2831 678 2896 Marinus
702 2831 873 2917 presbyter
895 2829 979 2894 hano
1001 2827 1157 2894 cartulam
1182 2831 1307 2914 scripsi,
1331 2830 1469 2910 firmani,
1493 2841 1589 2916 atque
1612 2831 1781 2916 compleui.

1308 2456 1323 2491 a

1310 2563 1325 2598 o

442 2980 538 3037 Codex
557 2979 729 3036 Treuisanus
753 2979 772 3032 1.
798 2979 869 3032 145.
893 2978 920 3034 U
944 2965 1062 3034 bedkom
1084 2977 1232 3032 dvorshom
1256 2975 1364 3031 arhivu.

578 3341 661 3427 CX.
688 3288 813 3428 1018ss
828 3341 1015 3446 mteseca
1040 3341 1262 3424 helorona'.
1290 3339 1327 3423 u
1350 3339 1488 3440 gradu
1515 3340 1651 3424 Krku.

281 3544 377 3628 Krtht
392 3543 559 3602 stuoovm'ot
575 3542 612 3600 oct
630 3539 693 3642 Cha
710 3542 824 3601 Fiesote
849 3537 991 3614 oboeruja
1006 3558 1036 3600 se
1054 3539 1150 3620 Otonu
1173 3538 1272 3598 dutdu
1292 3539 1491 3606 mtetattoma,
1515 3555 1535 3596 a
1557 3539 1614 3598 iore
1629 3539 1740 3624 doato,
1755 3542 1843 3600 ovate
1856 3541 1970 3615 podiae

766 3727 769 3732 Ι
865 3647 969 3706 dovoti
985 3646 1105 3719 pedeset
1127 3644 1258 3704 hunatih
1280 3641 1383 3704 acerra.

439 3785 476 3849 In
501 3785 630 3848 nomine
654 3783 705 3846 dei
730 3792 762 3846 et
784 3781 954 3846 saluatoris
972 3783 1086 3845 'nostri
1109 3779 1211 3845 Jhesu
1237 3771 1367 3859 Christi,
1401 3802 1486 3844 anno
1509 3779 1551 3844 ab
1574 3781 1793 3847 incarnatione
1817 3784 1965 3848 eiusdem

283 3891 494 3976 redemptoris
519 3888 630 3969 nostri,
649 3885 818 3950 millesimo
836 3897 949 3950 octauo
966 3885 1099 3967 decimo,
1118 3909 1228 3950 mense
1245 3887 1383 3968 augusti,
1418 3885 1593 3949 indictione
1618 3885 1640 3950 i,
1664 3886 1701 3950 In
1726 3889 1856 3952 ciuitate
1880 3913 1966 3974 quae

281 4005 414 4061 vocatur
429 3993 544 4078 Vegla.
561 3991 764 4078 Spondentee
786 3991 990 4076 spondemus,
1017 4001 1049 4055 et
1066 3993 1287 4076 promittentes
1304 3991 1528 4076 promittimus,
1553 4013 1611 4055 nos
1635 3992 1765 4078 quidem
1791 3992 1965 4076 Godostro,

280 4103 335 4188 qui
351 4099 445 4164 modo
462 4107 596 4164 vocatur
612 4095 771 4172 Serenieo,
790 4095 939 4161 habitans
952 4097 983 4159 in
998 4093 1068 4159 Cha
1080 4094 1107 4157 F
1109 4095 1197 4173 isole,
1215 4118 1278 4159 una
1291 4099 1411 4181 pariter
1427 4119 1498 4160 eum
1513 4097 1623 4162 Dahro
1640 4097 1839 4185 presbytero,
1866 4112 1965 4187 atque

280 4204 429 4272 omnibus
454 4201 687 4269 habitatoribus
705 4201 847 4286 predicte
867 4211 973 4266 nostre
990 4201 1129 4264 ciuitatis
1147 4200 1217 4264 Cha
1241 4201 1358 4283 Fisole,
1380 4225 1451 4266 cum
1477 4205 1594 4266 nostris
1618 4203 1799 4288 heredibus,
1813 4205 1964 4290 prohere-

280 4312 376 4378 dibus
392 4331 431 4374 aa
454 4307 693 4373 successoribus
714 4308 812 4387 urbis,
835 4307 952 4372 domno
973 4303 1082 4370 Ottoni
1108 4305 1182 4369 duci
1214 4305 1421 4371 Venetiarum
1448 4317 1544 4393 atque
1577 4307 1820 4394 Dalmatiarum,
1845 4315 1965 4376 seniori

281 4425 401 4496 nostro,
425 4423 456 4478 et
479 4416 547 4478 eius
572 4412 743 4477 heredibus
760 4435 798 4476 ae
821 4399 1053 4497 proheredibus
1070 4421 1101 4474 et
1126 4411 1375 4494 successoribus,
1401 4411 1552 4476 videlicet
1574 4413 1690 4478 amodo
1713 4415 1745 4477 in
1769 4427 1863 4480 antea
1886 4417 1965 4482 dare
2051 4475 2061 4502 ‚

281 4521 375 4586 vobis
398 4517 574 4583 dbeamus
598 4539 655 4603 pro
680 4517 808 4598 tributo,
835 4518 992 4602 usquein
1017 4520 1257 4600 sempiternum,
1282 4540 1340 4602 per
1360 4539 1486 4581 omnem
1503 4541 1621 4581 annum
1647 4517 1746 4603 pelles
1771 4525 1963 4588 marturinas

284 4626 384 4690 bonas
407 4623 601 4709 quindecim,
626 4624 658 4684 in
683 4621 850 4686 natiuitate
867 4622 987 4686 domini
1004 4607 1103 4686 nostri
1120 4620 1223 4686 Jhesu
1239 4621 1370 4704 Christi,
1388 4645 1444 4708 per
1475 4633 1618 4686 nostrum
1638 4628 1800 4709 proprium
1819 4629 1962 4710 missum,

161 4744 164 4750 '
281 4753 320 4794 ac
336 4727 448 4793 fideles
465 4749 538 4792 esse
553 4727 729 4791 debeamus
754 4749 811 4791 nos
830 4748 903 4790 cum
919 4725 1092 4792 heredibus
1111 4749 1150 4791 ac
1166 4726 1398 4812 proheredibus
1416 4723 1544 4808 nostrii,
1564 4729 1657 4792 vobis
1672 4739 1705 4794 et
1721 4733 1962 4798 successoribus

283 4835 408 4916 vestris,
431 4841 462 4897 et
486 4831 582 4896 ullam
607 4833 866 4896 contrarietatem
891 4853 950 4896 noc
986 4831 1193 4897 damnitatem
1219 4834 1335 4897 vestris
1359 4831 1508 4898 fidelihus
1533 4833 1639 4898 faeere
1662 4834 1847 4918 debeamus,
1873 4839 1960 4924 quod

282 4939 353 5024 plus
378 4940 471 5002 citius
496 4939 671 5022 poterimus
689 4948 752 5001 tam
778 4939 810 5000 in
835 4937 896 5020 die,
915 4960 1010 5023 quarn
1036 4938 1067 5001 in
1092 4947 1193 5018 nocte,
1226 4949 1258 5002 et
1280 4939 1443 5002 adiutores
1467 4946 1499 5002 et
1519 4938 1705 5006 defensores
1736 4943 1783 5005 eis
1815 4965 1886 5006 esse
1908 4942 1962 5008 de-

282 5043 427 5110 beamus.
460 5041 530 5106 Heo
561 5052 667 5107 autem
694 5044 810 5124 omnia,
835 5053 870 5107 ut
894 5065 992 5129 supra
1018 5043 1143 5127 legitur,
1177 5043 1350 5108 obseruare
1384 5051 1415 5108 ct
1446 5044 1623 5131 adimplere
1654 5047 1870 5132 promittimus
1893 5049 1963 5114 siue

284 5151 371 5214 omui
394 5148 640 5228 intermissione,
673 5155 729 5211 aut
751 5137 863 5233 aliquo
883 5149 1071 5233 interposito
1096 5149 1246 5230 capitulo.
1271 5149 1429 5214 Stantem
1455 5171 1513 5234 per
1537 5151 1675 5236 quoduis
1698 5187 1742 5200 -
1765 5189 1807 5202 --
1830 5191 1867 5200 —
1892 5175 1964 5239 pre·

284 5253 404 5317 dietum
428 5250 582 5316 tributum
605 5252 699 5317 vobis
732 5275 794 5318 non
826 5252 1012 5318 dederimus
1043 5255 1130 5318 omni
1159 5277 1253 5335 anno,
1274 5256 1305 5318 in
1338 5257 1510 5320 constituto
1534 5265 1688 5342 tempore,
1713 5267 1745 5322 et
1768 5281 1832 5324 non
1855 5258 1966 5324 obser-

283 5357 466 5430 uauerimus
484 5358 591 5422 omnia
608 5359 691 5422 sicut
706 5359 853 5446 superius
871 5357 997 5444 legitur,
1015 5367 1092 5422 tuno
1108 5380 1301 5448 componere
1318 5361 1533 5450 promittimus
1550 5383 1623 5426 curn
1646 5365 1765 5442 nostris
1788 5364 1967 5437 heredibus
