4292 5926
405 383 451 450 52

409 577 547 662 primum
565 573 775 661 apostolicum
793 573 925 638 dicitur:
945 567 1102 638 Conuersi
1120 575 1198 639 estis
1214 574 1254 638 ad
1273 583 1432 660 pastorem
1451 583 1483 640 et
1497 576 1684 662 episcopum
1699 576 1879 640 animarum
1900 583 2076 642 vestrarum.
2133 644 2134 647 ,

408 681 614 746 Ascensurus
637 689 744 742 tamen
768 677 811 742 ad
834 676 922 742 celos
945 677 1029 744 hano
1052 678 1208 764 apostolis
1232 679 1471 744 commendauit
1494 690 1526 744 et
1549 703 1688 768 percos
1710 680 1956 746 successoribus
1972 701 2078 754 eorum,
2134 751 2139 770 Ἴ,

408 785 501 850 nobis
517 785 621 850 silicet
638 782 713 871 (sic)
730 805 812 870 quos
829 785 999 871 episcopos
1016 807 1200 872 supeream
1217 795 1428 872 pastoresque
1445 787 1620 870 constituit,
1633 795 1797 873 tamquam
1811 785 2009 852 hereditario
2022 787 2078 852 iure

407 893 512 956 omnis
536 891 666 976 (ipsius)
691 889 899 976 prouidencie
923 913 1033 955 euram
1070 891 1210 956 indulsit.
1247 890 1414 972 Quatenus
1449 915 1492 956 ex
1524 892 1625 956 diuini
1661 891 1911 979 dispensacione
1946 889 2079 955 consedii

408 999 474 1062 nati
498 1019 557 1084 pro
582 994 727 1082 patribus
750 994 818 1078 filii,
842 1005 874 1060 et
904 1018 962 1082 pro
994 997 1041 1061 eis
1073 1019 1171 1083 super
1201 1019 1329 1062 omnem
1360 1008 1479 1062 terram
1512 999 1675 1085 principes
1706 999 1882 1081 constituti,
1914 997 2079 1062 imitatores

407 1125 519 1168 eorum
544 1103 654 1181 simus,
680 1103 764 1164 sicut
787 1103 903 1187 stipsi
928 1099 1061 1169 Christi.
1087 1101 1239 1167 Ceterum
1264 1113 1296 1168 et
1320 1104 1404 1168 inter
1427 1102 1539 1168 beatos
1563 1102 1833 1190 apostolosiuxts
1853 1103 1960 1167 sancti
1976 1101 2080 1166 [eoois
2136 1165 2139 1177 ,

409 1211 617 1290 sentenciam,
642 1209 674 1272 in
699 1207 909 1273 similitudine
932 1208 1064 1274 honoris
1087 1210 1226 1296 quedam
1256 1210 1367 1275 habita
1390 1219 1440 1276 est
1462 1210 1619 1275 discrecio
1654 1210 1835 1296 potestatis,
1871 1219 1905 1274 et
1943 1209 2079 1295 quamuis
2137 1195 2139 1198 ¹

409 1319 551 1382 omnium
577 1337 634 1401 par
657 1322 744 1378 esset
766 1313 895 1396 eleccio,
920 1315 976 1379 uni
999 1323 1107 1379 tamen
1131 1315 1240 1380 datum
1265 1325 1325 1398 est,
1350 1325 1386 1382 ut
1419 1317 1534 1381 ceteris
1568 1317 1773 1402 premineret,
1798 1314 1839 1378 de
1876 1335 1943 1400 qua
1980 1313 2079 1400 utique
2137 1299 2139 1304 ’

310 1420 312 1422 ’
408 1423 513 1488 forma
533 1423 756 1508 episcoporum
782 1421 883 1484 eciam
908 1430 958 1484 est
989 1431 1059 1485 orta
1091 1420 1264 1505 distinctio,
1293 1433 1326 1486 et
1355 1421 1493 1486 sollicita
1523 1419 1717 1486 discretione
1752 1421 1919 1507 prouisum
1958 1427 2016 1499 est,
2047 1439 2080 1483 ua

408 1551 521 1594 omnes
545 1526 606 1592 sibi
630 1527 737 1591 omnia
760 1525 973 1600 vindicarent,
993 1525 1056 1591 sed
1080 1535 1189 1592 essent
1221 1528 1252 1590 in
1283 1526 1419 1612 singulis
1448 1527 1623 1612 prouinciis
1655 1525 1784 1610 singuli,
1816 1547 1955 1612 quornm
1988 1525 2081 1610 prima

408 1638 493 1700 inter
515 1632 629 1696 fratres
655 1633 840 1696 scentencia
863 1631 938 1718 (sic)
962 1630 1147 1715 haberetur,
1172 1641 1203 1697 et
1225 1655 1336 1696 rursus
1360 1631 1490 1718 quidam
1524 1635 1555 1698 in
1591 1631 1768 1697 maioribus
1802 1631 1938 1696 urbibus
1975 1631 2081 1694 consti·
2137 1697 2138 1700 ,

408 1741 469 1805 tuti
493 1737 729 1803 solicitudinem
754 1759 865 1801 eorum
890 1746 1044 1819 caperent
1077 1735 1276 1824 ampliorem,
1312 1760 1371 1824 per
1407 1760 1489 1824 quos
1523 1737 1564 1802 ad
1599 1761 1696 1804 unam
1733 1737 1818 1803 beati
1855 1737 1945 1802 Petri
1979 1733 2081 1800 sedem
2136 1725 2139 1732 ¹

410 1842 603 1910 uniuersalis
629 1843 769 1908 ecclesie
794 1865 871 1906 cura
895 1841 1079 1925 conflueret,
1106 1851 1138 1906 et
1161 1841 1259 1907 nichil
1283 1865 1417 1930 usquam
1441 1866 1462 1907 a
1484 1865 1542 1908 suo
1574 1845 1678 1930 capite
1709 1843 1893 1909 dissideret.
1925 1841 1978 1906 Ad
2009 1839 2085 1904 hanc

410 1951 568 2039 siquidem
593 1949 855 2014 constitutionem
879 1948 1064 2036 regularum
1089 1958 1294 2035 paternarum
1318 1961 1350 2014 et
1373 1948 1556 2035 generalem
1581 1949 1717 2014 formam
1741 1949 1892 2030 ecclesie,
1918 1957 2083 2034 postquam

411 2058 581 2122 Dalmacia
603 2055 709 2120 imbre
734 2077 873 2140 superne
896 2055 1006 2138 gracie
1029 2055 1163 2138 irrigata
1182 2053 1424 2140 predicantibus
1447 2054 1633 2141 apostolicis
1657 2057 1736 2120 viris
1767 2077 1879 2120 semen
1912 2053 2010 2118 verbi
2040 2051 2084 2116 dei

409 2164 559 2248 suscepit,
584 2170 615 2226 et
639 2162 730 2224 iuxta
755 2159 978 2246 euangelicum
1004 2159 1140 2223 verbum
1165 2159 1303 2224 fructum
1328 2162 1415 2246 cepit
1438 2160 1584 2243 reddere,
1607 2163 1817 2243 tricesimum,
1850 2160 2084 2244 sexagesimum

256 2245 259 2252 Ι
338 2271 342 2279 ’
410 2281 443 2334 et
465 2269 687 2345 centesimum,
709 2289 749 2328 ne
770 2264 963 2352 pontificalis
987 2267 1016 2330 ei
1041 2263 1205 2351 plenitudo
1230 2265 1358 2330 deesset
1371 2264 1479 2348 officii,
1499 2287 1582 2330 unus
1599 2265 1718 2332 ibidem
1736 2268 1791 2352 qui
1807 2265 1880 2330 aliis
1898 2264 2084 2352 presideret

409 2376 576 2439 ordinatus
600 2373 747 2452 antistes,
769 2380 801 2435 et
824 2369 1004 2435 salonitana
1027 2371 1152 2454 ciuitas,
1177 2393 1240 2456 que
1263 2369 1304 2434 ad
1328 2370 1390 2436 hoc
1413 2372 1655 2436 conuenientior
1678 2371 1861 2453 videbatur,
1894 2383 1945 2435 est
1975 2379 2086 2434 metro·

410 2481 491 2568 polis
515 2481 673 2543 instituta.
702 2475 774 2555 Qus
800 2478 951 2540 nimirum
974 2475 1068 2542 huius
1089 2475 1320 2542 excellenciam
1345 2477 1511 2559 dignitatis
1535 2499 1593 2564 per
1615 2499 1717 2540 annos
1742 2475 1858 2540 multos
1885 2475 2038 2556 obtinuit,
2060 2484 2088 2538 et

409 2596 572 2672 tamquam
597 2585 706 2670 prima
730 2581 833 2664 sedes,
858 2592 954 2668 caput
979 2592 1028 2646 est
1050 2581 1160 2666 habita
1182 2585 1325 2666 regionis
1350 2582 1446 2665 illius,
1471 2581 1678 2647 exibentibus
1701 2582 1812 2648 silicet
1827 2582 1964 2646 aliarum
1981 2581 2088 2644 ciuita-

408 2701 476 2756 tum
500 2691 671 2776 episcopis,
698 2687 878 2754 salonitano
901 2691 1048 2770 antistiti,
1073 2691 1156 2752 sicut
1179 2688 1423 2775 metropolitano
1460 2710 1528 2769 suo,
1563 2687 1691 2775 plenam
1729 2687 1958 2768 obedientiam,
1993 2697 2027 2750 et
2059 2689 2088 2748 in

408 2796 584 2860 maioribus
609 2795 716 2858 causis
740 2797 831 2858 iuxta
855 2793 990 2858 formam
1016 2795 1206 2858 canonicam
1232 2793 1473 2858 recurrentibus
1497 2793 1538 2857 ad
1563 2795 1632 2858 eius
1657 2816 1805 2858 examen.
1838 2792 1891 2857 Ab
1915 2792 2087 2878 aliquantis

409 2924 487 2966 vero
511 2899 712 2986 temporibus
736 2899 853 2964 Salona
879 2900 1011 2965 redacta
1035 2902 1067 2963 in
1092 2899 1306 2980 solitudinem,
1331 2909 1363 2962 et
1386 2901 1418 2962 in
1443 2897 1541 2963 aliurn
1567 2899 1672 2964 locum
1697 2897 1956 2982 sedetranslata,
1974 2907 2007 2962 et
2024 2908 2085 2962 tarn

409 3029 506 3093 snper
530 3005 616 3070 illam
643 3007 754 3092 (quam
779 3007 888 3092 super)
913 3007 1068 3092 quasdam
1093 3004 1174 3068 alias
1199 3004 1343 3068 eiusdem
1377 3007 1543 3091 prouincia
1566 3008 1713 3070 ciuitates
1738 3004 1881 3090 Ungaris
1913 3004 2086 3068 dominium

409 3112 651 3198 usurpantibus,
676 3106 708 3176 et'
730 3112 850 3176 Jadera
874 3135 946 3176 cum
971 3109 1164 3198 quibusdam
1188 3111 1262 3175 aliis
1286 3112 1471 3175 ciuitatibus
1495 3109 1638 3198 im'(sic)
1662 3113 1760 3197 priori
1782 3109 2025 3176 remanentibus
2053 3105 2087 3171 li-

409 3207 542 3299 bertate,
564 3219 674 3304 grauis
697 3218 780 3281 inter
803 3221 891 3304 ipsas
915 3219 1062 3282 ciuitates
1087 3227 1134 3281 est
1170 3227 1240 3281 crta
1274 3216 1445 3296 discensio,
1481 3227 1515 3280 ut
1550 3239 1610 3281 nec
1644 3217 1803 3304 episcopis
1838 3227 1871 3280 et
1905 3215 2087 3280 hominibus

409 3324 621 3411 quarumdam
646 3323 789 3409 ipsarum
814 3323 855 3386 ad
880 3322 1081 3408 metropolim
1106 3345 1196 3386 suam
1224 3322 1351 3386 licuerit
1386 3321 1653 3408 preiminentibus
1688 3325 1795 3388 causis
1828 3323 1995 3403 accedere,
2030 3344 2088 3386 nec
2138 3375 2139 3410 ,

407 3429 472 3512 ille,
497 3431 553 3516 qui
579 3427 817 3514 metropolitani
842 3427 950 3492 officio
975 3427 1181 3512 fungebatur,
1205 3427 1321 3493 iratres
1346 3439 1378 3492 et
1401 3431 1609 3516 coepiscopos
1622 3451 1697 3493 snos
1714 3452 1813 3494 ausus
1832 3427 1931 3492 fuerit
1948 3431 2086 3492 visitare.
2137 3413 2139 3436 ⁵

408 3534 570 3614 Quocirca
594 3557 663 3614 nos,
690 3535 744 3619 qni
770 3531 961 3597 uniuersalis
986 3533 1122 3598 ecclesie
1147 3556 1269 3614 curam,
1294 3533 1355 3598 deo
1379 3544 1474 3620 prout
1496 3537 1558 3620 ipsi
1590 3533 1710 3620 placuit
1744 3534 1947 3620 disponente,
1982 3519 2092 3598 susce-¹
2138 3535 2139 3572 f

311 3635 314 3642 ’
407 3645 525 3728 pimus,
550 3625 582 3704 et
603 3662 661 3725 pro
687 3641 879 3704 necessitate
904 3638 1046 3702 locorum
1073 3649 1104 3703 et
1127 3651 1306 3726 temporum
1329 3663 1430 3706 nouos
1464 3641 1644 3726 episcopos,
1669 3663 1770 3705 nouos
1804 3641 1900 3704 etiam
1934 3639 2087 3704 debemus

408 3747 670 3832 archiepiscopos
694 3747 897 3821 constituere,
920 3769 960 3809 ne
985 3745 1048 3809 illis
1079 3746 1225 3827 urbibus,
1258 3769 1320 3832 qne
1352 3770 1372 3810 a
1405 3745 1607 3811 subiectione
1630 3768 1669 3809 ac
1702 3745 1844 3810 dominio
1882 3745 2086 3830 Ungarorum

407 3852 508 3917 libere
532 3861 764 3931 remanserunt,
789 3850 1027 3935 metropolitani
1043 3874 1121 3915 cura
1138 3851 1273 3936 deesset,
1291 3861 1323 3917 et
1340 3851 1578 3937 metropolitani
1595 3850 1760 3934 iudicium,
1780 3850 1856 3916 dum
1874 3875 1940 3915 non
1958 3859 2088 3938 possent

406 3959 440 4022 in
464 3979 531 4039 sua,
555 3958 587 4019 in
612 3955 726 4020 alienis
750 3977 886 4041 querere
917 3958 1092 4042 prouinciis
1126 3969 1325 4042 cogerentur,
1358 3957 1500 4022 euidenti
1535 3959 1728 4022 necessitate
1759 3955 1888 4021 illarum
1921 3959 2086 4021 ciuitatum

406 4064 561 4148 inspecto,
586 4061 627 4126 de
651 4062 737 4126 omni
761 4061 896 4125 fratrum
921 4071 1102 4126 nostrorum
1128 4062 1271 4143 consilio,
1297 4072 1328 4126 te
1352 4057 1550 4128 'venerabilis
1574 4065 1605 4128 in
1632 4061 1763 4128 Christo
1786 4062 1888 4128 frater
1904 4061 2086 4148 Lampredi,

406 4167 527 4232 honore
552 4167 638 4252 pallii
664 4167 832 4231 statuimus
857 4165 1086 4246 decorandum,
1113 4177 1145 4230 et
1164 4190 1260 4253 super
1284 4178 1423 4253 quatuor
1449 4169 1651 4255 subscriptos
1675 4169 1856 4254 episcopos,
1873 4167 2086 4254 archiepisco·

406 4295 482 4359 pum
507 4270 732 4352 ordinandum,
757 4270 886 4334 decreto
910 4271 1040 4356 quidem
1066 4271 1205 4336 valituro
1229 4275 1497 4360 imperpetuum,
1533 4284 1729 4339 statuentes:
1754 4273 1800 4338 Ut
1831 4276 2002 4338 commissa
2032 4283 2087 4337 tuo

408 4379 572 4462 pontificio
596 4379 712 4440 ciuitas
735 4375 897 4439 iadertina
920 4378 1086 4462 perpetuis
1123 4379 1322 4464 temporibus
1357 4379 1543 4466 metropolis
1572 4379 1737 4462 habeatur,
1769 4380 1821 4444 cui
1852 4380 2001 4444 nimirum
2034 4377 2089 4444 ab·

407 4483 559 4560 carensis,
584 4479 758 4564 veglensis,
783 4479 931 4543 arbensis
953 4491 985 4542 et
1009 4479 1149 4546 farensis
1173 4485 1388 4570 episcopatus,
1413 4496 1577 4571 tamquam
1600 4508 1656 4550 sue
1673 4483 1843 4571 metropoli
1866 4484 2087 4566 subiacebunt,

407 4597 571 4652 eteorum
596 4587 749 4672 episcopi,
771 4585 831 4650 tibi
857 4587 985 4670 tuisque
1005 4588 1257 4656 successoribus,
1281 4591 1365 4654 sicut
1387 4589 1643 4676 metropolitanis
1675 4593 1753 4672 suis,
1785 4589 1914 4677 plenam
1938 4589 2087 4656 obedien·

405 4694 480 4758 tiam
506 4714 634 4776 semper
657 4691 857 4778 impendant.
884 4689 992 4755 Palleo
1018 4695 1134 4778 itaque,
1161 4693 1359 4779 plenitudine
1385 4693 1537 4760 videlicet
1560 4696 1755 4782 pontificalis
1779 4697 1880 4762 officii
1905 4698 2086 4782 insignitus,

405 4821 482 4882 erga
506 4798 668 4862 subiectos
691 4806 763 4861 tuos
796 4795 894 4860 talem
928 4806 960 4862 te
992 4807 1102 4884 satage
1132 4800 1249 4884 iugiter
1280 4799 1421 4875 exibere,
1453 4810 1489 4864 ut
1519 4799 1591 4886 plus
1629 4803 1757 4886 pensari
1793 4825 1875 4867 onus
1911 4804 2087 4888 regiminis,

403 4925 500 4990 qnam
523 4903 690 4988 dignitatis
715 4901 949 4967 excellenciam
975 4903 1124 4987 videaris,
1149 4907 1203 4992 qui
1228 4915 1335 4971 tamen
1367 4905 1465 4992 pallio
1497 4905 1548 4970 his
1580 4905 1697 4973 diebus
1732 4917 1857 4974 tantum
1892 4911 2001 4990 uteris,
2031 4909 2087 4993 qni

402 5009 537 5075 inferius
562 5009 713 5094 leguntur
737 5011 769 5072 in
793 5010 944 5093 scriptis:
968 5009 1142 5074 Natiuitato
1166 5010 1299 5093 domini,
1316 5013 1348 5074 in
1365 5009 1580 5076 celebratione
1597 5011 1782 5079 festiuitatis
1799 5013 1893 5080 beate
1905 5013 2089 5090 Anastasis,

401 5114 595 5202 Epiphania,
618 5137 698 5180 cena
721 5113 857 5194 domini,
883 5115 1109 5195 resurectione,
1139 5115 1344 5200 Ascensione,
1370 5117 1587 5202 Pentecostes,
1618 5121 1650 5182 in
1682 5119 1964 5208 solempnitatibus
1994 5119 2088 5184 beate

402 5221 453 5286 dei
477 5222 654 5308 genitricis,
679 5240 810 5305 semper
833 5218 970 5302 virginis
993 5217 1104 5298 Mario,
1124 5222 1160 5296 ¹in
1184 5222 1335 5288 natalicio
1359 5222 1526 5288 beatorum
1551 5224 1771 5310 apostolorum
1805 5227 1893 5290 Petri
1924 5235 1957 5290 et
1986 5224 2087 5308 Pauli,
