4300 5930
300 425 343 492 sa

200 687 203 698 ,
300 641 341 684 ne
365 605 483 706 similia
506 618 545 682 de
571 627 677 682 cetero
702 617 905 681 matrimonia
929 615 1169 699 contrahantur,
1193 615 1353 680 uniuersis
1378 613 1573 698 generaliter
1596 613 1727 678 studeas
1752 614 1785 677 in
1816 611 1981 678 communi

302 707 428 814 synodo
450 726 509 789 sub
534 726 792 788 interminatione
817 722 1030 788 anathematis
1055 722 1235 808 prohibere,
1256 722 1444 802 decernens,
1467 719 1554 807 quod
1593 720 1670 784 talia
1703 721 1918 802 matrimonia,
1952 722 1980 782 si

301 842 374 918 post
396 831 643 916 prohibitionem
669 842 755 892 tuam
781 839 945 893 contracta
967 829 1094 904 fuerint,
1118 830 1208 892 irrita
1231 827 1371 892 debeant
1394 850 1475 903 esse,
1500 837 1532 890 et
1554 837 1587 891 tu
1613 827 1776 912 deinceps,
1801 828 1884 894 siin
1912 847 1984 910 pre·

294 939 420 1021 ¹scripto
443 936 545 1019 gradu
565 937 854 1020 consanguinitatis
886 944 1051 998 eontracta
1082 935 1254 1008 inueneris,
1286 955 1414 997 cassare
1448 954 1649 1018 nepuaquam
1681 933 1819 998 omittes.
1851 930 1983 994 Uxores

301 1055 407 1106 autern
432 1043 522 1105 iuxta
546 1040 656 1105 diuine
682 1043 771 1104 vocis
797 1050 982 1125 preceptum
1013 1053 1043 1104 et
1081 1041 1361 1104 commonitionem
1398 1037 1534 1126 apostoli
1572 1038 1734 1102 dimittere
1769 1035 1876 1101 nullus
1913 1058 1984 1122 pre·

300 1159 414 1229 sumat,
441 1151 502 1212 nisi
527 1149 595 1212 sola
619 1148 840 1212 fornicationis
865 1171 973 1212 causa.
998 1148 1089 1212 Etsi
1115 1149 1187 1236 quis
1212 1170 1347 1211 uxorem
1367 1169 1458 1210 suam
1484 1143 1525 1208 ob
1549 1143 1645 1208 aliam
1663 1165 1794 1210 causam
1811 1140 1982 1220 dimiserit,

202 1279 207 1284 ·
300 1279 373 1338 eum
398 1255 438 1318 ad
466 1257 567 1339 ipsam
594 1255 730 1318 celerius
755 1255 982 1340 recipiendam,
1011 1257 1201 1318 anctoritate
1227 1264 1336 1316 nostra
1357 1262 1389 1316 et
1410 1265 1465 1315 tua
1489 1253 1610 1314 arctius
1634 1248 1765 1313 studeas
1782 1248 1985 1311 districtione

301 1359 524 1446 ecclesiastica
547 1383 707 1442 coercere,
733 1363 813 1424 etsi
838 1384 908 1424 earn
934 1359 974 1423 ob
1000 1382 1128 1423 oausam
1154 1359 1387 1422 forrnicationis
1412 1356 1579 1435 dimiserit,
1606 1354 1653 1419 rel
1685 1355 1713 1418 oi
1744 1350 1983 1432 reconcilietur,

301 1477 357 1530 aut
379 1469 484 1551 ipsum
509 1489 547 1529 ea
571 1468 702 1529 vivente
726 1466 955 1529 continentiam
982 1457 1104 1529 serdari
1128 1463 1313 1550 compellas.
1493 1451 1496 1458 ¹

450 1570 572 1635 Datum
596 1570 775 1636 Beneuenti
798 1571 840 1634 II.
865 1569 1023 1634 kalendas
1047 1571 1211 1635 februarii.

460 1769 578 1826 Farlati.
602 1770 825 1860 lllyr3sacrum.
848 1769 883 1824 T.
908 1770 958 1823 lll.
983 1777 1031 1824 etr:
1057 1771 1130 1827 191.

679 2061 812 2143 oxu.
842 2061 952 2144 nos.
981 2061 1045 2143 30.
1073 2059 1247 2162 noenta
1275 2059 1312 2144 U
1341 2055 1607 2144 Beneventn.

300 2239 491 2302 Atebsondro
515 2239 582 2303 111.
599 2260 693 2316 papo,
717 2242 823 2301 astute
845 2242 970 2315 Mireju,
994 2241 1122 2314 distrabat
1144 2241 1321 2313 senJ'sltomra
1345 2241 1385 2298 da
1404 2241 1479 2298 bade
1493 2241 1598 2313 operar
1613 2244 1626 2300 i
1640 2243 1776 2316 potorem
1791 2239 1983 2314 andtiskupu

762 2349 940 2422 sptjetstom,
962 2349 1018 2406 tuo
1038 2347 1082 2406 tto
1105 2364 1156 2406 nia
1173 2347 1378 2419 predtostnict
1402 2343 1516 2424 bajulia.

437 2536 640 2602 'Alexander
675 2557 788 2600 seruus
825 2557 991 2600 seruorum
1024 2535 1086 2614 dei,
1122 2533 1298 2600 venerabili
1329 2534 1422 2598 fratri
1452 2533 1556 2600 Mireo
1592 2538 1746 2623 episcopo
1781 2536 1917 2601 salutem
1950 2545 1983 2600 et

301 2642 510 2730 apostolicam
536 2642 803 2708 benedictionem.
828 2642 1032 2725 Significauit
1056 2641 1149 2704 nobis
1173 2639 1368 2704 venerabilis
1392 2639 1491 2705 frater
1514 2653 1624 2706 noster
1647 2641 1844 2728 G(erardus)
1880 2641 1981 2728 spala-

302 2751 401 2812 tensis
425 2747 697 2833 archiepiscopus,
722 2747 897 2832 apostolice
921 2748 1008 2812 sedis
1031 2746 1166 2832 legatus,
1185 2745 1271 2831 quod
1295 2770 1369 2810 oum
1393 2747 1454 2810 sibi
1478 2749 1522 2812 sis
1547 2747 1782 2834 metropolitico
1805 2751 1876 2812 iure
1908 2747 1980 2812 sub·

301 2854 413 2934 iectus,
438 2855 545 2939 ipsum
566 2853 675 2917 debita
699 2832 884 2917 obedientia
904 2864 939 2916 et
967 2853 1167 2916 subiectione
1194 2851 1344 2916 fraudare
1370 2874 1545 2938 presumas.
1571 2854 1658 2934 Quia
1684 2857 1784 2938 igitur
1800 2877 1869 2918 non
1886 2854 1979 2918 decet
2069 2861 2072 2872 '

302 2971 342 3040 te,
367 2981 427 3037 nec
451 2982 509 3022 uos
533 2980 704 3044 possumus
728 2957 912 3043 aliqualiter
936 2957 1083 3039 tolerare,
1122 2957 1208 3044 quod
1243 2958 1385 3043 prefatus
1421 2958 1695 3046 archiepiscopus,
1730 2962 1786 3046 qui
1817 2971 1884 3024 tam
1917 2958 1977 3023 fer·

301 3077 414 3128 uenter
438 3075 470 3127 et
494 3066 646 3149 precipua
670 3065 762 3126 nobis
787 3073 836 3127 est
851 3064 1021 3128 affectione
1039 3067 1154 3128 mentis
1171 3063 1352 3143 adstrictus,
1371 3063 1500 3127 honoris
1518 3063 1571 3127 vel
1588 3065 1756 3148 dignitatis
1787 3087 1844 3129 sue
1872 3087 1979 3150 quam-

273 3191 274 3194 ’
301 3169 382 3234 libet
405 3169 647 3232 diminutionem
673 3171 838 3248 sustineat,
863 3168 1054 3234 fraternitati
1079 3180 1133 3234 tue
1158 3193 1215 3256 per
1238 3168 1416 3254 apostoliea
1441 3171 1561 3256 scripta
1593 3172 1793 3252 mandamus,
1823 3183 1979 3257 quatenus

301 3277 406 3340 eidem
431 3275 674 3360 archiepiscopo
698 3274 943 3360 metropolitano
967 3287 1032 3352 tuo,
1057 3275 1329 3362 quemadmodum
1354 3275 1600 3362 predecessores
1624 3280 1669 3342 tui
1702 3281 1769 3342 suis
1805 3299 1978 3348 consueue-

302 3391 378 3444 ruut
401 3379 661 3444 antecessoribus
686 3378 827 3460 obedire,
854 3383 1106 3446 contradictione
1130 3394 1161 3446 et
1184 3380 1400 3468 appellatione
1422 3381 1559 3464 sublata,
1584 3383 1725 3448 debitam
1761 3383 1975 3460 obedientiam

303 3499 335 3549 et
358 3488 573 3550 reuerentiam
599 3488 777 3570 promittas,
802 3495 832 3550 et
856 3485 1019 3550 humiliter
1041 3511 1080 3550 ac
1104 3488 1218 3551 deuote
1237 3487 1402 3572 persolues
1435 3473 1487 3562 ita‘,
1504 3488 1590 3574 quod
1607 3489 1779 3553 aduersum
1798 3498 1828 3552 te
1846 3499 1975 3574 propter

302 3590 365 3656 hoo
387 3593 501 3656 iterata
525 3591 655 3676 querela
680 3593 793 3654 merito
817 3591 857 3654 ad
882 3593 1027 3656 auditum
1052 3592 1138 3656 sedis
1162 3593 1338 3678 apostolice
1359 3593 1494 3678 proferri
1520 3616 1583 3658 non
1615 3595 1724 3679 possit.
1760 3593 1847 3658 Sane
1885 3595 1910 3657 si
1947 3604 1976 3657 te

303 3697 446 3782 predicto
471 3696 713 3782 archiepiscopo
739 3695 892 3762 rebellem
919 3701 1044 3778 amodo,
1071 3699 1122 3762 vel
1149 3700 1252 3762 minus
1276 3697 1481 3764 obedientem
1513 3721 1584 3764 esse
1616 3703 1872 3786 conceperimus,
1906 3723 1976 3764 con·

302 3805 473 3866 tumaeiam
500 3806 532 3866 et
556 3803 829 3886 presumptionem
855 3813 943 3866 tuam
975 3805 1119 3892 grauiter
1149 3814 1280 3867 auctore
1315 3805 1444 3868 domino
1481 3808 1660 3890 puniemus,
1693 3807 1780 3893 quod
1811 3830 1894 3892 pena
1926 3818 1979 3870 tua

302 3909 439 3972 subditis
464 3909 525 3971 erit
547 3907 741 3992 exemplum,
765 3907 895 3993 prelatis
920 3910 985 3972 suis
1016 3909 1234 3973 obedientiam
1266 3909 1469 3976 obseruandi.
1512 3911 1632 3976 Datum
1668 3913 1848 4009 Beneuenti
1883 3915 1975 3977 tertio

302 4012 458 4077 kalendas
483 4013 646 4078 februarii.

457 4212 575 4266 Farlati.
600 4213 745 4282 Illyricum
769 4213 897 4273 Sacrum.
921 4214 955 4272 T.
980 4215 1029 4270 lv.
1054 4223 1102 4269 str.
1131 4215 1201 4270 118.

618 4600 620 4604 ‚
648 4502 946 4588 0111111169.
974 4505 1034 4588 13.
1062 4508 1246 4608 svibnjn.
1274 4507 1311 4588 U
1339 4505 1638 4592 Itubrovniku.

500 4661 654 4723 Postanici
671 4665 815 4736 pisunslci
838 4666 903 4724 titre
925 4683 1012 4726 sares
1027 4668 1233 4739 prtJ'ateljstoa
1255 4685 1270 4726 s
1293 4669 1487 4729 Dubroodani
1509 4671 1521 4728 i
1543 4688 1578 4730 sa
1601 4671 1776 4746 Spb'etdani.

448 4849 485 4913 In
506 4851 635 4915 nomine
658 4849 759 4916 Jhesu
784 4851 907 4917 Christi
932 4857 998 4917 veri
1024 4854 1075 4918 dei
1100 4856 1210 4918 eterni.
1236 4855 1351 4920 Arnen.
1376 4855 1447 4942 Ego
1472 4857 1624 4924 hibertus
1647 4860 1838 4928 Pisanornm
1865 4863 1977 4929 consul

300 4963 331 5018 et
355 4953 490 5039 legatus,
516 4964 553 5032 et,
570 4955 700 5018 Marcus
725 4967 762 5036 et¹
780 4957 988 5042 Burgundios
1011 4959 1119 5038 iudex,
1152 4958 1300 5023 similiter
1329 4961 1436 5044 legati,
1467 4966 1692 5031 constituimus
1725 4979 1756 5032 st
1785 4969 1973 5036 ordinamus

300 5070 363 5122 tarn
389 5081 446 5143 pro
471 5059 574 5140 nobie,
599 5081 693 5143 quarn
720 5043 777 5144 pio
802 5074 868 5125 toto
892 5063 1010 5148 populo
1034 5066 1173 5128 ciuitatis
1198 5077 1305 5130 nostre
1331 5070 1450 5152 pisane,
1476 5072 1600 5135 firmam
1623 5083 1655 5136 ot
1679 5072 1835 5139 illibatam
1862 5099 1974 5162 pacem

299 5163 392 5228 vobis
416 5164 603 5228 consulibus
626 5163 772 5249 Rugusii,
796 5167 895 5231 Vitali
920 5179 952 5232 et
974 5169 1100 5233 Luoaro
1124 5183 1155 5234 et
1182 5171 1367 5258 Lampridio
1390 5185 1422 5236 et
1445 5173 1567 5240 Felicio
1592 5187 1624 5240 et
1658 5177 1811 5244 Mirbutio
1846 5193 1878 5246 et
1911 5181 1979 5246 Da·

300 5267 461 5350 braslauo,
485 5281 516 5334 et
540 5270 692 5334 uniuerso
715 5271 834 5359 populo
859 5273 1041 5358 supradicte
1065 5277 1207 5340 ciuitatis
1233 5277 1376 5362 Ragusii,
1401 5266 1462 5343 tali
1484 5281 1598 5346 modo:
1622 5281 1667 5348 Ut
1689 5287 1884 5374 quicumque
1915 5285 1980 5351 Ra·
