4310 5918
735 631 924 714 oxxlv.
952 632 1068 714 1036.
1093 634 1153 715 13.
1181 632 1364 734 vellate.
1393 635 1428 717 U
1457 637 1600 718 Zadru

692 777 830 852 tauram
853 794 966 866 aaran
988 797 1162 852 samsona
1185 810 1226 852 ss.
1249 794 1408 854 ureniana
1430 797 1521 869 pesa
1544 797 1644 858 aare.

522 928 558 993 In
592 930 722 994 nomine
758 927 871 993 sancte
900 939 931 993 et
962 930 1054 992 unice
1076 930 1237 994 trinitatis.
1261 928 1315 994 Ab
1338 932 1559 996 incarnatione
1581 932 1650 1014 filii,
1686 936 1741 1019 qui
1765 941 1814 998 est
1837 932 2007 1020 coequalis

322 1035 414 1120 patri,
438 1055 522 1098 anno
555 1033 724 1098 millesimo
757 1033 918 1098 XXXVI.
951 1035 1126 1098 indictione
1149 1033 1230 1114 IIIl,
1255 1057 1364 1099 mense
1392 1035 1567 1118 februario,
1592 1037 1644 1103 die
1665 1037 1758 1102 XIII.
1780 1041 1906 1103 romani
1931 1060 2012 1102 vero

322 1141 448 1224 imperii
481 1140 621 1223 dignitas
653 1139 853 1223 gubernante
886 1141 1088 1203 sanctissimo
1120 1138 1310 1218 Michahelo,
1341 1139 1400 1207 hec
1424 1145 1579 1206 securitas
1605 1145 1711 1207 iussus
1736 1167 1806 1207 snm
1831 1167 1970 1208 exarare
1995 1165 2016 1206 a

325 1245 575 1332 prudentissimo
606 1244 765 1328 Gregorio
799 1247 1032 1330 protospatario
1051 1254 1083 1308 et
1107 1247 1237 1308 stratico
1256 1248 1406 1310 uniuerse
1433 1247 1597 1312 Dalmatie
1626 1247 1845 1335 Nuncitaque
1874 1248 2018 1335 qualiter

325 1352 388 1414 iam
414 1352 577 1436 predictus
610 1353 717 1414 senior
749 1373 820 1414 cum
846 1348 1022 1414 venerabili
1048 1349 1180 1413 Andrea
1201 1353 1352 1437 episcopo
1378 1354 1602 1438 uniuersisque
1627 1354 1841 1438 magnatibus,
1866 1377 2014 1418 necnon

322 1467 354 1520 et
378 1456 518 1518 minimis
540 1477 649 1518 eorum
684 1457 715 1517 in
749 1456 901 1541 episcopii
919 1455 1015 1518 domu
1040 1465 1149 1518 sancte
1173 1454 1344 1520 Anastasis
1368 1479 1405 1521 oo
1419 1470 1587 1524 iuenerunt
1611 1459 1671 1523 fari
1696 1463 1858 1546 incipiam.
1889 1458 2012 1522 Extitit
2052 1469 2057 1476 '

323 1562 408 1625 enim
433 1573 612 1624 conuentus
636 1583 744 1624 eorum
775 1561 869 1624 huius
893 1563 948 1625 rei.
973 1558 1058 1639 Quia
1075 1561 1252 1645 inspirante
1270 1585 1395 1626 summa
1411 1563 1572 1647 diuinitas,
1599 1576 1632 1628 ut
1654 1563 1843 1629 famulatum
1869 1564 2007 1649 dignum

321 1664 382 1730 deo
406 1665 590 1746 exhibeant,
612 1669 666 1752 qui
701 1667 733 1730 in
771 1668 873 1731 sancti
906 1664 1098 1760 Chrisogoni
1124 1666 1260 1731 cenobio
1284 1667 1454 1755 milit(an)t
1474 1679 1506 1732 et
1530 1671 1712 1756 m(onaco)s
1736 1692 1845 1734 eorum
1872 1692 1944 1734 cum
1969 1669 2012 1732 ad

322 1793 403 1856 opus
435 1770 579 1834 diuinum
612 1773 808 1835 conueniunt
841 1770 944 1834 solida
974 1769 1133 1858 firmaque
1166 1777 1324 1855 persistat,
1359 1773 1444 1859 quod
1469 1773 1618 1837 dominus
1643 1773 1767 1838 Transo
1788 1775 1889 1838 abbas
1914 1795 2007 1839 reue·

323 1876 525 1963 rectissimus
549 1877 642 1961 petiit
666 1878 694 1938 ei
719 1876 904 1939 concedere.
929 1875 1122 1959 Magnificus
1148 1877 1247 1959 igitur
1270 1875 1448 1960 Gregorius
1473 1881 1727 1964 protospatarius
1754 1889 1785 1942 et
1808 1881 1942 1942 stratico
1978 1887 2011 1940 et

322 1979 527 2046 venerandus
550 1979 700 2044 Andreas
730 1983 909 2066 episcopus,
943 2001 1016 2044 cum
1048 1981 1196 2044 omnibus
1230 1980 1434 2066 magnatibus
1458 1983 1659 2048 studuerunt.
1684 1983 1745 2046 Est
1760 2005 1910 2069 ,namque
1934 1992 2011 2046 ante

323 2086 490 2152 ecelesiam
506 2087 608 2149 sancti
622 2085 744 2150 Thome
763 2084 897 2170 apostoli
917 2084 1027 2149 hortus
1046 2081 1134 2149 inrita
1159 2089 1281 2172 positus
1307 2086 1474 2152 inchoatus
1490 2099 1522 2152 et
1539 2086 1661 2152 habens
1674 2088 1848 2152 edificium.
1875 2087 2010 2174 Nosque

322 2189 551 2256 cumconsilio
584 2190 704 2254 domini
737 2191 881 2276 episcopi
912 2169 944 2253 e⁹t
967 2189 1133 2254 voluntate
1157 2201 1344 2254 cunctorum
1376 2194 1493 2256 ciuium
1527 2204 1707 2257 nostrorum
1741 2195 1772 2256 in
1814 2195 2010 2257 monasterio

323 2294 643 2379 sanetiChrisogoni,
676 2306 709 2359 ut
739 2295 887 2360 dominus
916 2295 1188 2380 peciuitTranso,
1209 2295 1416 2361 deuotissime
1442 2299 1471 2361 ei
1495 2297 1711 2380 concedimus,
1748 2309 1781 2361 ut
1804 2301 1847 2362 sit
1871 2301 1901 2360 in
1929 2299 2009 2378 eius,

323 2404 419 2490 quiue
442 2413 514 2488 post
541 2425 612 2469 eum
637 2401 751 2466 futuris
769 2411 924 2486 potestate
942 2399 1080 2464 faciendi
1098 2401 1251 2486 quicquid
1269 2400 1331 2465 illis
1349 2399 1496 2468 voluntas
1514 2403 1743 2466 minislrauerit
1758 2425 1825 2482 sira,
1844 2425 1917 2466 cum
1936 2424 2011 2465 con·

323 2507 394 2571 silio
416 2506 549 2570 fratrum
569 2507 613 2570 ibi
632 2506 816 2592 degentium
834 2505 874 2570 ad
895 2503 1049 2590 utilimam
1069 2517 1136 2570 re'm
1155 2509 1350 2572 monasterii.
1365 2508 1398 2572 si
1416 2511 1487 2594 quis
1504 2519 1609 2573 autem
1630 2507 1690 2572 hec
1707 2519 1813 2572 nostre
1827 2509 2011 2582 securitatis

322 2621 491 2700 corruptor
521 2623 793 2698 presumptuosus,
826 2621 1018 2696 suggerente
1046 2613 1164 2696 iniquo,
1190 2614 1338 2678 inuentus
1362 2612 1466 2696 fuerit,
1488 2613 1650 2700 persoluat
1672 2613 1722 2677 III
1746 2614 1815 2677 auri
1839 2612 1940 2676 libras
1964 2612 2005 2677 ad

326 2718 504 2806 predictum
537 2717 716 2797 cenobium,
741 2728 772 2780 et
796 2717 855 2780 hec
879 2717 1034 2780 securitas
1059 2715 1155 2798 lirina
1179 2728 1366 2802 permaneat
1382 2729 1413 2782 et
1428 2721 1623 2805 incorrupta.
1642 2717 1820 2803 Gregorius
1838 2729 2006 2804 protospa-

323 2825 433 2905 tarius,
450 2823 590 2903 stratieo,
611 2823 709 2903 testis,
726 2820 873 2887 Andreas
892 2824 1061 2908 episcopus
1080 2825 1180 2904 testis,
1198 2823 1401 2888 Prestancins
1424 2824 1570 2887 tribunus
1594 2826 1694 2904 testis,
1719 2823 1832 2888 Dabro
1856 2823 2007 2888 tribunus

323 2930 423 3012 testis,
444 2927 579 2993 Cerneci
597 2926 746 2992 tribunus
760 2929 859 3011 testis,
876 2927 1053 3012 Gregorius
1071 2928 1110 2992 de
1127 2931 1277 3016 episcopo
1297 2932 1397 3010 testis,
1415 2929 1528 2994 P'ctrus
1553 2929 1593 2994 de
1608 2928 1722 2993 Belata
1745 2931 1846 3010 testis,
1863 2925 2007 2994 Basilius

323 3033 363 3099 de
380 3033 459 3100 Pola
485 3035 587 3098 testis.

481 3145 585 3201 Ilstioa
608 3163 645 3200 na
667 3143 742 3201 lost.
765 3143 792 3202 U
814 3145 880 3216 gub.
905 3145 1070 3201 zadarskom
1095 3145 1202 3224 ,arkiru
1235 3145 1319 3219 Oaps.
1343 3147 1365 3201 Ι.
1390 3146 1438 3204 Nr.
1464 3147 1492 3203 2.
1514 3147 1608 3203 Masso
1632 3147 1680 3210 Β..

877 3385 1045 3470 CXXV.
1072 3387 1190 3473 1036.
1216 3385 1254 3469 'Il
1283 3383 1426 3468 Zadru

321 3533 407 3611 seryj
431 3535 536 3594 Petroo
566 3533 634 3606 daie
649 3531 791 3605 ‚pamma
814 3533 893 3605 sooje
915 3533 989 3592 tute
1011 3549 1048 3590 so
1069 3533 1199 3592 seueram
1221 3536 1395 3590 aomostonu
1417 3549 1458 3590 su.
1482 3531 1642 3592 Krteoona
1664 3548 1686 3590 a
1702 3529 1815 3597 Zadris.
1831 3547 1853 3589 a
1867 3531 2008 3590 romanu

844 3653 881 3697 aa
903 3637 981 3696 kaeu
1007 3637 1159 3697 Moliteou
1179 3655 1221 3696 aa
1243 3637 1304 3696 luci
1326 3637 1494 3710 sodorslroj.

481 3769 502 3848 †
535 3765 571 3830 In
605 3767 734 3830 nomine
766 3787 891 3829 summe
922 3775 954 3829 et
985 3764 1150 3830 indiuidua
1181 3765 1333 3828 trinitatis
1359 3763 1529 3828 millesimo
1553 3761 1704 3826 XXXVI
1726 3784 1811 3826 anno
1836 3785 1856 3826 a
1879 3761 2003 3827 Christi

325 3875 557 3952 incarnatione,
582 3871 759 3935 indictione
781 3893 860 3935 vero
884 3869 960 3950 Illl,
984 3867 1144 3933 Michahel
1167 3868 1398 3954 gloriosissimo
1423 3869 1612 3954 imperante,
1637 3871 1669 3932 in
1694 3867 1814 3932 finibus
1831 3889 1910 3932 vero
1931 3866 2008 3932 Dal·

324 3979 440 4042 tiarum
473 3974 576 4042 honor
606 3975 833 4062 protospatarii
864 3985 896 4038 et
928 3976 1058 4040 stratico
1082 3973 1240 4060 Gregorio
1266 3975 1335 4038 viro
1367 3972 1585 4038 illustrissimo
1612 3983 1812 4058 procurante,
1836 3975 1869 4036 in
1895 3983 2007 4037 sancte

324 4081 497 4148 Anastasia
521 4091 627 4146 autem
653 4079 791 4144 eeclesia
814 4079 1034 4166 episcopalem
1055 4081 1179 4166 apicem
1202 4078 1352 4145 Andreas
1377 4079 1579 4144 venerandos
1604 4079 1746 4162 gerebat.
1772 4077 1840 4142 Sub
1868 4079 2004 4143 istorum

323 4187 523 4274 temporibus
546 4209 607 4271 ego
631 4185 775 4269 Sergius,
800 4184 886 4250 lilius
908 4185 1004 4266 Petri,
1029 4183 1112 4249 hano
1136 4187 1345 4250 securitatem
1370 4186 1514 4250 scribere
1530 4185 1590 4248 feci
1607 4184 1648 4248 de
1667 4183 1837 4248 medietate
1854 4205 1926 4248 mee
1951 4183 2008 4248 do·

323 4315 394 4356 mus
427 4315 500 4357 oum
524 4301 623 4374 curte,
648 4293 828 4376 pertinente
854 4290 894 4354 ad
919 4313 965 4370 ea,
990 4290 1031 4353 ad
1057 4292 1284 4354 monasterium
1303 4292 1404 4354 sancti
1429 4289 1633 4372 Chrisogoni.
1658 4287 1721 4352 Pro
1745 4311 1809 4374 qua
1832 4288 2007 4352 medietate

322 4419 381 4483 per
402 4399 435 4462 iu
459 4396 619 4463 cambium
644 4395 732 4461 dedit
755 4395 851 4459 michi
868 4405 900 4459 et
916 4393 1085 4460 heredibus
1103 4397 1181 4459 meis
1206 4395 1342 4459 domnus
1360 4394 1513 4475 Transus,
1531 4393 1726 4458 venerabilis
1742 4390 1854 4474 abbas,
1872 4393 2004 4458 domum

323 4502 364 4567 de
381 4501 488 4585 Malia,
505 4510 629 4588 quaest
644 4500 685 4566 ad
701 4500 896 4588 perlambit
920 4500 992 4565 ideo
1018 4522 1077 4585 ego
1102 4501 1234 4586 Sergius
1251 4501 1379 4564 cunctis
1399 4499 1574 4563 scientibus
1599 4497 1681 4561 hanc
1702 4501 1908 4564 securitatem
1933 4521 2007 4564 eon·

325 4607 416 4690 cedo,
440 4617 472 4671 et
494 4606 584 4672 trado
606 4609 666 4694 ipsi
690 4607 820 4692 domino
844 4605 954 4671 abbati
980 4606 1018 4671 de
1044 4606 1214 4671 medietate
1233 4628 1302 4669 mee
1326 4604 1450 4684 domus,
1476 4627 1547 4669 cum
1576 4614 1668 4668 curte
1690 4606 1872 4688 pertinente
1896 4604 1938 4668 ad
1962 4625 2010 4682 ea,
2057 4613 2060 4618 '

325 4723 361 4778 ut
390 4714 432 4777 ait
463 4715 494 4776 in
527 4715 720 4776 monasterio
752 4714 853 4776 sancti
888 4710 1080 4796 chrisogoni
1106 4733 1163 4797 per
1186 4720 1299 4774 cuncta
1326 4709 1437 4800 secula
1458 4707 1651 4773 seculorum.
1678 4709 1711 4773 Si
1736 4717 1843 4773 autem
1866 4729 1927 4794 ego
1952 4719 2008 4773 aut

324 4816 410 4882 ullus
439 4815 593 4879 heredum
625 4837 778 4895 meorum,
813 4815 865 4880 vel
883 4815 991 4901 aliqua
1014 4814 1157 4900 quelibet
1180 4837 1325 4902 persona,
1348 4815 1431 4880 hanc
1448 4817 1651 4878 securitatem
1676 4835 1882 4900 corrumpere
1906 4823 2007 4900 temp

324 4924 451 4997 tauerit,
484 4932 656 5006 componat
687 4919 728 4985 X.
758 4921 857 4986 libras
889 4923 958 4986 auri
992 4931 1025 4986 et
1047 4920 1108 4986 hec
1143 4922 1298 4987 securitas
1322 4920 1417 4984 firma
1438 4929 1633 5006 permaneat.
1660 4918 1839 5003 Gregorius
1864 4922 1954 5005 prior
1977 4930 2009 5007 et

327 5027 592 5115 protospatarius,
621 5027 719 5088 testis.
754 5025 901 5092 Andreas
925 5029 1094 5111 episcopus
1118 5028 1219 5090 testis.
1242 5025 1447 5090 Prestaucius
1471 5025 1619 5089 tribunus
1642 5026 1742 5090 testis.
1768 5023 1880 5102 Dobro
1905 5025 2006 5091 tribu·

326 5135 394 5196 nuel
412 5131 513 5193 testis.
539 5127 683 5191 Cerneca
707 5127 853 5192 tribunus
876 5131 976 5194 testis.
1002 5130 1116 5194 Petrus
1137 5131 1178 5196 de
1201 5131 1316 5195 Belata
1338 5133 1439 5196 testis,
1464 5129 1640 5214 Gregorius
1662 5129 1704 5194 de
1735 5132 1886 5216 episcopo
1901 5133 2006 5196 testis.

326 5237 399 5320 Ego
424 5231 599 5297 Anffredus
623 5230 773 5295 sacerdos
797 5243 828 5296 et
850 5237 993 5298 notarius
1016 5237 1131 5321 scripsi
1154 5247 1187 5302 et
1209 5237 1372 5301 roboraui.

487 5359 586 5434 Prepis
608 5377 646 5414 na
667 5359 836 5431 pergameni.
860 5361 887 5416 U
909 5362 1006 5434 guber.
1029 5364 1128 5420 arkivn
1152 5383 1171 5420 n
1195 5365 1296 5420 Zadru.
1320 5363 1403 5435 Cape.
1428 5361 1477 5418 IX.
1502 5363 1596 5420 Masso
1618 5363 1653 5419 Τ.
1677 5363 1719 5418 br.
1742 5365 1792 5424 22.
