4300 5930
321 326 384 394 176

317 521 387 606 fuit,
423 529 458 586 ut
492 521 752 609 quandocunque
790 524 959 609 negotium
997 523 1061 589 tale
1096 532 1235 606 seruent,
1262 545 1326 589 non
1350 525 1522 611 separatim
1547 532 1597 590 set
1619 528 1832 591 communiter
1853 536 1919 592 tam
1942 549 2005 592 vos

319 650 416 715 quam
441 628 537 692 etiam
561 651 621 692 nos
645 629 741 694 simul
766 631 965 716 peregimus.
991 631 1101 717 Nuper
1122 633 1218 695 etiam
1243 629 1370 714 accidit,
1394 630 1523 716 quando
1548 653 1621 696 cum
1642 634 1766 719 sayteia
1797 632 2005 699 Durachium

316 735 445 816 iuimus,
470 735 638 800 nobiscum
663 738 694 798 in
718 738 789 822 ipsa
813 759 923 801 omues
949 739 1069 823 pariter
1091 739 1279 822 nauigastis,
1302 730 1507 824 postmodum
1532 760 1608 803 vero
1633 761 1705 802 cum
1730 738 1905 804 Dulcinurn
1924 763 2003 805 cum

317 840 381 906 alia
412 851 524 930 saytea
558 843 687 922 inimus,
722 843 891 908 nobiscum
927 846 1126 931 remigantis,
1162 867 1237 908 nam
1268 843 1405 909 clericus
1437 843 1581 909 Pauculis
1613 843 1799 910 Dabranize
1831 845 2005 930 diaconus,

317 948 453 1015 Yessius
477 951 612 1034 Veresti,
639 960 671 1016 et
690 950 846 1016 diaconus
872 951 1102 1016 Dabrascanus
1127 949 1294 1038 Gayslaui,
1319 950 1428 1016 etalii
1453 951 1681 1037 quamplures
1706 954 1836 1018 maioris
1860 953 2003 1020 ecclesie

319 1056 428 1122 clerici
463 1057 631 1124 nobiscum
668 1057 859 1142 interfuere3
896 1061 941 1123 sic
970 1083 1055 1125 nunc
1079 1061 1112 1124 in
1136 1059 1313 1124 continenti
1338 1057 1444 1138 facite,
1468 1081 1543 1122 nam
1568 1057 1718 1124 omnibus
1744 1059 1835 1124 bonis
1860 1059 2004 1126 ecclesie

317 1185 376 1230 vos
401 1167 545 1247 utamini,
571 1168 691 1252 pariter
716 1189 792 1252 ergo
815 1189 925 1230 ecimus
949 1176 981 1230 et
1006 1166 1119 1230 maiori
1143 1167 1326 1231 intencione
1353 1187 1408 1230 voe
1433 1163 1495 1230 hoc
1518 1187 1614 1250 agere
1639 1164 1775 1247 debetis,
1801 1168 1877 1254 quia
1896 1169 2004 1231 omni-

317 1271 379 1340 bus
403 1272 497 1339 bonis
522 1273 658 1338 ecclesie
682 1273 795 1360 repleti
821 1275 908 1338 estis.
932 1271 1086 1337 Pretcrea
1110 1295 1183 1336 cum
1207 1272 1434 1360 Raymundum
1460 1293 1593 1339 romane
1619 1271 1755 1337 ecclesie
1779 1271 1921 1358 legatum
1939 1272 2007 1339 Ca·

318 1387 424 1452 tarum
449 1381 659 1466 portauimus,
685 1403 749 1444 una
771 1379 939 1444 uobiscum
961 1379 1078 1444 fuistis.
1104 1379 1133 1442 Ε
1157 1389 1279 1461 contra,
1314 1377 1459 1443 Marinus
1491 1376 1739 1443 archidiaconus
1773 1380 2005 1445 uniuersorum

314 1487 547 1552 canonicorum
570 1489 701 1551 maioris
726 1485 863 1552 ecclesie
888 1485 1052 1550 voluntate
1072 1509 1129 1573 per
1152 1484 1346 1550 aduocatum
1370 1507 1463 1550 suum
1481 1481 1637 1550 Sauinum
1654 1483 1768 1550 Bonde
1784 1487 1816 1549 in
1837 1489 2007 1568 presentia

275 1583 278 1592 ¹
317 1593 405 1658 curie
431 1593 622 1658 constitutus
646 1591 831 1678 respondit:
857 1591 938 1656 Oum
964 1615 1021 1678 per
1043 1593 1230 1657 uniuersum
1256 1591 1324 1656 fere
1349 1591 1470 1671 orbem,
1488 1588 1775 1676 archiepiscopalis
1793 1591 1879 1656 sedis
1897 1601 2006 1657 mater
2094 1675 2104 1682 „

317 1690 454 1766 adelesia
479 1697 562 1762 hauc
583 1697 645 1762 sibi
670 1700 912 1784 prerogatiuam
935 1699 1088 1764 vendicat
1107 1697 1308 1783 dignitatem,
1328 1707 1368 1762 ut
1390 1699 1422 1762 in
1447 1697 1497 1762 his
1522 1699 1616 1784 quasi
1640 1709 1742 1762 mater
1766 1721 1864 1785 super
1888 1721 2006 1763 omnes

315 1813 483 1872 reueretur
506 1803 658 1891 capellae,
684 1807 836 1892 quatinus
860 1805 1043 1870 huiusmodi
1068 1803 1191 1892 capelle
1215 1805 1244 1868 ei
1268 1805 1416 1892 obsequii
1433 1805 1649 1870 reuerentiam
1666 1805 1831 1891 prebeant,
1849 1815 1882 1870 et
1898 1807 2006 1870 veluti

316 1911 392 1993 filie,
428 1921 593 1997 tamquam
629 1933 686 1976 suc
720 1911 871 1996 genitrici
906 1911 1060 1976 honorem
1096 1912 1216 1998 pariter
1238 1911 1394 1990 deferant,
1419 1933 1482 1975 non
1506 1933 1579 1975 cum
1604 1909 1670 1974 filia
1695 1913 1798 1992 matri,
1824 1921 1873 1975 set
1897 1922 2007 1976 mater

319 2019 386 2086 filie
410 2019 576 2106 precipere
600 2019 687 2082 racio
712 2017 848 2096 videtur,
875 2017 971 2081 vobis
996 2039 1073 2102 ergo
1097 2017 1173 2084 licet
1204 2043 1298 2084 omne
1334 2019 1514 2106 obsequiuu
1549 2021 1693 2085 exterius
1727 2019 1870 2106 explere,
1904 2021 2006 2086 nobis

317 2143 397 2192 vero
422 2126 589 2191 canonicis
611 2135 775 2211 tamquam
800 2123 983 2189 cardinales
1008 2123 1266 2212 archiepiscopo¹
1284 2128 1417 2191 interius
1442 2149 1569 2212 semper
1596 2137 1722 2213 oportet
1737 2129 1881 2192 asistere.
1901 2125 2006 2208 Quod

318 2241 426 2299 autem
457 2233 670 2320 proposuistis
701 2241 829 2298 contra:
854 2231 941 2318 quod
965 2233 997 2294 in
1023 2233 1147 2318 sayteia
1169 2231 1218 2297 bis
1242 2233 1376 2297 interius
1399 2233 1432 2296 in
1456 2231 1640 2297 huiusmodi
1664 2233 1829 2320 obsequiis
1855 2256 1920 2300 una
1944 2256 2007 2299 ro-

318 2339 445 2405 biscum
470 2339 705 2423 nauigauimus,
730 2361 842 2402 verum
868 2360 932 2401 uon
957 2346 1014 2420 est,
1040 2345 1089 2402 set
1113 2339 1139 2401 si
1163 2337 1337 2424 aliquando
1361 2341 1421 2404 hoc
1444 2339 1590 2422 fecimus,
1616 2363 1660 2404 ex
1683 2341 1847 2404 voluntate
1867 2361 1932 2404 uon
1957 2363 2006 2405 ex

320 2445 429 2511 debito
452 2445 598 2522 fecimus,
621 2454 656 2509 ut
681 2468 739 2508 nos
761 2454 924 2531 tamquam
949 2443 1070 2509 domini
1094 2453 1125 2510 ct
1149 2447 1292 2508 seniores
1319 2453 1351 2510 et
1373 2454 1408 2510 ut
1431 2445 1490 2511 filii
1514 2448 1625 2510 matris
1642 2445 1780 2511 ecclesie
1798 2445 1889 2512 vobis
1906 2448 2004 2511 naui·

319 2551 473 2638 gentibus
498 2550 699 2635 sedebamus,
725 2551 763 2614 ad
790 2551 853 2616 hoc
876 2553 985 2638 itaque
1010 2550 1278 2634 confirmandum,
1302 2562 1337 2616 ut
1359 2551 1441 2616 fides
1463 2551 1556 2617 detur
1579 2553 1782 2617 sermonibus
1799 2555 1927 2633 uostris,
1942 2576 2003 2618 ve-

318 2658 438 2724 ridicos
462 2667 560 2724 testes
584 2661 806 2744 assignamus:
835 2657 974 2722 Vitalem
1001 2657 1117 2744 Vulpis
1141 2680 1260 2739 senem,
1285 2667 1317 2722 et
1340 2657 1424 2722 bone
1449 2657 1534 2722 fame
1557 2659 1673 2742 virum,
1697 2659 1838 2724 nobilem
1870 2658 2005 2726 Heliam

317 2763 437 2831 Marini
460 2765 573 2846 filium,
598 2763 766 2830 Velcatam
788 2764 828 2828 de
852 2763 973 2830 Smalla
998 2763 1200 2846 monachum,
1224 2763 1432 2829 Trebessium
1459 2763 1682 2849 presbiterum,
1708 2787 1794 2830 nunc
1825 2787 1902 2830 vero
1934 2787 2007 2831 mo·

317 2871 467 2938 nachum.
491 2871 559 2937 Nos
582 2873 691 2958 itaquo
717 2871 891 2956 subscripti
916 2871 1040 2936 iudices
1064 2895 1107 2936 ex
1131 2880 1267 2958 utraque
1291 2879 1382 2956 parte
1405 2870 1566 2934 arbitrarii
1599 2871 1774 2952 constituti,
1807 2871 1901 2936 buius
1933 2869 2006 2936 litis

316 2977 475 3065 implicite
508 2979 678 3064 negocium
715 2978 958 3064 perlustrantes,
995 2987 1027 3042 et
1055 2979 1221 3066 utriusque
1246 2980 1345 3064 partis
1370 2977 1578 3062 allegationes
1602 2960 2005 3061 intuentes,iutroductos

318 3094 418 3151 testes
438 3083 622 3170 dilligenter
646 3087 815 3149 statuimus
842 3086 1054 3170 percunctari,
1079 3083 1165 3172 quod
1189 3094 1263 3149 ante
1279 3085 1479 3170 presenciam
1502 3093 1642 3148 nostram
1660 3087 1704 3148 ita
1720 3087 1898 3170 probauere
1916 3087 2007 3150 sicut

318 3191 493 3277 allegatum
518 3191 634 3256 fuitex
659 3202 748 3277 parte
773 3193 1002 3256 canonicorum
1027 3193 1168 3256 matricis
1191 3189 1336 3256 ecclesie.
1372 3189 1488 3255 Testes
1511 3213 1589 3271 uero
1621 3190 1661 3255 de
1692 3192 1761 3254 iure
1795 3189 1964 3258 iurando.
1992 3243 2003 3258 .

317 3301 350 3365 in
372 3297 435 3364 hoc
456 3299 559 3384 patrie
583 3297 661 3362 uicit
684 3297 895 3363 consuetudo.
921 3297 1008 3383 Ergo
1032 3299 1150 3383 pariter
1174 3306 1350 3362 conuocato
1376 3295 1512 3362 consilio
1536 3305 1568 3362 et
1591 3295 1755 3362 voluntate
1787 3296 1931 3362 eiusdem
1956 3345 1963 3360 .
1993 3347 2004 3364 .

317 3407 415 3470 timus
439 3415 471 3469 et
493 3406 749 3469 sentenciamus:
774 3407 850 3490 quia
874 3403 1070 3491 capellarum
1095 3402 1205 3468 clerici
1229 3402 1335 3468 nullos
1363 3402 1484 3469 habent
1511 3411 1610 3468 testes
1642 3404 1698 3490 qui
1727 3424 1786 3490 pro
1818 3425 1877 3467 sua
1907 3412 2005 3490 parte

318 3510 540 3592 testificentur,
566 3511 650 3574 iuret
673 3533 755 3576 unus
779 3511 939 3598 presbiter
961 3533 1002 3575 ex
1025 3512 1154 3575 maioris
1177 3509 1313 3574 ecclesie
1345 3511 1508 3575 canonicis
1546 3532 1643 3596 super
1677 3532 1769 3575 sacro
1803 3521 1915 3575 sancta
1948 3511 2006 3576 dei

318 3617 498 3704 euangelia,
521 3619 715 3685 confirmans
738 3620 957 3684 testimonium
983 3640 1113 3682 suorum
1138 3617 1266 3682 testium
1291 3615 1518 3702 predictorum,
1544 3618 1643 3680 etita
1667 3617 1813 3682 canonici
1838 3615 1881 3682 ab
1912 3621 2006 3683 omui

318 3726 484 3790 seruitutis
505 3721 661 3811 obsequio
685 3734 872 3789 remaneant
895 3723 1043 3802 absoluti,
1069 3722 1154 3809 quod
1177 3745 1251 3788 oum
1274 3721 1516 3808 euangeliorum
1538 3721 1621 3788 liber
1651 3731 1855 3810 presentatus
1886 3723 2009 3789 fuisset

319 3841 351 3896 ot
374 3854 416 3896 ex
439 3831 604 3896 voluntate
628 3833 769 3897 omnium
796 3830 957 3918 presbiter
976 3829 1126 3894 Andreas
1150 3851 1202 3894 ser
1224 3828 1398 3914 Bratauegi
1415 3807 1732 3916 iurandumparatus
1753 3829 1878 3913 fuisset,
1895 3831 2008 3918 capel-

320 3937 426 4003 larum
461 3937 570 4003 clerioi
606 3961 678 4002 eum
714 3940 819 4004 iurare
848 3961 911 4004 non
937 3938 1159 4023 permiserunt.
1182 3935 1300 4002 Actum
1323 3935 1451 4002 esthoc
1474 3959 1558 4002 anuo
1584 3936 1744 4002 dominice
1769 3939 2009 4004 incarnationis

320 4043 363 4110 M.
390 4043 427 4109 O.
450 4046 659 4128 nonagesimo
686 4043 724 4110 V.
750 4044 801 4108 die
827 4043 1029 4111 invencionis
1054 4053 1164 4108 sancte
1188 4045 1303 4127 crucis,
1328 4067 1391 4130 que
1415 4043 1556 4132 (quarto)
1589 4065 1689 4110 nouas
1724 4046 1825 4110 maias
1860 4044 2005 4128 collitur,

318 4151 351 4215 in
375 4149 501 4238 palacio
517 4141 782 4238 archiepiscopali
801 4151 963 4217 residente
985 4152 1114 4216 domiuo
1131 4149 1296 4216 Bernardo
1319 4149 1561 4238 archiepiscopo
1585 4152 1617 4215 iu
1642 4173 1700 4216 sua
1723 4150 1809 4232 sede,
1827 4161 1860 4217 et
1875 4151 2010 4219 Lucaro

319 4260 445 4339 comite,
469 4256 576 4322 iudice
600 4255 717 4338 Vitale,
742 4258 858 4344 Vulpis
881 4259 997 4341 iudice,
1022 4256 1175 4322 Michatio
1192 4257 1313 4322 vicario
1335 4255 1450 4338 iudice,
1467 4255 1589 4322 Slabha
1604 4257 1724 4322 Lucani
1740 4257 1857 4341 iudice,
1881 4257 2006 4326 Vitale.

320 4363 458 4430 Bodatio
482 4363 597 4448 iudice,
623 4364 701 4431 Vito
726 4365 854 4430 Proculi
879 4365 995 4446 iudice,
1019 4363 1190 4429 Theodoro
1215 4361 1363 4427 Domaue
1387 4362 1503 4446 iudice,
1528 4362 1667 4428 Vrsacio
1683 4363 1776 4428 Milin
1791 4365 1908 4446 iudice,
1926 4364 2009 4430 Vito

319 4471 453 4558 Lampri
476 4470 593 4536 iudice.
617 4472 688 4557 Ego
713 4471 830 4536 Vitalis
852 4472 892 4537 de
916 4471 1007 4536 Bano
1032 4471 1173 4536 matricis
1198 4469 1333 4535 ecclesie
1357 4469 1517 4556 presbiter
1540 4472 1572 4534 in
1596 4470 1647 4536 his
1677 4471 1826 4537 omuibus
1857 4472 2005 4556 interfui,

321 4586 353 4642 et
377 4579 459 4654 sicut
482 4601 501 4642 a
524 4579 677 4664 predictis
697 4579 859 4644 iudicibus
880 4578 1000 4660 audiui,
1025 4600 1144 4660 eorum,
1169 4578 1310 4641 maxime
1327 4577 1453 4641 comitis
1472 4576 1591 4642 Lucari
1607 4579 1698 4642 iussu
1714 4587 1746 4641 et
1761 4588 1886 4664 rogatu,
1903 4601 2006 4644 manu

324 4684 455 4771 propria
478 4685 640 4768 rohoraui,
663 4707 704 4749 nc
726 4683 778 4749 vel
803 4686 965 4771 oppressis
991 4686 1117 4750 exactio
1140 4683 1249 4748 debito
1271 4681 1335 4747 tine
1352 4691 1459 4748 careat
1475 4685 1528 4749 vel
1545 4681 1676 4767 longeui
1694 4687 1847 4771 temporis
1868 4685 2005 4767 obliuio,

323 4809 385 4877 que
409 4791 492 4854 iusto
517 4789 636 4854 iudicio
660 4790 815 4857 ventilata
839 4801 921 4874 sunt,
946 4793 1117 4856 temerario
1141 4813 1222 4856 ausu
1244 4789 1420 4855 confundat
1439 4788 1503 4854 stili
1528 4789 1645 4874 officio,
1669 4790 1836 4878 descripsi.

470 4896 492 4976 †
515 4892 586 4979 Ego
609 4893 794 4960 Bernardus
820 4899 990 4982 ragusinus
1014 4897 1276 4984 archiepiscopus
1299 4919 1396 4960 mauu
1420 4919 1491 4960 mea
1515 4896 1702 4962 subscribsi.

472 4988 578 5044 Matica
601 4990 700 5060 pisana
722 5009 759 5045 na
782 4993 895 5064 velikoj,
917 4995 1011 5064 njesto
1035 4991 1177 5064 citcc'euoj
1202 4993 1211 5046 i
1234 4992 1388 5064 podersuoj
1413 4992 1585 5064 pergameni,
1609 4993 1701 5048 nalazi
1724 5009 1754 5049 se
1777 4989 2006 5049 uDubrorniku

323 5095 342 5133 u
361 5095 386 5136 ο.
409 5078 453 5136 hr.
477 5077 539 5134 ohr.
565 5077 625 5134 aris.
645 5079 702 5149 pod
723 5080 803 5134 Fuso.
824 5081 847 5137 Ι.
869 5082 911 5136 br.
936 5077 986 5138 31.

483 5201 493 5237 ¹
516 5204 605 5261 Imalo
629 5201 658 5259 bi
682 5204 776 5276 vnljda
798 5206 908 5277 stoJati:
932 5205 1070 5278 pontifici.
