4310 5918
1770 457 1831 524 145

156 649 264 732 Maris,
292 651 388 715 situm
412 649 445 713 in
469 647 581 714 eadem
619 646 710 730 urbe,
735 649 766 710 in
792 647 844 712 die
875 649 1125 714 consecrationis
1157 649 1225 714 eius
1252 647 1394 729 basilice,
1423 651 1492 716 iure
1517 660 1670 738 perpetuo
1694 653 1834 718 tenenda

153 757 192 821 ob
212 757 348 822 salutem
373 758 514 820 omnium
548 764 692 834 nostrum
715 755 861 818 uiuorum
888 765 919 818 et
942 754 1175 820 defunctorum.
1200 754 1294 836 Quod
1326 757 1353 819 si
1382 757 1453 842 quis
1486 767 1654 842 proteruus
1678 757 1831 845 deinceps

153 863 210 928 hoc
235 874 379 928 nostrum
403 875 508 928 actum
527 861 648 928 violare
672 873 728 926 aut
752 883 901 948 rumpere
924 865 1129 948 temptauerit
1154 865 1184 926 in
1208 861 1316 948 aliquo
1351 872 1382 926 et
1406 864 1470 926 vim
1495 865 1615 928 sanetis
1637 864 1829 930 monialibus

151 969 213 1033 lllic
237 967 456 1034 habitantibus
482 966 532 1031 vel
556 967 722 1054 usquead
754 966 935 1032 formellam
957 971 1044 1033 casei
1067 970 1219 1056 rapuerit,
1254 968 1399 1032 diuinam
1431 979 1463 1034 et
1494 979 1679 1033 sanctorum
1712 972 1780 1036 eius
1803 981 1834 1036 et

150 1085 290 1141 nostram
314 1077 472 1162 percipiat
494 1073 766 1155 malediceiunem,
792 1084 824 1138 et
848 1072 1003 1139 medietas
1021 1074 1136 1141 domus
1160 1097 1218 1140 sue
1243 1083 1351 1138 careat
1372 1076 1402 1138 in
1428 1073 1565 1161 publico.

309 1181 380 1266 Ego
403 1180 546 1247 Joannes
567 1181 726 1246 iudicatur
757 1179 853 1245 laudo
877 1189 909 1245 et
933 1181 1098 1248 confirmo.
1124 1178 1290 1248 Candidus
1314 1179 1409 1245 laudo
1434 1191 1466 1246 et
1486 1183 1650 1248 confirmo.

309 1295 335 1352 U
358 1289 464 1352 arkivu
487 1285 642 1352 zadarslrih
665 1287 869 1365 kaludjericah
892 1313 936 1348 ss.
957 1295 1066 1365 Marije.

731 1603 737 1620 .
799 1535 1036 1619 CLXXIII.
1064 1533 1177 1618 1072.

148 1718 276 1794 Dropus'
292 1719 382 1793 prior
404 1735 441 1778 sa
462 1718 550 1777 solsol
578 1713 722 1792 pladiani
756 1715 938 1778 sudurslalmi
968 1715 1029 1775 dini
1068 1715 1171 1784 radon,
1204 1714 1245 1774 cta
1270 1719 1444 1776 comesturus
1473 1733 1515 1776 so.
1550 1717 1664 1792 Mera'je
1687 1737 1707 1778 o
1729 1715 1834 1781 Zadru

704 1824 787 1882 oltko
809 1822 891 1882 aista
913 1840 955 1881 oa
978 1823 1038 1880 sila
1062 1823 1131 1881 steti
1150 1821 1280 1896 oeemlje.

311 1962 347 2026 In
371 1960 490 2028 Christi
513 1964 651 2026 nomine.
676 1961 747 2046 Ego
765 1961 905 2048 Dragus,
923 1963 1027 2048 gratia
1043 1962 1123 2043 eius,
1141 1964 1227 2046 prior
1241 1959 1361 2026 Jadere
1378 1959 1477 2044 urbis,
1495 1984 1647 2026 unacum
1672 1961 1834 2028 nobilibus

148 2079 177 2130 et
200 2069 292 2132 omni
319 2067 436 2154 populo
466 2067 560 2131 huius
578 2069 727 2148 ciuitatis,
747 2067 804 2131 tibi
822 2067 940 2132 domna
964 2065 1062 2132 Oicca
1084 2066 1260 2148 abbatissa,
1284 2067 1411 2154 tuisque
1437 2067 1600 2132 sororibus
1625 2068 1833 2153 presentibus

147 2185 177 2238 et
199 2174 330 2238 suturis.
357 2173 481 2239 Placuit
505 2174 598 2238 nobis
627 2171 804 2238 concedere
830 2182 958 2259 propter
990 2171 1085 2238 deum
1117 2181 1149 2238 et
1179 2181 1291 2236 saneta
1320 2171 1371 2238 dei
1403 2175 1568 2257 genitrice,
1591 2183 1623 2238 et
1645 2197 1703 2262 pro
1728 2175 1831 2239 salute

147 2285 330 2346 animarum
354 2294 386 2346 et
409 2303 578 2367 corporum
603 2290 794 2360 nostrorum,
819 2301 930 2344 veram
954 2278 1145 2358 libertatem,
1169 2301 1265 2364 quam
1289 2277 1397 2344 nullus
1421 2303 1462 2344 ex
1486 2282 1603 2345 nostris
1628 2283 1833 2346 monasteriis

147 2386 255 2469 habet,
283 2397 318 2451 ut
339 2410 401 2452 uon
419 2385 573 2468 cauallus,
592 2409 653 2451 non
672 2384 820 2466 famulus,
838 2405 940 2472 usque
957 2385 998 2448 ad
1015 2383 1195 2450 formellam
1213 2385 1310 2464 casei,
1330 2388 1464 2472 pervim
1490 2388 1536 2450 eis
1560 2385 1677 2471 aliquis
1703 2387 1831 2452 tollerit.

146 2494 239 2559 Etsi
266 2497 341 2580 quis
365 2493 426 2558 boc
449 2504 593 2558 nostrum
629 2515 777 2577 rumpere
801 2491 853 2555 vel
877 2493 1036 2556 contraire
1057 2491 1205 2576 voluerit,
1230 2491 1377 2556 deificam
1411 2490 1529 2558 habeat
1562 2492 1831 2578 maledictionem,

146 2611 178 2666 et
200 2604 348 2665 incurrat
372 2602 419 2664 eis
443 2623 569 2686 penam,
594 2599 749 2664 medietas
773 2599 887 2662 domus
912 2621 979 2663 sue.
1004 2597 1123 2663 Actum
1149 2609 1198 2662 est
1221 2595 1281 2662 hoe
1304 2596 1403 2663 indie
1419 2599 1671 2663 consecrationis
1697 2599 1830 2666 basilice

147 2718 258 2772 sancte
296 2706 409 2788 Maris,
444 2717 519 2770 ante
557 2705 721 2770 Andrearn
758 2715 902 2770 nostrum
940 2707 1138 2792 episcopum,
1174 2715 1206 2770 et
1240 2707 1310 2770 eius
1345 2703 1441 2784 clero,
1465 2714 1497 2770 et
1521 2703 1621 2770 Medii
1655 2703 1765 2772 abbati
1801 2715 1833 2774 et

148 2812 267 2878 Urscni
294 2813 415 2878 abbati.

306 2961 382 3018 Stari
404 2961 501 3034 prepis
525 2977 564 3018 na
586 2959 759 3033 pergameni
782 2977 800 3014 u
822 2959 923 3016 arkivo
954 2959 1153 3032 kaludjerieah
1173 2956 1326 3019 ssdarskih
1352 2977 1393 3018 sa.
1418 2955 1533 3033 Marije.

718 3199 946 3285 CLXXIV.
972 3199 1063 3284 (illo
1089 3223 1126 3302 g·
1154 3197 1266 3284 tota.

148 3349 224 3428 (like
246 3368 368 3442 epatica
388 3369 563 3426 sumostooa
585 3382 628 3426 so.
653 3365 769 3436 Morlje
792 3382 812 3424 u
836 3363 940 3424 Zodru
963 3363 1060 3436 tilieti
1082 3365 1222 3441 tupljeoe
1246 3365 1343 3426 alvari
1366 3367 1377 3425 l
1400 3336 1501 3440 aeotje
1524 3383 1561 3426 su
1582 3369 1646 3441 sooj
1668 3373 1830 3430 sumerton.

146 3627 208 3694 duo
231 3631 392 3717 ymnaria,
430 3650 527 3692 unum
565 3625 762 3709 matutinale,
796 3649 926 3692 cereum
958 3625 1088 3692 laudum
1121 3650 1178 3715 pro
1214 3626 1326 3692 decem
1364 3634 1396 3691 et
1423 3637 1495 3693 octo
1520 3627 1578 3694 sol.
1604 3628 1642 3693 In
1677 3629 1831 3713 candelis,

147 3735 388 3822 candeolisque,
411 3734 473 3800 hac
496 3733 618 3798 arcella
635 3735 757 3818 maiori,
789 3734 901 3798 decem
934 3731 990 3798 sol.
1023 3731 1106 3798 dedi.
1147 3733 1218 3798 Hec
1250 3756 1310 3818 ego
1335 3731 1434 3798 (licea
1451 3732 1616 3800 abbatissa
1632 3735 1665 3798 in
1682 3735 1832 3801 thesauro

145 3845 283 3930 apposui
317 3853 426 3906 nostro
457 3841 651 3905 monasterio
675 3853 785 3904 sancte
809 3839 921 3904 Maris.
945 3838 1038 3905 Nunc
1061 3863 1138 3905 vero
1163 3839 1276 3905 eadem
1309 3839 1425 3922 scribo,
1451 3841 1565 3926 quein
1589 3840 1738 3907 domibus
1763 3844 1832 3908 siue

147 3953 240 4015 terris
266 3947 319 4013 vel
343 3945 643 4013 construcmonibus
667 3946 779 4011 eodem
804 3957 949 4033 tempore
972 3955 1047 4010 suut
1069 3947 1249 4032 acquisita:

307 4053 431 4120 Eodem
463 4065 606 4140 tempore
636 4056 820 4140 comparaui
858 4053 1059 4117 medietatem
1091 4053 1206 4118 domus
1241 4075 1259 4114 a
1290 4049 1507 4116 Posteruleusi
1540 4051 1654 4139 Sergio
1687 4051 1831 4118 funditus

147 4161 358 4244 deuastatam,
382 4183 424 4225 ex
446 4159 577 4226 australi
613 4169 703 4246 parte
723 4161 820 4240 curie,
846 4159 1089 4246 protendentem
1114 4157 1156 4223 ab
1180 4155 1330 4244 aquilone
1355 4160 1387 4222 in
1417 4157 1593 4222 meridiem.
1622 4157 1727 4223 Aliam
1753 4183 1829 4224 uero

147 4269 353 4334 medietatem
377 4267 508 4332 donauit
530 4265 624 4332 nobis
648 4265 792 4353 Neupret
813 4289 884 4330 cum
908 4289 1017 4330 sorore
1041 4287 1106 4340 sua,
1130 4287 1227 4351 quam
1255 4263 1527 4346 monachauimus,
1552 4273 1584 4328 et
1608 4265 1830 4351 superaddidit

149 4373 354 4462 coquinulam
387 4397 460 4437 cum
492 4372 671 4438 subiacenti
707 4373 839 4438 coriola.
863 4371 1006 4436 Domum
1030 4383 1136 4436 eutem
1161 4369 1248 4436 illam
1274 4373 1463 4454 restauraui,
1487 4381 1652 4456 totamque
1676 4375 1829 4458 cooperui

147 4493 243 4567 atque
276 4481 386 4545 straui.
422 4479 518 4543 Istius
549 4501 626 4544 vero
657 4478 771 4544 domus
803 4481 1005 4566 comparacio
1037 4477 1077 4542 de
1111 4478 1248 4565 propriis
1284 4478 1363 4541 meis
1386 4487 1418 4540 et
1446 4499 1516 4541 mee
1551 4477 1616 4541 filie
1652 4475 1829 4566 Vekenege

148 4587 240 4653 bonis
266 4586 351 4651 facta
376 4599 433 4650 est.
460 4585 519 4649 Per
543 4585 628 4651 idem
653 4607 729 4650 vero
754 4596 880 4671 tempus
903 4583 1033 4648 domina
1057 4584 1170 4648 Debre
1191 4605 1263 4647 cum
1290 4605 1348 4646 sua
1365 4592 1459 4668 nepte
1483 4579 1523 4645 D.
1549 4581 1590 4645 ad
1608 4603 1666 4646 nos
1685 4585 1829 4666 veniens,
1939 4639 1950 4666 ,

149 4693 307 4759 monacha
329 4692 450 4774 effecta,
484 4692 590 4756 attulit
616 4692 707 4755 nobis
731 4689 956 4755 domunculam
978 4713 1019 4754 ex
1043 4688 1232 4754 occidentali
1257 4701 1347 4774 parte
1372 4711 1444 4752 cum
1461 4699 1563 4772 puteo,
1582 4711 1620 4753 ae
1643 4689 1823 4776 coquinola,

149 4810 179 4865 et
201 4800 381 4865 subiacenti
406 4798 528 4863 coriola
550 4798 591 4862 ab
616 4797 766 4884 aquilone
790 4798 821 4860 in
848 4797 1014 4860 meridiem
1040 4795 1262 4882 protendente.

304 4904 367 4968 Per
390 4902 474 4968 idem
497 4927 573 4968 vero
590 4919 715 4989 tempus
733 4905 865 4968 veniens
881 4901 923 4968 ad
941 4925 999 4968 nos
1018 4902 1154 4967 domnus
1175 4901 1288 4983 Uneio,
1309 4903 1419 4966 mortis
1437 4911 1619 4987 preventus,
1637 4902 1687 4966 vir
1703 4901 1837 4987 nobilis,

148 5009 253 5075 attulit
282 5008 376 5075 nobis
409 5033 501 5074 suum
534 5010 705 5074 subiacens
737 5007 886 5092 alodium,
923 5033 943 5078 a
976 5010 1112 5074 termino
1144 5009 1272 5072 domine
1301 5005 1341 5070 D.
1374 5007 1569 5093 protendens
1604 5007 1636 5070 in
1660 5008 1826 5074 meridiem

149 5138 248 5204 usque
272 5115 314 5180 ad
339 5117 434 5197 viam,
460 5127 491 5180 et
515 5117 645 5202 insuper
668 5114 794 5180 addidit
816 5114 984 5180 duodecim
1009 5114 1067 5180 sol.

308 5223 367 5286 Per
386 5223 471 5287 idem
505 5244 581 5286 vero
606 5235 733 5307 tempus
757 5245 776 5286 a
799 5221 992 5308 quibusdam
1017 5221 1205 5286 conciuibus
1229 5225 1490 5308 comparauimus
1515 5224 1621 5288 ortum
1645 5233 1719 5288 aute
1743 5221 1829 5290 iores

148 5329 281 5395 ecclesie
305 5331 396 5396 iuxta
419 5330 504 5393 viam
531 5351 573 5392 ex
591 5327 780 5393 occidentali
798 5339 888 5415 parte
907 5350 963 5414 pro
979 5327 1044 5392 XV
1061 5327 1118 5392 sol.
1137 5329 1170 5391 in
1189 5349 1251 5414 quo
1269 5327 1399 5392 domum
1416 5328 1580 5411 fratribus,
1598 5337 1630 5392 et
1647 5327 1827 5414 hospitibus

148 5459 166 5506 u
187 5436 395 5506 fundamento
417 5435 654 5520 fabricauimus,
680 5445 712 5500 et
735 5444 877 5518 stratam,
903 5445 937 5499 ut
960 5443 1009 5500 est
1033 5433 1218 5518 honorilice,
1242 5435 1491 5522 composuimus.

1684 5542 1726 5610 10
