4300 5930
1791 415 1854 496 idi

184 601 274 667 lentii
298 605 515 668 taciturnitate
539 622 724 688 compressa
746 604 902 673 obliuioni
926 604 1081 686 tradatur,
1107 605 1163 670 sed
1189 615 1342 693 perpetuo
1366 604 1559 678 cordetenus
1592 615 1747 672 teneatur.
1782 606 1855 692 Ego

179 709 280 802 igitur
302 731 411 774 comes
435 709 602 794 Rogeriue,
620 709 782 775 Dominici
796 707 983 776 Mauroceni
1004 712 1130 776 comitis
1144 709 1239 792 filius,
1260 711 1364 778 fateor
1380 735 1438 798 per
1453 711 1514 776 hcc
1531 733 1663 797 presens
1681 714 1853 800 scriptum
1929 789 1937 802 ⁸

172 817 332 900 ,qnoniam
354 814 487 880 vendidi
510 838 548 880 ae
571 815 689 880 tradidi
713 816 843 882 domum
869 839 972 882 meam
997 837 1069 882 oum
1089 827 1262 902 terraque
1279 825 1418 890 estante
1436 816 1605 884 ecclesiam
1624 829 1732 884 sancte
1749 819 1853 884 Marie

179 921 323 1000 maioris,
347 942 419 985 cum
443 930 511 984 tota
531 921 684 1004 androna,
712 923 843 1009 suisque
876 923 1078 1008 pertinentiis
1115 922 1281 1003 omnibus;
1315 932 1346 988 et
1377 922 1472 988 aliam
1504 922 1634 989 domum
1658 946 1754 1010 quam
1779 923 1855 990 olim

179 1035 382 1114 patermeus
406 1025 586 1114 aquodam
611 1025 750 1092 Martino
775 1029 962 1113 prenomine
986 1026 1123 1093 Gustata
1154 1039 1284 1110 emerat,
1321 1027 1539 1094 collateralem
1574 1028 1681 1094 domui
1718 1029 1851 1094 Aodrce

178 1127 316 1212 Girrine,
340 1153 413 1196 eum
437 1131 586 1197 omnibus
610 1131 810 1217 ingressibus
835 1143 866 1199 et
890 1135 1085 1220 egressibus,
1111 1134 1327 1220 omnibusque
1365 1134 1431 1200 suis
1462 1133 1600 1215 allodiis,
1635 1133 1784 1200 absoluta
1817 1144 1850 1201 et

178 1247 357 1324 spontanea
380 1237 555 1320 voluntate,
580 1237 638 1302 tibi
663 1261 777 1323 nempe
802 1237 942 1320 Matheo,
971 1239 1037 1304 filio
1060 1238 1254 1320 Zorobabel,
1288 1261 1345 1326 pro
1379 1240 1530 1304 trecentis
1555 1250 1586 1306 et
1620 1241 1855 1331 quinquaginta

176 1345 324 1430 perperis
347 1345 464 1426 aureis,
487 1365 515 1408 av
529 1353 560 1406 te
582 1341 674 1428 plene
699 1346 859 1430 susceptis
881 1346 914 1408 in
939 1345 1137 1432 prefinitum.
1160 1343 1219 1427 Ita,
1244 1354 1280 1409 ut
1303 1344 1398 1410 liceat
1421 1344 1478 1410 tibi
1514 1347 1643 1430 tuisque
1676 1344 1851 1414 heredibus

175 1469 216 1512 ac
239 1446 481 1536 proheredibus,
505 1450 708 1536 presignatas
732 1450 938 1514 domnacum
963 1460 1050 1514 turre
1075 1447 1176 1514 libere
1211 1449 1341 1532 habere,
1367 1451 1516 1532 vendere,
1540 1450 1671 1526 donare,
1704 1453 1848 1516 commit·

176 1564 256 1636 tare,
280 1557 407 1640 pignori
431 1555 546 1638 locare,
569 1555 734 1641 possidere
759 1567 791 1620 et
814 1555 998 1622 omnimode
1021 1554 1172 1622 alienare.
1206 1555 1323 1620 Verum
1357 1557 1383 1620 si
1419 1557 1491 1640 quis
1522 1553 1605 1620 alius
1639 1557 1689 1620 ius
1722 1554 1853 1642 aliquod

175 1659 210 1721 in
233 1659 412 1744 predictam
437 1660 655 1726 venditionem
681 1661 864 1743 intenderit,
889 1661 1032 1748 spondeo
1056 1685 1113 1748 per
1136 1684 1187 1728 me
1212 1671 1244 1726 et
1267 1683 1355 1726 meos
1376 1659 1512 1726 heredes
1536 1660 1593 1726 tibi
1618 1661 1744 1746 tuisque
1758 1661 1848 1752 here·

175 1763 273 1830 dibus
296 1787 336 1830 ac
359 1766 609 1844 suecessoribus,
634 1769 835 1852 presignatas
848 1766 960 1834 domos
977 1789 1049 1832 cum
1067 1778 1154 1834 turre
1170 1777 1274 1853 tutare
1290 1777 1386 1852 atquc
1404 1766 1577 1833 defendere
1593 1765 1716 1854 absque
1736 1766 1851 1832 fraude

178 1879 211 1934 et
234 1870 320 1936 malo
344 1873 484 1957 ingenio.
509 1871 580 1936 Hac
603 1871 735 1960 quidem
759 1881 831 1936 acta
855 1874 986 1939 suntin
1010 1875 1174 1960 presentia
1207 1882 1240 1937 et
1276 1873 1459 1936 testimonio
1493 1871 1679 1958 Lampredii
1713 1873 1854 1954 comitis,

174 1973 327 2062 Gregorii
351 1975 445 2056 Cosa,
470 1975 586 2043 Petrizi
613 1973 735 2058 Vitare,
762 1975 846 2042 Coae
878 1977 1039 2063 Gregorii,
1076 1977 1196 2064 Duymi
1231 1978 1366 2058 comitis,
1395 1977 1544 2042 Petronia
1580 1977 1636 2042 filii
1663 1977 1786 2058 Albini,
1816 2000 1855 2044 ac

175 2079 351 2163 Theodori,
373 2081 477 2146 Tollie
498 2081 564 2148 filii.
591 2081 634 2148 Et
657 2105 717 2167 ego
739 2081 872 2172 Jcseph,
906 2086 1007 2148 sancti
1040 2083 1126 2147 Petri
1158 2085 1232 2152 novi
1264 2081 1431 2168 plebanus,
1463 2085 1679 2150 vicenotarius
1713 2083 1852 2169 predicti

178 2189 306 2251 comitis
329 2186 459 2271 Rogerii
482 2197 608 2274 rogatu,
633 2199 668 2251 ut
689 2188 809 2270 audiui,
833 2189 958 2274 scripsi,
977 2187 1141 2270 roborum,
1166 2190 1362 2274 proprioque
1386 2190 1479 2272 signo
1501 2189 1639 2272 signaui.
1737 2185 1740 2192 ’

326 2384 430 2442 Matios
452 2403 489 2440 ns
511 2387 673 2457 pergameni
696 2403 713 2440 n
736 2386 831 2444 cedar.
855 2385 921 2457 gub.
944 2386 1003 2444 ark.
1029 2385 1139 2472 Lupehi
1161 2385 1276 2443 suburb.
1303 2383 1358 2440 Act
1380 2403 1455 2444 mon.
1480 2371 1503 2442 s.
1528 2385 1639 2443 Nicolai
1662 2387 1698 2442 de
1720 2387 1818 2447 Jadre.

597 2676 812 2759 CCXXX.
842 2679 955 2760 1194.
982 2680 1021 2760 4.
1049 2677 1201 2780 lrpnra
1225 2677 1434 2760 Uhadru.

368 2857 491 2918 Rarcod
513 2858 612 2930 medie
634 2856 772 2930 remlr'idti
793 2855 987 2916 sumostendit
1010 2873 1052 2917 ev.
1076 2858 1190 2917 Kusme
1211 2859 1225 2916 ι’
1246 2857 1402 2931 Deoniana
1423 2857 1482 2916 ised
1497 2857 1658 2934 Bclprado,

682 2959 684 2966 ’
792 2963 805 3020 i
827 2979 868 3022 so.
894 2957 1052 3037 Dimitrije
1073 2980 1095 3020 u
1117 2961 1231 3023 Zodru.

389 3151 435 3215 De
458 3152 552 3216 terris
577 3151 763 3216 monasterii
788 3159 970 3215 sanctorum
997 3148 1115 3216 Gosme
1138 3160 1170 3214 et
1192 3149 1355 3214 Damiani.

325 3255 421 3320 Anno
443 3255 604 3320 dominice
627 3256 859 3320 incarnationis
895 3255 1064 3320 millesimo
1102 3250 1374 3336 OLXXXXMII,
1410 3278 1520 3320 mense
1555 3257 1646 3339 iunii,
1681 3257 1732 3322 die
1770 3257 1848 3326 1111.

170 3371 309 3448 astante,
333 3359 511 3426 indictione
531 3357 609 3425 Xll.
633 3360 744 3425 Jadre.
781 3357 949 3446 Regnante
985 3360 1115 3426 domino
1151 3371 1260 3425 nostro
1295 3360 1383 3442 Bela,
1424 3363 1629 3426 serenissimo
1667 3361 1850 3449 Hungarie,

170 3467 346 3549 Dalmatis,
368 3465 529 3548 Obroatis,
561 3466 727 3552 Rameque
750 3489 836 3551 rege,
861 3466 998 3531 ecclesia
1022 3465 1179 3530 iadertina
1192 3467 1321 3552 proprio
1337 3476 1466 3552 pastore
1487 3477 1625 3548 carente,
1644 3478 1675 3532 et
1694 3470 1848 3534 Damiano

170 3571 282 3638 inclito
307 3575 424 3637 comite
446 3571 591 3637 eiusdem
615 3575 756 3636 ciuitatis
778 3571 969 3658 presidente.
994 3570 1076 3636 Gum
1100 3594 1157 3636 nos
1182 3594 1296 3658 nempe
1329 3571 1505 3654 Jolrannes,
1530 3571 1688 3638 iadertine
1712 3573 1850 3642 ecclesie

168 3675 428 3760 archidiaconus,
454 3701 611 3742 unacum
637 3676 769 3742 Andrea
792 3677 1073 3764 archipresbitero,
1101 3677 1210 3740 Marco
1235 3686 1268 3740 et
1297 3673 1437 3760 Matheo,
1462 3679 1591 3742 maioris
1627 3679 1765 3744 ecclesis
1800 3703 1849 3746 ca-

169 3785 297 3848 nonicis
321 3793 354 3848 et
375 3783 500 3847 Marino
526 3793 635 3847 sancte
660 3782 762 3846 Marie
787 3785 926 3862 maioris,
951 3781 1100 3848 Johanne
1135 3783 1237 3846 sancti
1274 3783 1360 3846 Petri
1396 3784 1524 3863 veteris,
1560 3782 1708 3850 Predicio
1742 3789 1845 3850 sancti

168 3888 339 3980 Stephani,
362 3888 485 3974 Joseph
510 3889 612 3954 saneti
636 3889 723 3953 Petri
749 3890 822 3954 noui
848 3899 880 3952 at
901 3887 1050 3953 Johanne
1071 3889 1175 3952 saneti
1197 3886 1366 3952 Michaelis
1387 3887 1545 3976 plebanis,
1578 3897 1610 3954 et
1631 3891 1771 3974 capitulo
1803 3894 1847 3956 ia·

171 3993 294 4081 drensi,
319 4017 458 4068 necnon
475 3994 597 4082 prefato
615 3993 775 4058 Damiano
792 3995 917 4076 comite,
934 3992 1092 4076 Gregorio
1110 3991 1224 4074 Oeace,
1242 3991 1402 4058 Damiano
1419 3991 1515 4058 Rubb
1536 3992 1629 4058 Sacci
1653 4005 1685 4059 et
1701 3994 1846 4081 Georgia

169 4099 284 4188 Soppe
307 4099 478 4176 iudicibus,
502 4099 611 4164 Micha
634 4099 762 4181 Petriei,
788 4099 970 4184 Grisogono
994 4099 1311 4186 Bittizi,‘multisque
1343 4097 1414 4162 aliis
1448 4095 1611 4162 nobilibus
1646 4097 1771 4164 clericis
1806 4123 1844 4166 ac

171 4205 266 4270 laicis
292 4207 325 4270 in
348 4205 447 4272 choro
471 4216 581 4270 sancte
605 4205 778 4270 Anastasis
801 4203 843 4269 ad
867 4206 1102 4269 contrauersias
1127 4225 1189 4292 que
1210 4206 1295 4270 inter
1329 4213 1361 4268 te
1396 4202 1603 4268 Dominicum
1638 4205 1740 4269 sancti
1776 4204 1842 4270 De·

168 4311 272 4377 miani
294 4311 456 4390 abbatem,
481 4321 513 4376 at
536 4311 673 4376 Liubam
698 4312 801 4376 sancti
822 4309 968 4375 Demetri
992 4309 1200 4391 abbatissam,
1226 4331 1283 4394 pro
1304 4309 1399 4372 terris
1415 4308 1633 4390 vertebantur,
1653 4310 1847 4378 resecandas

170 4415 398 4500 resideremus,
421 4426 495 4505 poet
519 4416 634 4481 multas
658 4415 884 4482 altercationes
908 4426 940 4480 et
963 4415 1083 4481 iudicia
1113 4414 1264 4496 iudicata,
1300 4436 1363 4502 que
1397 4415 1500 4478 sancti
1537 4413 1680 4482 Dimitrii
1717 4426 1840 4501 partem

167 4519 343 4608 plurimum
365 4522 574 4608 impetebant.
598 4519 749 4586 Guadras
773 4545 831 4610 per
855 4524 969 4608 stipem
995 4531 1030 4587 ut
1050 4523 1148 4586 moris
1172 4529 1221 4584 est
1244 4519 1285 4583 ab
1309 4531 1444 4604 utroque
1462 4528 1605 4584 vestrum
1623 4521 1845 4606 suscipientes,

166 4627 377 4716 presentibus
400 4627 523 4708 Coseia,
550 4630 651 4695 sancti
678 4627 839 4710 Damiani‚
864 4637 896 4692 et
918 4627 1007 4692 Desa
1031 4627 1141 4691 Bittizi
1169 4627 1271 4692 sancti
1307 4623 1450 4690 Dimitrii
1474 4625 1650 4715 aduocatis,
1688 4625 1750 4692 hoc
1786 4650 1841 4714 pro
1944 4645 1948 4655 ·

166 4731 255 4798 bono
279 4735 368 4820 pacis
392 4742 424 4796 et
447 4733 619 4798 concordie
643 4731 683 4797 de
707 4735 834 4798 comuni
860 4731 994 4797 consilio
1018 4743 1050 4796 et
1081 4731 1245 4814 voluntate
1277 4732 1455 4814 statuimus,
1491 4741 1525 4796 ut
1556 4733 1658 4800 sancti
1690 4732 1843 4798 Damiani

165 4835 315 4920 ecclesia,
339 4857 451 4903 omnes
474 4847 577 4904 terras
600 4837 681 4918 illas,
707 4861 787 4924 quas
810 4839 987 4924 antiquitus
1011 4838 1163 4926 possedit,
1188 4861 1208 4902 a
1231 4837 1303 4902 lacu
1327 4836 1486 4916 videlicet,
1511 4838 1567 4923 qui
1592 4836 1680 4903 lacus
1711 4838 1839 4906 abbatis

166 4943 222 5009 vel
247 4943 396 5008 monialis
420 4941 546 5026 dicitur,
571 4966 685 5009 versus
709 4943 881 5008 erratralem
906 4953 1029 5030 partem
1054 4945 1193 5030 positum
1217 4944 1391 5030 incipiente
1424 4965 1526 5030 usque
1558 4943 1599 5008 ed
1630 4944 1781 5028 Blattam,
1816 4955 1848 5010 et

165 5049 304 5116 abinde
327 5060 394 5113 tam
418 5068 515 5135 supra
537 5051 659 5114 curiam
683 5027 827 5134 Rogoue,
860 5070 956 5136 quam
981 5049 1094 5113 subtus
1129 5048 1235 5114 eundo
1270 5071 1384 5114 versus
1422 5049 1633 5133 occidentem,
1668 5072 1771 5136 usque
1802 5050 1843 5116 ad

148 5157 255 5219 'viam
280 5163 431 5237 veterem,
455 5176 517 5241 que
541 5153 680 5219 sclauice
703 5153 814 5236 colnic,
839 5152 937 5218 latine
961 5156 1015 5218 via
1036 5155 1118 5218 carri
1144 5153 1269 5236 dicitur,
1295 5177 1396 5242 usque
1421 5154 1570 5238 Blattam,
1594 5154 1650 5220 ubi
1686 5158 1843 5222 terminus

167 5259 316 5353 lapideus
340 5253 464 5346 positus
487 5269 546 5343 est,
570 5269 602 5325 et
619 5259 764 5346 ,desuper
786 5282 889 5348 usque
910 5281 973 5346 quo
995 5269 1080 5327 terre
1103 5268 1255 5348 nepotum
1277 5260 1371 5326 Lube
1394 5261 1578 5348 tenduntur,
1598 5260 1704 5328 eundo
1729 5284 1844 5328 versus
