4350 5932
1834 377 1856 442 9

169 568 389 654 praecipimus
406 564 555 632 Natalem
570 566 755 652 episcopum
773 567 962 631 instructam
985 565 1026 632 ad
1051 589 1109 632 nos
1132 565 1252 632 debere
1276 567 1415 652 dirigere
1433 590 1615 653 personam,
1633 589 1717 654 quae
1733 576 1852 632 rectam

170 673 239 736 eius
264 694 336 736 esse
360 672 568 736 intentionem
587 671 653 735 suis
671 673 772 756 possit
789 671 881 735 nobis
896 670 1146 756 allegationibus
1162 672 1391 738 demonstrare.
1416 673 1499 738 Nam
1527 683 1559 738 et
1582 673 1730 738 eumdem
1752 673 1853 749 archi·

171 776 342 842 diaconum
366 778 478 842 venire
501 775 636 840 fecimus
660 784 695 839 ut
727 774 884 862 quidquid
915 778 1043 856 iuratum,
1069 776 1227 863 quidquid
1251 778 1460 863 omnipotenti
1486 775 1547 842 deo
1571 776 1725 864 placitum
1749 777 1855 854 fuerit,

171 881 309 966 coguitis
333 880 565 945 assertionibus
599 881 737 966 partium
769 879 990 945 decernamus.
1015 878 1147 944 Nullum
1178 901 1317 968 namque
1342 903 1399 967 pro
1429 881 1591 968 personali
1614 903 1723 947 amore
1747 881 1855 947 defen·

170 987 286 1067 dimus,
323 986 382 1052 sed
416 994 549 1056 auctore
583 987 655 1059 deo·
681 1008 826 1052 normam
860 985 1020 1067 iustitiae,
1051 987 1230 1072 postposita
1264 985 1442 1052 cuiuslibet
1474 989 1662 1073 acceptione
1695 1011 1853 1074 personae

170 1091 382 1158 custodimus.

331 1231 432 1286 Manui.
456 1229 604 1290 collectio.
627 1229 735 1287 concil.
759 1231 793 1285 Τ.
817 1230 939 1285 1X.str.
967 1229 1059 1284 1091.

708 1453 803 1536 XV.
830 1452 920 1538 tau.
947 1455 1134 1555 mieseoa
1161 1456 1330 1558 etnika.

175 1631 277 1707 (trouu
310 1627 336 1689 I.
364 1647 448 1706 papa
478 1629 584 1690 amate
608 1633 805 1707 poddjotottu
835 1629 994 1690 Antoniou
1026 1631 1066 1690 du
1096 1631 1143 1691 ide
1165 1649 1187 1692 a
1217 1631 1311 1703 dolie,
1334 1634 1346 1692 i
1368 1633 1407 1693 du
1430 1635 1572 1709 nupooort'
1594 1634 1721 1708 &abac
1740 1633 1857 1694 Notata

166 1738 206 1798 du
231 1737 430 1812 wdetuna
461 1737 620 1798 Honorotu
651 1739 714 1799 east
743 1737 871 1810 patrati,
900 1738 1109 1810 spretionem
1135 1739 1213 1812 pulte
1243 1740 1360 1814 stataria
1376 1741 1471 1816 tatone
1489 1739 1851 1816 manutenementum

670 1843 734 1914 tete,
758 1843 798 1903 do
821 1842 950 1916 matam
967 1841 1077 1902 Molita
1099 1861 1121 1902 tt
1143 1843 1213 1903 Rim
1231 1841 1358 1923 potolje.

707 2011 897 2099 Gregorius,
922 2013 1086 2080 Antonino
1118 2013 1325 2080 subdiacono.

330 2163 517 2228 Honoratus
539 2161 785 2228 archidiaconus
801 2161 959 2228 ecclesiae
983 2161 1199 2244 salonitanae,
1215 2187 1236 2229 a
1252 2173 1381 2231 sauctae
1401 2167 1574 2230 memoriae
1592 2164 1761 2230 decessore
1785 2185 1856 2228 meo
1918 2191 1919 2196 ¹
2015 2153 2024 2168 ’

169 2269 270 2332 missa
305 2270 540 2355 supplicatione
572 2277 776 2356 poposcerat,
809 2277 845 2333 ut
876 2267 918 2332 ab
946 2270 1088 2334 antistite
1117 2291 1175 2334 sno
1198 2270 1319 2334 inuitus
1352 2270 1484 2358 provehi
1506 2270 1550 2350 ad
1572 2269 1710 2338 fortioris
1733 2269 1855 2364 gradus

171 2371 318 2438 ordinem
343 2383 455 2438 contra
478 2395 611 2438 morem.
628 2372 810 2439 nullatenus
832 2382 1011 2458 cogeretur.
1033 2372 1106 2438 Hoe
1129 2374 1213 2444 enim
1244 2375 1314 2440 fieri
1339 2375 1399 2440 sibi
1433 2398 1494 2440 uon
1520 2374 1717 2463 prouehendi
1742 2377 1856 2461 gratia,

171 2478 228 2544 sed
254 2501 372 2544 caussa
407 2479 647 2562 ingratitudinis
678 2478 878 2565 perhibebat.
911 2479 975 2544 Pro
1007 2501 1070 2566 qua
1102 2501 1137 2543 re
1168 2489 1244 2546 tuuc
1268 2482 1330 2545 iam
1354 2490 1484 2546 sanctae
1508 2483 1681 2546 memoriae
1706 2479 1857 2546 decessor-

172 2592 285 2649 noster
308 2585 437 2670 scriptis
458 2585 525 2648 suis
548 2583 655 2650 Natali
678 2583 778 2665 fratri,
795 2585 1052 2671 coepiscopoque
1076 2593 1193 2667 nostro,
1223 2584 1443 2669 interdixerat,
1462 2608 1502 2650 ne
1526 2585 1724 2672 praedictum
1746 2583 1855 2650 Houo-

168 2699 276 2754 ratum
303 2687 566 2755 archidiaconum
591 2691 726 2754 inuitum
762 2687 963 2774 proueheret,
988 2711 1069 2754 neue
1091 2687 1233 2754 dolorem
1266 2699 1439 2777 conceptae
1474 2690 1714 2777 ingratitudinis
1736 2689 1856 2754 diutius

169 2795 204 2858 iu
229 2795 329 2860 corde
364 2797 526 2860 retineret.
560 2793 707 2880 Cumque
740 2802 771 2858 et
799 2817 817 2858 a
842 2793 935 2858 nobis
968 2793 1049 2860 haec
1082 2794 1184 2858 eidem
1221 2779 1424 2881 summopere
1448 2794 1767 2876 fuerintiuterdicta,
1793 2817 1857 2858 uon

170 2898 276 2964 solum
302 2899 455 2964 mandata
479 2899 530 2964 dei
556 2898 733 2985 negligens,
753 2897 807 2964 sed
838 2909 870 2964 et
893 2899 1012 2986 scripta
1028 2909 1137 2964 nostra
1160 2908 1368 2966 contemnens
1393 2899 1571 2986 praefatum
1595 2899 1856 2965 archidiaconum

169 3007 263 3090 quasi
279 3005 320 3069 ad
336 3004 501 3070 fortiorem
525 3005 679 3070 honorem
696 3003 886 3091 prouehens,
910 3013 1042 3070 conatus
1060 3015 1108 3070 est
1124 3015 1192 3070 arte
1209 3004 1324 3084 callida
1342 3004 1530 3091 degradare.
1555 3004 1649 3070 Unde
1675 3015 1780 3070 actum
1798 3013 1855 3084 est,
1966 3091 1967 3095 Ἰ

170 3119 207 3173 ut
230 3132 269 3173 eo
296 3108 336 3173 de
357 3109 639 3176 archidiaconatus
664 3109 733 3175 loco
759 3119 928 3192 summoto,
953 3109 1051 3174 alium
1072 3109 1276 3192 adscisceret,
1295 3111 1351 3196 qui
1376 3112 1443 3175 eius
1468 3109 1691 3195 obtemperare
1716 3109 1864 3175 moribus·

170 3215 339 3300 potuisset.
366 3213 471 3295 Quem
494 3214 696 3280 Honoratum
723 3215 986 3280 archidiaconum
1014 3213 1207 3278 arbitramur
1223 3215 1355 3280 antistiti
1374 3237 1431 3280 suo
1452 3213 1581 3280 aliunde
1597 3213 1768 3300 displicere
1792 3236 1855 3278 non

170 3321 326 3405 potuisse,
351 3321 412 3383 nisi
438 3319 524 3406 quod
549 3341 621 3384 eum
646 3343 726 3384 vasa
743 3341 835 3385 sacra
852 3321 918 3386 suis
936 3319 1013 3386 dare
1029 3320 1222 3406 parentibus
1239 3319 1442 3406 prohibebat.
1465 3319 1568 3402 Quam
1583 3342 1729 3384 caussam
1747 3317 1856 3384 subtili

170 3425 335 3488 voluimus
367 3433 399 3489 et
421 3433 497 3489 tuuc
521 3433 652 3490 sauctae
676 3419 851 3490 memoriae
886 3425 1038 3490 decessor
1062 3447 1151 3492 meus
1176 3434 1208 3488 et
1232 3447 1317 3489 nuno
1347 3447 1406 3509 ego
1441 3425 1645 3508 indagatione
1677 3424 1855 3506 discutere,

170 3527 229 3593 sed
252 3529 280 3593 is
293 3532 505 3616 ipsesuorum
532 3529 594 3594 sibi
607 3539 736 3595 actuum
754 3532 901 3596 conscius
918 3551 1089 3617 personam
1112 3529 1153 3594 ad
1165 3529 1319 3594 iudicium
1337 3531 1515 3617 postposuit
1531 3527 1703 3594 destinare.
1718 3529 1856 3595 Proinde

172 3635 409 3718 experientiam
441 3643 529 3698 tuam
561 3637 739 3720 praesentis
771 3638 932 3721 praecepti
966 3636 1158 3699 auctoritate
1189 3634 1340 3698 duximus
1370 3633 1576 3717 fulciendam,
1599 3643 1758 3722 quatenus
1782 3656 1855 3699 cou-

173 3741 310 3804 ueniens
333 3741 366 3803 in
390 3739 551 3821 Salonam,
574 3738 722 3804 Natalem
742 3740 882 3820 fratrem,
908 3741 1197 3827 coepiscopumque
1220 3749 1374 3822 nostrum,
1399 3739 1511 3804 saltem
1529 3749 1575 3805 tot
1597 3741 1724 3826 scriptis
1748 3739 1854 3804 admo·

176 3845 279 3908 nitum
304 3844 432 3909 studeat
454 3843 687 3926 adhortari,'ut
711 3867 809 3930 supra
826 3853 1038 3908 memoratum
1057 3843 1318 3908 archidiaconum
1335 3846 1367 3908 iu
1384 3866 1442 3909 suo
1466 3845 1574 3910 statim
1599 3843 1668 3910 loto
1691 3843 1855 3930 suscipiat.

174 3947 272 4027 Quod
297 3951 323 4016 ai
347 3949 455 4014 facere
478 3949 544 4014 hoe
567 3951 806 4030 contumaciter,
831 3958 866 4015 ut
886 3951 1064 4033 consueuit,
1080 3949 1163 4014 forte
1184 3947 1353 4029 distulerit,
1371 3971 1463 4014 usum
1483 3951 1512 4014 ei
1536 3947 1635 4037 pallii,
1660 3951 1715 4036 qui
1738 3951 1780 4012 ab
1796 3947 1857 4014 hac

173 4054 251 4142 sede
275 4076 452 4120 concessus
476 4064 534 4138 est,
558 4077 600 4120 ex
630 4056 819 4120 auctoritate
845 4054 1150 4142 sedisapostolicae
1182 4053 1405 4120 contradicito.
1437 4053 1541 4134 Quem
1566 4056 1592 4120 si
1617 4056 1714 4120 etism
1737 4055 1855 4119 amisso

173 4158 273 4245 pallio
296 4158 404 4224 adhuc
426 4161 458 4224 in
482 4159 595 4225 eadem
619 4161 796 4246 pertinacia
830 4183 1039 4248 perseuerare
1063 4161 1278 4248 perspexeris,
1309 4159 1461 4225 dominici
1493 4181 1621 4247 quoque
1650 4161 1856 4246 corporisne

174 4266 343 4347 sanguinis
360 4263 496 4329 eundem
513 4267 688 4330 aufistitem
704 4266 948 4352 participatione
976 4263 1132 4351 priuabis.
1152 4263 1237 4328 Eum
1253 4285 1340 4342 vero,
1357 4267 1411 4351 qui
1430 4275 1541 4329 contra
1556 4265 1695 4329 iustitiae
1712 4263 1855 4347 regulam

173 4370 205 4432 in
237 4367 532 4434 archidiaconatum
569 4368 701 4434 alterius
736 4393 771 4435 se
805 4370 938 4458 provehi
972 4371 1152 4453 consensit,
1185 4368 1227 4434 ab
1251 4369 1393 4436 eiusdem
1428 4368 1704 4435 archidiaconatus
1735 4368 1856 4434 honore

175 4475 291 4562 deponi
314 4477 539 4562 praecipimus.
557 4474 662 4555 Quem
679 4477 705 4540 si
722 4475 870 4542 ulterius'
883 4477 915 4540 in
933 4475 1003 4542 loco
1020 4477 1132 4543 eodem
1149 4476 1330 4542 ministrare
1346 4477 1606 4563 praesumpserit,
1625 4477 1858 4542 communionis

174 4603 286 4645 sacrae
304 4581 549 4667 participatione
573 4565 749 4668 priuamus.
774 4581 922 4670 Aequum
948 4583 1032 4648 enim
1057 4591 1114 4664 est,
1134 4589 1168 4646 ut
1183 4602 1325 4668 asperos¹
1339 4580 1378 4645 de
1403 4581 1525 4646 iustitia
1540 4581 1665 4655 sentiat,
1682 4603 1762 4668 quos
1780 4603 1857 4667 erga

174 4709 209 4749 se
229 4687 351 4772 positos
375 4687 407 4749 iu
433 4689 566 4751 caritate
590 4687 774 4752 contemnit.
792 4688 952 4753 Restituto
969 4711 1046 4772 ergo
1063 4687 1132 4752 loeo
1158 4709 1215 4752 suo
1229 4685 1396 4780 Honorato
1414 4685 1651 4768 archidiacono,
1668 4687 1856 4752 instructam

79 4866 83 4870 ⁵
173 4812 347 4877 personam
373 4790 578 4878 supradictus
602 4794 736 4858 antistes
760 4801 790 4858 te
814 4792 1025 4880 compellente
1041 4792 1168 4879 dirigat,
1185 4814 1267 4879 quae
1280 4793 1490 4858 intentionem
1507 4794 1576 4856 eius
1593 4815 1664 4858 esse
1688 4791 1741 4856 vel
1756 4793 1857 4858 fuisse

173 4897 291 4960 iustam
317 4899 383 4960 suis
408 4897 485 4960 mihi
510 4896 758 4984 allegationibus
791 4884 892 4986 possit
926 4899 1156 4964 demonstrare.
1190 4897 1254 4963 Sed
1287 4907 1319 4962 et
1350 4897 1497 4964 eumdem
1530 4896 1792 4962 archidiaconum
1816 4897 1857 4961 ad

174 5024 234 5065 nos
269 5004 380 5065 venire
398 4981 623 5089 praecipimus,
648 5011 684 5068 ut
706 5003 863 5091 quidquid
899 5006 1027 5087 iustum,
1061 5001 1218 5091 quidquid
1250 5003 1458 5087 omnipotenti
1491 5002 1551 5066 deo
1575 5001 1728 5089 placitum
1752 5001 1857 5080 luerit,

179 5107 319 5192 cognitis
355 5108 587 5174 assertionibus
621 5112 759 5195 partium
792 5110 1013 5175 decernamus.
1046 5109 1115 5174 Nos
1150 5110 1233 5174 enim
1266 5107 1387 5172 nullum
1408 5131 1464 5193 pro
1488 5105 1648 5194 personali
1672 5129 1781 5172 amore
1803 5107 1856 5172 de·

170 5211 344 5295 sendimus,
376 5213 435 5298 sed
464 5223 594 5280 auctore
623 5214 684 5281 deo
714 5237 858 5280 normam
889 5217 1039 5298 iustitiae,
1073 5217 1249 5302 postposita
1281 5212 1451 5278 cuiuslibet
1476 5214 1662 5300 acceptioue
1686 5234 1854 5299 personae,

171 5339 354 5383 seruamua.
379 5316 543 5384 Malchum
561 5341 638 5386 vero
654 5320 797 5404 fratrem
812 5323 1102 5410 coepiscopumque
1124 5329 1279 5402 nostrum,
1298 5317 1426 5383 curabis
1442 5317 1624 5384 fideiussori
1647 5317 1855 5400 committere,
