4254 5922
1752 443 1816 512 201

149 647 305 715 cbauuam
329 645 484 734 quicquid
506 645 552 731 ibi
576 645 748 712 babuimus
764 667 837 712 cum
860 647 966 712 vincis
984 655 1015 712 ct
1031 647 1238 733 saginacione
1262 653 1295 710 ct
1317 653 1425 709 monte
1452 649 1623 730 querceato
1655 641 1820 730 pratisque

146 757 235 822 'inter
257 757 365 842 ipsum
388 761 597 840 querceatum
621 762 762 818 montem
789 755 867 836 sitis,
894 763 927 819 et
950 755 1032 818 inter
1056 752 1169 818 siluam
1186 751 1320 832 Paltam,
1344 747 1395 816 vel
1413 747 1566 837 quicquid
1583 749 1616 813 in
1632 748 1711 834 ipsis
1728 744 1819 810 silvis

149 859 330 956 habuimus,
356 869 457 926 totum
481 861 514 924 in
538 881 631 926 usum
656 859 811 948 praedicti
837 861 1023 926 monasterii
1046 859 1221 924 firmamus.
1247 852 1299 921 Ad
1324 855 1513 921 Grunsitam
1540 851 1693 941 quicquid
1710 873 1819 938 super-

147 967 206 1034 fuit
227 965 324 1033 bobis
348 965 387 1033 V.
412 987 492 1053 quas
515 967 616 1032 nostri
639 975 860 1032 antecessores
883 965 1037 1032 Deotrico
1061 965 1227 1046 dederunt,
1244 962 1305 1030 boc
1322 971 1396 1027 sunt
1414 961 1497 1028 boba
1514 960 1551 1026 1..
1567 959 1619 1026 Ad
1636 957 1819 1040 Liubinam,

145 1075 184 1140 ad
206 1071 432 1160 Holumpurch
456 1075 588 1139 terciam
613 1083 736 1160 partem
759 1073 899 1139 ciuitatis
916 1095 987 1138 cum
1012 1073 1116 1137 vincis
1132 1069 1244 1136 XXX.
1261 1079 1294 1133 et
1309 1067 1401 1134 bobis
1416 1065 1491 1134 XV.
1516 1069 1585 1132 sine
1601 1065 1705 1132 curtili
1723 1074 1818 1130 terra.

143 1179 195 1246 Ad
219 1180 416 1245 Treisimam
440 1181 603 1246 ciuitatem
627 1188 660 1244 et
683 1178 852 1246 ecclesiam
879 1180 979 1244 sancti
1004 1178 1134 1244 Martini
1163 1200 1235 1244 cum
1264 1177 1400 1255 decima,
1431 1183 1463 1240 et
1485 1195 1611 1240 sursum
1633 1175 1666 1237 in
1687 1169 1819 1237 australi

143 1295 239 1372 atquc
263 1287 297 1350 in
321 1283 470 1350 orientali
495 1296 585 1372 parte
608 1285 751 1350 fluminis
775 1283 933 1350 Treislme
961 1307 1063 1372 usque
1079 1283 1120 1350 ad
1138 1283 1452 1369 Potilinesprunnen,
1469 1287 1502 1347 et
1517 1282 1600 1346 sicut
1615 1277 1819 1344 Deotricbes-

143 1391 224 1480 pach
247 1391 322 1456 fluit
344 1399 456 1456 contra
478 1389 559 1457 duos
584 1413 717 1458 aceruos
741 1393 796 1480 qui
820 1393 853 1456 in
878 1391 1024 1457 orientali
1049 1401 1139 1478 parte
1167 1392 1273 1478 campi
1297 1390 1391 1477 positi
1414 1398 1497 1472 sunt,
1521 1396 1554 1453 ct
1576 1384 1695 1452 exinde
1718 1403 1820 1471 usquc

143 1498 182 1562 ad
206 1497 398 1564 Danubium
422 1499 454 1563 in
478 1496 567 1564 illum
592 1497 697 1564 locum
721 1499 777 1584 qui
801 1497 966 1585 Tripolina
988 1497 1115 1582 dicitur,
1145 1507 1177 1564 ct
1199 1497 1244 1562 ita
1266 1517 1394 1562 sursum
1417 1515 1517 1582 prope
1540 1489 1728 1558 Danubium
1745 1511 1818 1554 cum

141 1605 239 1690 agris,
263 1607 375 1692 pratis,
399 1606 537 1692 pascuis,
562 1603 658 1670 cultis
681 1615 713 1670 et
735 1605 874 1687 incultis,
897 1605 989 1685 auiis,
1007 1603 1086 1670 locis
1117 1604 1344 1692 piscacionum,
1369 1623 1452 1690 quae
1476 1600 1620 1666 deutiscc
1644 1595 1818 1663 Aricbsteti

142 1719 310 1796 vocantur,
343 1721 375 1776 ct
397 1713 442 1776 ita
465 1733 592 1776 sursum
616 1732 719 1799 usquc
742 1711 783 1776 ad
802 1709 890 1778 illam
914 1711 1076 1777 marcham
1105 1731 1187 1796 quae
1217 1711 1301 1775 inter
1324 1707 1513 1775 Treisimam
1538 1715 1570 1772 ct
1591 1701 1817 1791 Holumpurcb

141 1825 296 1904 utrasque
319 1839 371 1883 res
395 1815 569 1884 diuidendo
591 1817 754 1884 discernit.
779 1817 832 1885 Ad
856 1817 1110 1886 Penninuuancb
1128 1815 1282 1905 quicquid
1300 1813 1343 1880 ibi
1361 1813 1542 1880 habuimus.
1568 1811 1623 1876 Ad
1638 1809 1817 1876 Ecclesiam

142 1923 301 2006 Acconis,
324 1924 365 1990 ad
389 1923 629 2012 Witincspercb
658 1925 811 2014 quicquid
834 1924 880 1990 ibi
905 1923 1085 2007 babuimus,
1119 1932 1255 2010 excepto
1279 1920 1366 2009 quod
1388 1920 1624 2006 Mosogouuoni
1647 1917 1748 1982 nostri
1764 1938 1818 1988 an-

140 2041 322 2096 tecessores
346 2029 513 2114 dederunt,
539 2031 599 2096 hoc
623 2040 672 2097 est
693 2031 797 2096 bobae
821 2031 858 2098 0.
883 2030 937 2096 Ad
965 2030 1146 2096 Ecclesiam
1174 2027 1308 2108 Ellodis,
1342 2025 1513 2093 ecclesiam
1536 2024 1700 2106 Mingonis
1732 2043 1818 2108 pres-

140 2136 258 2223 byteri.
283 2136 336 2203 Ad
360 2135 640 2224 Gumpoldeedorf
658 2137 814 2226 quicquid
839 2137 883 2202 ibi
909 2137 1090 2204 babuimus.
1114 2135 1166 2202 Ad
1190 2135 1324 2224 Rapum,
1348 2134 1390 2198 ad
1413 2131 1582 2200 Sabariam
1607 2131 1771 2197 ciuitatem
1788 2138 1820 2194 ot

140 2240 314 2308 ecclesiam
341 2265 414 2308 cum
445 2243 580 2327 decima,
611 2253 643 2310 et
674 2243 840 2325 theloneis,
875 2245 987 2324 vineis,
1018 2245 1114 2330 agris,
1139 2244 1248 2330 pratis,
1268 2241 1405 2328 pascuis,
1430 2235 1612 2316 forestibus,
1647 2232 1818 2315 montibus,

140 2351 332 2436 cunctisque
352 2349 394 2414 ad
417 2348 553 2414 eandem
581 2351 743 2415 ciuitatem
767 2351 835 2416 iure
859 2351 1104 2439 pertinentibus.
1136 2348 1188 2414 Ad
1214 2349 1328 2414 liccam
1352 2347 1528 2420 Sabariam,
1560 2343 1601 2409 ad
1625 2339 1819 2431 Mosapurcb

139 2455 312 2522 abbaciam
336 2455 392 2522 ubi
414 2465 543 2522 sanctus
566 2456 731 2524 Adrianus
753 2459 936 2546 requiescit,
966 2467 998 2523 et
1020 2479 1137 2524 nonam
1169 2453 1209 2520 de
1243 2453 1391 2520 omnibus
1423 2455 1540 2518 nostris
1571 2451 1715 2518 curtibus
1746 2471 1818 2515 cum

139 2560 292 2628 theloneo
315 2565 347 2626 in
371 2563 500 2628 ciuitate
525 2571 558 2628 et
579 2565 704 2650 piscina
728 2566 773 2629 uti
797 2567 897 2630 nostri
921 2573 1141 2630 antecessores
1169 2562 1210 2628 ad
1234 2565 1297 2628 iam
1325 2561 1445 2627 dictum
1469 2559 1698 2626 monasterium
1721 2554 1820 2622 dede·

139 2679 221 2734 runt.
248 2667 304 2734 Ad
327 2667 514 2757 Salapiugin
538 2679 659 2736 curtem
686 2693 758 2736 cum
790 2668 886 2736 000.
922 2672 1042 2734 mansis
1066 2680 1098 2734 et
1119 2669 1248 2734 totidem
1271 2669 1385 2750 vineis,
1408 2677 1440 2732 et
1462 2665 1614 2754 quicquid
1639 2663 1683 2729 ibi
1707 2662 1818 2728 habui·

140 2797 222 2840 mus.
246 2775 430 2842 Ecclesiam
451 2776 494 2840 ad
518 2775 728 2858 Quartinaba.
753 2775 934 2842 Ecclesiam
952 2776 992 2840 ad
1010 2775 1121 2860 Gensi,
1138 2775 1178 2842 ad
1195 2775 1235 2840 V.
1252 2773 1416 2840 Ecclesias
1432 2795 1505 2840 cum
1522 2771 1687 2854 theloneis,
1705 2771 1818 2850 vineis,

140 2881 327 2964 forestibus,
350 2892 477 2948 etcum
500 2884 649 2948 omnibns
672 2905 755 2970 quae
778 2883 819 2949 ab
843 2883 1104 2949 antecessoribus
1128 2884 1244 2948 nostris
1273 2881 1465 2948 beneficiata
1487 2889 1578 2946 crant
1602 2882 1768 2946 firmamus
1785 2878 1817 2940 in

140 2991 318 3074 proprium.
348 2985 401 3052 Ad
431 2987 642 3073 Rugineslcld
671 2990 825 3078 quicquid
856 2989 900 3055 ibi
932 2989 1113 3055 habuimus.
1152 2989 1204 3054 Ad
1229 2989 1406 3054 Durnauua
1436 2985 1624 3067 ecclesiam,
1656 3005 1738 3072 quaa
1770 2991 1820 3046 est

141 3103 328 3160 constructa
347 3097 378 3158 in
400 3093 521 3158 honore
556 3100 660 3160 sancti
691 3096 875 3162 Ruodbcrti
911 3105 1154 3184 ceterorumque
1191 3094 1498 3184 quamplurimorum
1529 3103 1706 3180 martyrum
1745 3111 1817 3154 cum

141 3210 250 3266 monto
275 3200 421 3266 Parenos
445 3201 540 3283 dicto,
564 3223 636 3266 cnm
661 3203 774 3284 vineis,
798 3205 895 3287 agris,
921 3205 1029 3289 pratis,
1052 3203 1142 3268 siluis
1163 3213 1195 3267 et
1218 3225 1290 3266 cum
1321 3201 1469 3266 omnibus
1497 3221 1580 3287 quae
1603 3198 1647 3264 ibi
1671 3197 1819 3261 videmur

141 3306 262 3373 babere
286 3309 372 3372 circa
394 3315 534 3372 montem
561 3309 640 3374 sitis.
665 3309 717 3374 Ad
743 3309 908 3374 Pctouiam
932 3310 1101 3375 ecclesiam
1130 3331 1202 3374 cum
1230 3309 1364 3389 decima,
1382 3315 1414 3372 et
1433 3307 1512 3372 duas
1539 3312 1646 3393 partes
1668 3303 1819 3381 ciuitatis,

141 3437 213 3478 cum
232 3413 360 3492 bannis,
377 3411 545 3495 theloneis,
562 3423 594 3478 et
618 3423 722 3502 ponte,
746 3425 779 3481 et
800 3419 933 3504 insuper
949 3420 1080 3483 terciam
1100 3425 1221 3505 partem
1238 3417 1386 3498 ciuitatis,
1404 3437 1486 3501 quac
1498 3413 1677 3500 proprietas
1698 3409 1819 3474 Caran-

141 3522 206 3584 tani
230 3519 302 3603 fuit,
318 3521 412 3607 sique
426 3520 635 3586 diiudicatum
664 3531 741 3604 erat,
762 3547 800 3588 eo
829 3525 914 3610 quod
938 3547 1013 3590 rcus
1037 3525 1212 3590 maiestatis
1230 3525 1417 3588 criminatus
1428 3529 1633 3588 estconstaro
1641 3569 1649 3602 ,
1674 3518 1818 3604 exceptis

141 3625 203 3690 illis
225 3625 327 3691 rebus
349 3649 433 3713 quac
454 3649 532 3692 suae
548 3630 642 3693 uxori
659 3651 831 3696 concessae
851 3631 949 3698 fuere.
974 3633 1009 3696 Id
1029 3642 1078 3696 est
1108 3632 1315 3718 insuperiori
1340 3631 1468 3694 ciuitate
1484 3631 1515 3694 in
1538 3625 1708 3712 origentali
1730 3631 1819 3710 parte

142 3733 282 3796 ciuitatis
305 3731 452 3798 curtilem
476 3732 591 3815 locum,
615 3734 671 3800 nbi
696 3759 779 3802 noua
799 3737 936 3804 ecclesia
965 3739 1161 3824 inceptaest,
1185 3746 1281 3824 atque
1303 3738 1336 3800 in
1349 3735 1492 3800 inferiori
1514 3734 1654 3814 ciuitate,
1678 3732 1710 3793 in
1734 3729 1803 3792 occi

143 3837 263 3906 dentali
287 3847 378 3926 parte
402 3841 542 3904 ciuitatis
565 3843 677 3926 ipsius,
702 3841 757 3906 illa
782 3844 909 3909 curtilia
939 3844 1009 3910 loca
1036 3867 1119 3932 quae
1150 3846 1182 3910 in
1207 3853 1363 3932 potestate
1386 3852 1462 3907 tunc
1484 3839 1604 3921 babuit,
1629 3859 1700 3903 cum
1724 3835 1817 3900 bobis

143 3943 177 4010 0.
201 3955 234 4012 et
255 3947 360 4010 vineis
380 3945 423 4012 X.
448 3947 486 4010 In
509 3946 725 4012 Ziatanesfcld
750 3949 803 4014 nbi
827 3951 992 4018 firmamus
1011 3953 1053 4017 ad
1078 3952 1254 4039 praefatum
1281 3949 1518 4029 monasterium,
1535 3948 1617 4011 sicut
1629 3941 1736 4010 acerui
1754 3940 1817 4006 duo

143 4073 240 4138 prope
262 4051 406 4116 Trauum
432 4054 527 4138 positi
556 4061 638 4136 sunt,
659 4077 701 4118 ex
723 4058 906 4121 summitate
927 4059 1053 4124 termini
1080 4061 1134 4144 qui
1150 4058 1328 4143 Uuagreini
1348 4055 1473 4135 dicitur,
1495 4063 1526 4118 et
1549 4054 1632 4116 sicut
1655 4047 1707 4114 ille
1730 4047 1816 4113 Una-

142 4158 244 4242 greini
272 4157 376 4222 tendit
406 4181 508 4246 usque
541 4159 617 4224 dum
650 4160 814 4226 Treuuina
835 4162 907 4226 fluit
930 4165 961 4226 in
984 4187 1111 4229 amnem
1135 4163 1289 4229 Trauum.
1313 4161 1364 4227 Ad
1389 4161 1530 4248 Sulpam,
1548 4159 1709 4224 ciuitatem
1733 4155 1816 4242 Zuip
1860 4239 1866 4252 ι

143 4273 299 4346 vocatam,
319 4283 392 4328 cum
408 4265 558 4330 omnibus
573 4267 643 4331 iure
659 4266 700 4332 ad
716 4268 850 4333 eandem
871 4270 1033 4336 ciuitatem
1060 4269 1301 4357 pertinentibus,
1336 4291 1406 4334 cum
1442 4267 1600 4355 quercetis
1624 4272 1657 4328 et
1685 4265 1816 4349 campis,

15 4412 20 4421 -
144 4373 224 4436 sicut
246 4371 303 4436 illa
326 4371 422 4453 fossa,
448 4395 531 4457 quae
555 4375 668 4460 incipit
700 4375 740 4440 de
763 4375 878 4441 Muora
900 4387 933 4442 ct
950 4377 1051 4443 tendit
1076 4398 1176 4466 usquc
1197 4377 1237 4441 ad
1270 4377 1487 4442 Lunnaniaam
1511 4383 1542 4438 et
1563 4381 1598 4437 ut
1620 4371 1815 4450 Luonaniaa,

15 4476 20 4495 '
143 4487 173 4542 et
195 4477 295 4564 Salpe
317 4477 359 4542 de
380 4476 507 4564 alpibns
529 4479 642 4562 fluunt,
666 4482 820 4570 quicquid
845 4485 927 4548 inter
951 4481 1008 4548 bas
1024 4484 1103 4549 duas
1131 4505 1242 4549 amnes
1260 4483 1425 4562 babemus,
1442 4489 1541 4545 toturn
1558 4479 1599 4543 ad
1616 4477 1815 4564 praedictum

15 4602 20 4611 ·
145 4585 371 4650 monesterium
389 4587 561 4668 firmamus,
586 4596 619 4651 ct
640 4587 794 4654 forestum
812 4589 905 4654 Susel
923 4613 994 4655 cum
1017 4591 1133 4673 banno,
1150 4592 1234 4656 sicut
1255 4592 1287 4655 in
1313 4597 1469 4676 potestate
1493 4593 1730 4652 antecessorum
1764 4606 1816 4646 no·

14 4722 19 4737 =
143 4699 278 4756 atrorum
302 4689 371 4774 fuit,
396 4694 664 4780 vocationemque
697 4697 727 4759 in
757 4693 860 4760 dulcis
898 4696 1045 4779 vallibus,
1078 4719 1174 4785 quam
1212 4695 1347 4784 populus
1371 4717 1443 4760 cum
1466 4693 1674 4760 sacramentis
1705 4693 1738 4754 in
1762 4711 1816 4775 po·

13 4780 21 4867 l
144 4805 290 4864 testatem
310 4808 550 4866 antecessorum
574 4811 755 4868 nostrorum
773 4801 956 4885 affirmauit,
976 4803 1007 4868 id
1025 4815 1074 4870 est
1097 4803 1294 4870 ebdomadas
1317 4813 1382 4867 tres
1406 4811 1479 4867 ante
1500 4800 1737 4888 aequinoctium
1761 4821 1816 4861 au-

142 4903 313 4993 tumpnale,
349 4927 388 4970 ac
420 4913 532 4992 postea
555 4927 656 4994 usque
680 4907 721 4973 ad
752 4908 858 4974 natale
886 4913 988 4976 sancti
1019 4909 1159 4994 Martini,
1183 4910 1224 4975 ad
1261 4909 1425 4975 venandos
1458 4931 1549 4974 ursos
1572 4916 1604 4972 ct
1625 4927 1730 4993 apros.
1763 4903 1815 4969 Ad

15 5078 20 5093 ,
143 5011 353 5076 Lumnicbam
385 5013 477 5076 iuxta
507 5013 630 5100 Rspam
666 5014 819 5101 quicquid
857 5014 901 5080 ibi
943 5013 1122 5082 habuimus.
1157 5013 1208 5080 Ad
1241 5013 1458 5102 Neailinpacb,
1489 5013 1530 5079 ad
1559 5011 1730 5079 Sabniaam
1764 5033 1814 5076 ec·

144 5117 271 5184 clssiem
295 5128 328 5184 ct
350 5127 472 5184 curtem
486 5138 558 5184 oum
576 5123 695 5185 mansis
717 5119 755 5185 L.
780 5121 861 5187 Item
886 5121 927 5186 ad
944 5122 1077 5209 Rapam,
1101 5121 1141 5186 ad
1164 5121 1346 5209 Tudleipin,
1375 5121 1416 5187 ad
1443 5121 1620 5188 Labentem
1646 5117 1814 5186 ecclesiam

144 5227 241 5290 sancti
263 5223 406 5308 Andros,
422 5227 469 5291 uti
484 5236 705 5293 antecessores
722 5229 822 5294 nostri
839 5227 879 5294 ad
896 5231 959 5294 iam
976 5228 1095 5293 dictum
1112 5227 1343 5294 monasterium
1361 5231 1577 5313 firmauerunt,
1595 5249 1667 5293 cum
1689 5225 1815 5292 decima

146 5339 179 5394 ut
199 5331 245 5396 ibi
266 5332 465 5398 consuetudo
488 5341 546 5416 est,
570 5333 654 5399 etde
680 5334 824 5401 curtibus
847 5355 925 5424 quas
949 5336 1048 5400 nostri
1073 5344 1293 5400 antecessores
1316 5333 1361 5399 ibi
1386 5333 1574 5418 babuerunt,
1600 5335 1756 5400 decimam
1780 5343 1815 5400 ut

145 5436 175 5502 in
197 5439 297 5504 sacris
329 5439 494 5506 codicibus
526 5438 671 5525 habetur,
705 5463 765 5507 nec
789 5463 853 5508 non
876 5449 909 5507 et
938 5442 1177 5528 saginacionem
1200 5441 1233 5505 in
1266 5441 1353 5506 omni
1375 5439 1523 5508 Labanta
1551 5439 1645 5526 valle,
1677 5449 1813 5534 excepto
