4292 5926
1825 379 1844 444 ‘l

170 563 302 647 chaeli's,
326 563 380 630 vel
403 550 461 651 per
484 563 556 630 aliis
580 564 837 653 quibuscumque
864 565 943 630 locis
976 566 1121 630 inuenire
1157 567 1324 652 potueritis
1359 566 1399 631 de
1436 571 1534 632 nostri
1571 571 1649 634 iuris
1682 569 1779 634 rebus
1812 573 1845 636 in

156 669 272 734 eodem
297 671 515 751 comitatu,‘in
541 669 726 734 ciuitatibus
750 691 910 758 quamque
935 669 1029 734 etde
1053 670 1141 750 foris,
1167 672 1196 733 in
1222 673 1301 757 ipsis
1325 673 1394 735 istis
1419 673 1515 737 rebus
1541 677 1550 736 i
1586 674 1646 760 (hi)
1673 685 1747 738 sunt
1778 685 1842 740 tarn

159 777 246 840 cusis
272 799 345 841 cum
369 775 599 854 sedeminibus,
624 777 748 858 castris,
773 777 914 863 capellis,
940 779 1151 859 monasteriis,
1178 777 1270 860 villis,
1295 781 1388 844 terris
1421 783 1579 862 aratoriis,
1613 783 1726 864 vineis,
1758 766 1843 846 cam-⁸

156 883 218 968 pis,
235 883 345 970 pratis,
363 883 500 969 pascuis,
518 883 618 964 siluis,
635 881 774 963 salcetis,
791 883 983 964 sacionibus,
998 885 1086 958 riuis,
1106 885 1238 968 rupinis,
1251 883 1311 948 bac
1327 884 1519 971 palludibus,
1537 895 1600 950 tam
1618 889 1651 950 in
1669 886 1843 970 montibus,

155 995 321 1076 quamque
343 989 377 1054 in
402 986 557 1073 planiciis,
582 986 660 1052 locis
685 987 788 1071 cultis,
813 999 844 1052 et
869 989 1008 1067 incultis,
1030 991 1153 1068 diuisis,
1178 1000 1210 1054 et
1227 987 1384 1069 indiuisis‚
1403 993 1523 1054 sortitis
1542 1007 1575 1056 et
1592 993 1760 1072 insortitrs,
1779 1016 1844 1057 una

155 1115 232 1157 oum
256 1094 385 1175 limbus,
409 1093 610 1175 terminibus,
634 1093 695 1158 hac
718 1095 929 1176 cessionibus,
963 1104 994 1158 et
1029 1095 1140 1159 usibus
1172 1117 1328 1181 aquarum
1360 1119 1583 1184 aquarumque
1617 1097 1779 1180 ductibus,
1813 1112 1844 1162 et

154 1200 343 1264 cumomni
366 1201 435 1264 iure
458 1199 665 1281 adiacenciis,
690 1211 721 1263 et
745 1202 951 1286 pertinenciis
976 1223 1084 1263 earum
1110 1200 1228 1279 rerum,
1254 1223 1311 1286 per
1334 1200 1405 1264 loca
1429 1211 1461 1265 et
1485 1201 1656 1282 vocabula,
1690 1203 1733 1267 ab
1764 1205 1843 1290 ipsis

154 1297 240 1370 casis
264 1317 297 1370 et
320 1305 468 1370 omnibus
494 1305 590 1370 rebus
614 1306 858 1392 pertinentibus,
884 1329 947 1370 una
971 1329 1043 1370 cum
1069 1305 1216 1391 predicta
1240 1305 1362 1370 familia
1385 1308 1418 1370 in
1436 1307 1621 1392 integrum:
1646 1331 1709 1396 que
1732 1319 1840 1374 autem

155 1411 229 1474 istis
253 1435 296 1475 ex
322 1413 455 1495 integris
473 1413 597 1476 cunctis
622 1413 715 1494 casis,
740 1421 772 1476 et
794 1411 943 1476 omnibus
968 1411 1074 1492 rebus,
1100 1414 1131 1475 in
1156 1412 1268 1476 eodem
1294 1414 1445 1476 comitatu
1470 1415 1548 1477 iuris
1565 1415 1665 1478 nostri
1693 1419 1842 1500 superius

153 1516 252 1581 dictis
277 1540 436 1582 unacum
460 1519 702 1583 accessionibus
727 1527 759 1582 et
782 1519 987 1602 ingressoriis
1012 1541 1132 1594 esrum,
1159 1541 1215 1582 seu
1240 1541 1312 1583 cum
1335 1520 1559 1608 superioribus
1585 1531 1617 1584 et
1633 1520 1841 1585 inferioribus

153 1625 233 1702 suis,
259 1623 396 1710 qualiter
419 1625 567 1710 superius
590 1624 717 1707 legitur,
743 1627 775 1687 in
799 1625 959 1709 integrum
983 1621 1025 1685 ab
1051 1622 1111 1712 bac
1134 1620 1238 1686 disin
1270 1621 1384 1687 eadem
1420 1635 1532 1689 sancte
1567 1625 1756 1711 aquiliensis
1789 1649 1840 1690 ec·

153 1729 257 1793 clesie
280 1729 446 1810 donamus,
472 1740 503 1794 et
527 1731 701 1812 offerimus,
726 1740 758 1794 et
779 1753 836 1815 per
860 1741 1041 1816 presentem
1060 1727 1215 1793 cartulam
1240 1728 1421 1793 offersionis
1444 1729 1565 1794 ibidem
1587 1715 1840 1797 abendum'cou·

153 1835 326 1899 firmamus
350 1835 543 1901 faciendum.
570 1835 699 1900 Exinde
724 1835 906 1922 patriarcha
928 1833 1146 1916 Wodalricus,
1171 1836 1226 1922 qui
1251 1857 1337 1899 nunc
1361 1845 1410 1899 est
1432 1837 1484 1900 vel
1518 1838 1573 1923 qui
1605 1859 1663 1924 pro
1697 1847 1841 1924 tempore

154 1950 230 2026 post
246 1964 319 2006 eum
337 1943 369 2005 in
389 1941 501 2006 eodem
519 1941 736 2028 patriarchatu
751 1941 887 2006 ordinati
902 1941 1021 2005 fuerint
1033 1950 1065 2004 st
1077 1940 1138 2004 deo
1152 1941 1332 2022 seruierint,
1345 1941 1386 2005 ad
1400 1963 1510 2006 eorum
1524 1964 1617 2006 usum
1632 1951 1664 2008 et
1678 1955 1839 2030 sumptum

152 2055 220 2110 tam
247 2048 307 2133 ipsi
332 2070 494 2134 quamque
518 2057 722 2112 successores
747 2070 856 2111 eorum
882 2046 1064 2110 faciendum
1089 2069 1132 2110 ex
1155 2045 1305 2130 frugibus
1344 2069 1453 2110 eurum
1483 2069 1607 2111 rerum·
1626 2047 1678 2112 vel
1707 2071 1838 2113 censum

152 2153 276 2240 quibus
299 2153 418 2218 exinde
441 2177 546 2218 annue
568 2153 719 2218 dominus
743 2153 1044 2238 dederit,‘quitquit
1067 2151 1229 2216 voluerint
1246 2173 1302 2236 pro
1319 2158 1427 2216 anime
1455 2164 1564 2223 nostre
1591 2164 1837 2242 nostrorumque

151 2268 324 2344 pareutum
360 2258 517 2342 mercede,
553 2261 684 2346 insuper
707 2281 762 2346 per
786 2257 950 2324 cultellum
976 2259 1145 2331 festucam,
1161 2268 1356 2323 uuautonem
1379 2269 1411 2323 et
1434 2281 1611 2326 uuasouem
1628 2271 1722 2344 terre,
1739 2272 1835 2348 atque

150 2388 279 2430 ramum
300 2365 426 2430 arboris
449 2375 481 2431 et
500 2367 665 2436 vestitura.
691 2377 723 2430 et
747 2388 804 2430 nos
828 2365 947 2430 exinde
969 2365 1049 2428 foris
1071 2361 1275 2450 expellimus,
1301 2351 1522 2451 unarpiuimus
1538 2377 1570 2430 et
1594 2366 1732 2432 absasno
1758 2367 1833 2454 (sic)

152 2469 291 2536 fecimus
321 2482 354 2536 et
375 2472 415 2536 ad
440 2471 552 2536 eadem
578 2473 746 2536 ecclesiam
771 2473 933 2537 abesdum
958 2471 1145 2558 reliquimus
1169 2469 1363 2554 faciendum,
1388 2471 1507 2536 exinde
1530 2483 1637 2559 partes
1662 2475 1763 2560 ipsius
1788 2496 1837 2538 ec-

152 2576 264 2659 clesie,
289 2578 340 2642 vel
364 2579 415 2642 cui
441 2589 547 2664 patres
573 2581 673 2665 ipsius
697 2577 833 2642 ecclesie
856 2577 1005 2642 dederint
1025 2581 1094 2642 iure
1119 2576 1329 2662 proprietario
1345 2578 1474 2643 nomine
1491 2577 1649 2664 quidquid
1665 2577 1836 2660 voluerint,

154 2691 226 2745 sina
250 2685 335 2747 omni
362 2694 526 2748 nostrast
549 2685 681 2749 aradum
705 2706 744 2758 ac
766 2669 1024 2770 proeredumque
1047 2691 1230 2746 nostrorum
1254 2681 1518 2764 contradictione,
1550 2682 1601 2748 vel
1633 2685 1834 2769 repetitione.

152 2787 186 2852 Si
212 2791 286 2875 quis
310 2811 397 2868 vero,
421 2790 507 2876 quod
529 2791 670 2856 futurum
694 2813 765 2856 esse
789 2813 852 2858 nnn
876 2789 1048 2868 credimus,
1072 2790 1099 2854 si
1131 2810 1189 2852 nos
1223 2789 1284 2873 ipsi
1317 2787 1450 2874 iugales,
1475 2787 1561 2874 quod
1593 2789 1747 2872 absimus,
1780 2799 1835 2855 aut

153 2895 240 2960 ullus
262 2895 302 2958 de
326 2893 499 2960 heredibus
523 2895 583 2960 huc
607 2895 840 2983 proheredibus
866 2898 982 2960 nostris
1007 2917 1065 2960 seu
1090 2893 1243 2980 quislibet
1266 2892 1370 2976 homo,
1396 2895 1521 2979 oposita
1554 2917 1692 2981 persona
1724 2905 1837 2962 contra

150 3000 238 3066 hanc
261 3012 383 3068 cartam
404 3001 574 3066 ofersionis
598 3004 644 3067 ire
667 3003 861 3089 quandoque
885 3002 1128 3083 tentauerimus,
1152 3010 1208 3065 aut
1230 3022 1301 3064 earu
1334 3022 1392 3085 per
1424 2997 1562 3085 quoduis
1585 2985 1751 3085 ingenium
1787 3004 1834 3093 in·

150 3107 304 3192 frangere
329 3110 552 3194 quesierimus,
577 3119 653 3172 tuno
676 3109 914 3172 adinseruimus
937 3107 976 3172 ad
1001 3105 1090 3172 illam
1115 3117 1234 3192 partem
1260 3103 1311 3170 vel
1336 3115 1568 3191 contraquam
1594 3107 1712 3172 exinde
1746 3107 1833 3172 litem

151 3212 367 3295 intulerimus,
392 3212 511 3278 mulcta
527 3213 612 3300 quod
637 3235 679 3278 ex
696 3236 779 3298 pena
791 3214 859 3278 auri
878 3214 990 3298 optimi
1007 3213 1110 3276 unciis
1126 3213 1362 3298 quinquaginta
1377 3213 1503 3296 argenti
1521 3211 1673 3298 ponderis
1698 3224 1836 3296 centum,

150 3330 183 3382 et
207 3319 294 3405 quod
319 3319 542 3406 repetierimus
566 3321 657 3384 acoin
683 3365 821 3384 .....
847 3341 967 3398 eamus,
997 3316 1054 3380 sed
1090 3339 1222 3401 presens
1258 3340 1320 3382 ano
1347 3327 1469 3382 cartam
1505 3317 1675 3383 ofersionis
1711 3321 1830 3384 eternis

151 3423 353 3511 temporibus
376 3425 470 3490 lirma
490 3435 522 3489 et
544 3425 669 3492 stabilis
694 3436 889 3510 permaneat,
914 3435 1010 3510 atque
1035 3424 1186 3509 persistat
1207 3422 1407 3506 inconuulsa,
1431 3445 1504 3488 cum
1530 3423 1735 3509 stipulatione
1760 3425 1832 3491 sub·

151 3532 240 3612 nixa,
266 3531 361 3595 etad
387 3553 444 3596 uos
468 3534 522 3616 qui
548 3553 646 3617 supra
669 3529 792 3614 iugales
825 3542 857 3593 et
888 3531 1005 3596 nostris
1040 3527 1214 3594 heredibus
1249 3526 1310 3592 bac
1345 3527 1576 3618 proheredibus
1612 3533 1832 3616 suprascripta

148 3637 270 3700 ofersio
292 3637 335 3700 ab
359 3639 446 3702 omni
469 3637 597 3700 humine
619 3637 798 3716 defensare,
823 3659 886 3722 que
910 3638 936 3699 si
960 3634 1134 3700 defendere
1159 3656 1222 3697 non
1247 3643 1457 3719 potuerimus,
1482 3643 1540 3698 aut
1550 3636 1577 3697 si
1604 3645 1683 3720 aput
1698 3635 1834 3700 eandem

149 3743 322 3808 ecclesiam
349 3745 467 3808 exinde
490 3743 611 3829 aliquid
639 3767 694 3825 per
716 3743 854 3829 quoduis
879 3744 1043 3826 ingenium
1068 3739 1259 3804 subtrahere
1282 3740 1505 3824 quesierimus,
1532 3749 1607 3804 tuuc
1633 3745 1665 3804 in
1700 3739 1832 3826 duplum

149 3850 265 3914 cadem
289 3849 459 3914 ofersionis
483 3849 524 3914 ad
549 3850 726 3934 predictum
751 3847 923 3913 ecclesiam
937 3849 1154 3924 restituamus,
1172 3848 1255 3909 sicut
1273 3867 1329 3930 pro
1348 3855 1491 3930 tempore
1508 3846 1604 3910 luerit
1622 3846 1833 3930 melioratam,

149 3967 206 4020 aut
227 3954 389 4020 valuerint
412 3955 472 4018 sub
498 3957 702 4019 estimatione
728 3954 892 4018 hominum
916 3953 1037 4018 ibidem
1062 3963 1116 4016 aut
1140 3954 1172 4016 in
1197 3952 1373 4016 consimilis
1393 3951 1472 4016 locis
1496 3961 1528 4016 et
1544 3951 1688 4036 predicta
1704 3951 1827 4018 feurilia

149 4063 181 4126 in
208 4060 393 4124 consimiles
415 4059 529 4145 duplas
554 4083 716 4142 personas,
743 4069 775 4123 et
798 4083 858 4123 nec
889 4058 981 4124 uobis
1011 4058 1107 4122 liccat
1137 4059 1202 4124 ullo
1233 4069 1386 4143 tempore,
1420 4056 1505 4120 nollo
1539 4057 1625 4143 quod
1657 4057 1832 4140 voluimus,

150 4166 209 4230 sed
232 4167 319 4252 quod
343 4189 360 4228 a
387 4165 478 4230 nobis
502 4165 603 4229 semel
628 4165 747 4230 lactum
771 4165 823 4230 vel
847 4166 1064 4250 conscriptum
1089 4174 1146 4246 est,
1170 4165 1231 4230 sub
1251 4162 1477 4228 'iusiurandum
1502 4161 1735 4226 inuiolabiliter
1759 4185 1834 4228 con-

149 4295 282 4336 seruare
306 4274 528 4356 promittimus,
553 4283 585 4336 et
608 4271 804 4355 bergamena
828 4294 900 4335 cum
924 4269 1008 4334 hanc
1031 4271 1237 4336 trementario
1262 4269 1389 4333 destera
1408 4267 1597 4346 leuauimus,
1616 4291 1667 4332 me
1681 4271 1831 4355 paginam

148 4376 226 4442 Wal
251 4376 371 4464 (til)oni
395 4380 547 4458 notarius,
572 4378 631 4463 (et)
655 4377 754 4442 iudex
777 4375 893 4442 tradidi
917 4386 950 4441 et
968 4375 1110 4440 scribere
1133 4377 1244 4460 rogaui
1272 4377 1303 4439 in
1328 4395 1391 4459 qua
1415 4377 1511 4438 etiam
1535 4373 1588 4438 hic
1606 4375 1717 4441 subter
1755 4398 1829 4440 con·

72 4551 75 4556 ,
149 4482 284 4547 firmans
308 4483 444 4546 testibus
468 4506 532 4569 que
552 4482 668 4565 optulit
697 4481 921 4547 roborandam.
958 4482 1074 4546 Actum
1111 4483 1142 4544 in
1177 4483 1274 4566 supra
1310 4481 1462 4566 scriptam
1497 4480 1661 4544 civitatem
1697 4479 1829 4567 Aquile-

148 4591 235 4672 giam
261 4588 408 4654 feliciter.

310 4727 444 4816 Signum
470 4753 621 4794 manuum
647 4731 877 4816 suprascripti
905 4719 1027 4814 iugales
1048 4728 1103 4814 qui
1126 4726 1210 4790 hanc
1233 4735 1354 4790 cartam
1380 4725 1550 4791 ofersionis
1575 4725 1717 4792 scribere
1738 4751 1828 4813 roga·

148 4845 267 4899 verunt
291 4837 412 4920 etipse
437 4835 643 4900 Wodalricus
667 4859 739 4901 cum
764 4836 876 4900 eadem
902 4833 1008 4921 iugale
1031 4857 1088 4897 sua
1113 4832 1258 4898 consenti
1285 4843 1450 4919 utsupra.

310 4969 444 5062 Signum
469 5000 622 5041 manuum
646 4977 824 5042 Woldarici
851 4977 977 5040 comitis
1003 4985 1034 5038 et
1059 4973 1228 5038 Oouradus
1252 4985 1406 5040 avocatus
1430 4983 1463 5040 et
1495 4973 1656 5040 Henricus
1692 4973 1731 5038 de
1768 4974 1832 5040 Go-

149 5085 227 5146 rizia
252 5094 284 5146 et
307 5081 460 5146 Adeleita
483 5081 523 5146 de
547 5081 752 5167 Ortemburg,
779 5083 887 5168 Poppo
903 5079 1032 5146 Rodulfi
1055 5103 1180 5144 manus.
1206 5079 1429 5164 Gebalrardus,
1454 5079 1698 5161 Godolscalcus,
1716 5079 1832 5146 Baius·

150 5192 269 5253 riorum
296 5189 400 5273 rogati
425 5199 534 5252 testes.
612 5191 615 5198 '
1478 5207 1480 5215 ’
1515 5187 1518 5194 ’
1607 5223 1609 5228 -
1648 5187 1652 5194 ’
1702 5201 1706 5212 ’
