4310 5918
666 591 893 678 ·cxxv1.
922 595 1039 680 1040.
1068 597 1105 680 U
1134 597 1316 698 Splietu.

168 789 295 862 Niktsor
305 791 398 864 prtur
412 789 549 864 spiietslei
563 791 730 865 noanodspe
751 791 851 864 aenlja
866 791 910 851 sto
935 793 967 850 ih
983 794 1017 866 J'e
1037 795 1127 867 cupio
1150 811 1187 854 aa
1216 800 1368 856 samoston
1390 797 1596 870 kaladjerieah
1619 814 1661 857 se.
1686 754 1856 858 Benedtleta

930 917 952 958 u
974 898 1101 972 aptatu.

332 1067 367 1132 In
392 1069 521 1132 nomine
557 1080 666 1136 sancte
691 1079 723 1136 et
747 1069 913 1135 indiuidua
942 1071 1104 1135 trinitatis.
1136 1073 1230 1136 Anno
1263 1093 1391 1158 quoque
1420 1074 1581 1138 dominice
1612 1073 1853 1138 incarnacionis

166 1172 342 1238 millesimo
358 1173 430 1255 XL,
449 1196 505 1258 per
521 1173 695 1238 indictione
714 1178 818 1262 prima
836 1175 956 1261 (VIII).
982 1175 1148 1260 Regnante
1168 1175 1298 1240 domino
1317 1189 1424 1242 nostro
1443 1188 1596 1264 perpetuo
1622 1178 1683 1242 hac
1706 1179 1852 1262 piissimo
1906 1213 1909 1220 .

165 1291 304 1363 augusto
323 1277 512 1358 Michahelo,
541 1301 658 1364 magno
683 1281 885 1366 imperatore,
910 1280 1071 1344 residente
1095 1279 1246 1344 videlicet
1269 1279 1482 1368 Lampredius
1506 1282 1766 1368 archiepiscopus
1790 1305 1853 1347 una

166 1405 239 1446 cum
258 1383 287 1446 N
292 1381 414 1447 iciforio
427 1385 543 1470 priore.
558 1381 626 1447 Sub
640 1383 765 1449 illorum
781 1408 919 1471 namque
934 1385 1141 1478 temppribus,
1168 1407 1228 1470 ego
1254 1385 1429 1450 Niciforins
1443 1389 1530 1472 prior
1542 1387 1601 1450 hec
1625 1387 1723 1452 breue
1748 1410 1853 1451 recor·

162 1487 258 1551 dacio
283 1487 379 1552 iubeo
415 1487 619 1568 conscribere
649 1487 689 1553 de
725 1493 973 1576 comparacione
1005 1489 1172 1554 domorum
1197 1490 1263 1575 (ac)
1287 1494 1465 1556 territoriis.
1490 1493 1641 1575 Inprimis
1666 1495 1853 1578 comparaui

161 1595 237 1679 ipsa
258 1601 350 1679 parte
375 1593 415 1658 de
446 1603 533 1658 turre
557 1605 589 1657 et
612 1597 793 1680 paratIneas
829 1595 868 1660 de
892 1595 1031 1660 Petraea
1055 1593 1187 1659 Caelina
1210 1618 1266 1681 per
1297 1595 1409 1662 XIIII.
1442 1595 1569 1672 solidos,
1595 1619 1651 1682 per
1673 1597 1780 1678 finem,
1805 1607 1850 1661 te·
1942 1673 1948 1688 Ι

162 1698 273 1779 uendi,
300 1698 440 1762 donandi
465 1701 516 1762 cui
541 1699 638 1762 michi
662 1701 828 1786 placuerit,
862 1723 998 1786 quorum
1032 1703 1149 1765 n··ticia
1172 1703 1318 1766 testium:
1342 1701 1436 1766 Festi
1458 1703 1600 1784 GricIne,
1627 1712 1716 1785 teste,
1740 1701 1850 1767 Tiueri

164 1812 258 1884 teste,
283 1803 420 1866 dineono
444 1803 540 1867 Seme
562 1812 653 1868 teste.
678 1803 819 1890 Ideoque
844 1807 1029 1891 comparaui
1053 1829 1073 1870 a
1096 1805 1237 1869 Danielu
1262 1819 1383 1892 partem
1410 1807 1496 1872 iIIius
1520 1807 1560 1871 de
1585 1809 1655 1894 ipsa
1682 1819 1770 1872 turro
1795 1830 1852 1893 per

163 1907 244 1973 XX.
270 1907 390 1972 solidos
414 1931 472 1994 per
495 1908 602 1991 finem,
627 1919 659 1974 et
682 1934 700 1973 a
724 1921 861 1994 cognatu
894 1911 963 1975 eius
986 1909 1079 1974 Zune
1103 1910 1282 1998 presbyter,
1313 1911 1389 1976 dedi
1420 1911 1466 1976 illi
1497 1933 1572 1976 casa
1596 1909 1733 1992 asulara,
1759 1913 1850 1998 quod

163 2016 354 2099 comparaui
378 2013 417 2078 dc
436 2013 558 2079 Zalaca
581 2027 612 2079 et
636 2015 724 2080 dedit
738 2016 836 2080 mIchi
857 2019 888 2080 in
906 2017 1145 2102 comparatione
1164 2038 1221 2102 per
1244 2039 1279 2080 sc
1296 2038 1354 2102 per
1369 2015 1437 2080 XX
1454 2015 1583 2098 solidos,
1602 2015 1731 2081 Cricine
1748 2020 1848 2099 testis,

163 2119 321 2184 diaconus
345 2117 540 2184 Platumissa
564 2121 663 2202 testis,
699 2121 872 2186 Zuuerana
907 2123 1008 2202 testis,
1042 2121 1181 2186 Petrana
1216 2123 1422 2206 trangurinus
1453 2125 1553 2187 testis.
1586 2121 1741 2188 Similiter
1765 2145 1848 2187 com·

163 2229 275 2310 paraui
299 2235 447 2310 quartam
468 2235 592 2310 partem
617 2225 657 2290 de
681 2228 752 2312 ipsa
775 2237 874 2309 turre,
900 2227 940 2292 de
956 2225 1023 2292 filia
1038 2225 1160 2290 Toduri
1185 2225 1323 2290 Andocu
1347 2249 1490 2290 uxor-
1515 2265 1564 2275 —
1589 2225 1770 2292 Veranizaa
1792 2250 1850 2314 per

161 2327 274 2392 XXX.
298 2329 418 2394 solidos
442 2353 500 2416 per
534 2331 641 2411 finem,
666 2334 698 2394 in
723 2335 891 2418 presencia
912 2331 1025 2397 horum
1058 2335 1206 2397 testium:
1228 2333 1398 2418 episcopus
1424 2331 1644 2418 Lampredius,
1675 2331 1847 2399 DominIco

162 2433 324 2499 indicator
346 2437 447 2518 testis,
472 2435 719 2500 archidiaconus
743 2437 859 2522 Fusco,
876 2439 976 2521 testis,
995 2435 1172 2524 Crebesoy,
1190 2439 1290 2518 testis,
1316 2437 1503 2522 Kastanagu
1529 2440 1628 2518 testis,
1654 2435 1849 2503 Pletumissa

162 2543 265 2620 testis,
292 2541 412 2606 Duimo
437 2539 591 2627 Caputac,
616 2544 717 2624 testis,
740 2543 907 2608 Suuerana
924 2545 1014 2608 testis
1039 2545 1117 2608 etin
1141 2544 1308 2629 presencia
1325 2541 1453 2606 Ursana
1475 2543 1514 2606 de
1537 2541 1676 2607 Petrana
1696 2543 1847 2608 hIasitqu

162 2659 193 2710 et
218 2647 412 2710 Dominicus
436 2647 602 2712 Pundrulo
626 2657 659 2713 et
682 2647 806 2714 Graulu
830 2648 945 2714 fratres
981 2647 1067 2712 illius
1091 2648 1227 2728 mulieri,
1252 2670 1363 2712 omnes
1388 2647 1418 2710 hi
1443 2656 1552 2728 testes,
1577 2657 1608 2710 et
1640 2670 1751 2712 omnes
1775 2647 1847 2712 illos

161 2753 392 2838 inquisiuimus
426 2763 458 2816 et
487 2734 544 2838 per
577 2751 705 2816 illorum
737 2756 878 2820 iussione
910 2755 1178 2841 comparauimus.
1220 2753 1363 2839 Ideoque
1396 2755 1580 2838 comparaui
1614 2763 1737 2839 partem
1760 2752 1846 2818 iilius

162 2856 250 2920 Bitta
274 2857 350 2944 (aie)
375 2868 407 2922 et
430 2857 472 2922 de
494 2859 563 2943 ipsa
587 2869 675 2922 turre
700 2868 732 2923 et
755 2857 795 2923 de
817 2861 982 2945 paratinea
1007 2882 1064 2945 per
1087 2857 1176 2922 VIII.
1204 2857 1323 2921 solidos
1347 2880 1405 2944 per
1427 2857 1533 2921 finem.
1559 2855 1657 2944 Zorgi
1682 2857 1848 2923 Pallidusa

160 2965 263 3044 testis,
289 2962 486 3027 Platumissa
510 2965 609 3028 testis.
635 2963 773 3050 Insuper
796 2966 980 3050 comparaui
999 2975 1121 3049 partem
1146 2963 1186 3028 de
1210 2963 1399 3049 presbytero
1424 2959 1563 3026 Ourania
1588 2985 1645 3048 per
1668 2963 1773 3028 LIIII.
1797 2986 1846 3028 so·

161 3067 256 3150 lidos,
281 3067 494 3133 Platuchlebu
518 3070 619 3151 testis,
643 3067 782 3132 Petraea
798 3071 983 3154 tragurinus
1020 3072 1119 3151 testis,
1149 3069 1340 3152 Kassanagu
1365 3069 1465 3146 testis,
1490 3077 1637 3132 attamen
1661 3072 1844 3155 comparaui

112 3199 114 3202 ·
160 3184 288 3259 partam
314 3173 354 3237 de
379 3175 449 3260 ipsa
471 3181 559 3238 turro
583 3173 623 3238 de
647 3173 715 3237 fitia
738 3173 830 3238 Bona
852 3174 977 3261 Lapata
1001 3175 1149 3240 deintus
1174 3183 1206 3238 et
1229 3174 1315 3237 foras
1344 3195 1402 3260 per
1420 3171 1498 3236 XII.
1523 3173 1643 3237 solidos
1668 3196 1725 3260 per
1748 3175 1845 3240 finem

159 3277 357 3363 Kassanagu
381 3280 483 3362 testis,
506 3277 680 3344 Zuuersna
703 3281 804 3362 testis,
841 3278 953 3344 Serme
976 3280 1078 3344 testis.
1102 3279 1239 3365 Insuper
1271 3279 1333 3342 emi
1367 3286 1490 3363 partem
1515 3277 1554 3341 de
1586 3287 1674 3342 turro
1698 3277 1739 3344 dc
1763 3301 1846 3345 uxor
1954 3284 1956 3288 ’

109 3403 112 3408 ·
160 3385 346 3471 presbyteri
364 3383 431 3448 filio
456 3383 554 3450 Sassu
579 3384 619 3448 de
643 3386 728 3448 intus
760 3393 792 3448 et
822 3383 908 3449 foras
932 3407 989 3471 per
1012 3384 1045 3448 X
1068 3394 1100 3448 st
1123 3381 1204 3448 VIII
1227 3381 1346 3447 solidos
1374 3405 1431 3469 per
1455 3381 1562 3464 finem,
1588 3393 1620 3446 et
1643 3382 1704 3448 hec
1727 3385 1846 3450 noticia

158 3491 311 3554 testium:
336 3487 434 3552 Fusci
458 3487 610 3552 GrIzaine
633 3491 735 3568 testis,
760 3487 882 3552 Duimu
906 3487 1028 3553 Crassu
1052 3491 1153 3569 testis,
1177 3487 1339 3552 Ziuerana
1362 3489 1462 3551 testis.
1486 3485 1627 3572 Ideoque
1658 3493 1843 3575 comparaui

158 3605 286 3682 partem
309 3594 351 3659 de
374 3583 445 3682 ipsa
469 3605 557 3660 turre
582 3596 622 3659 de
646 3593 762 3659 mulier
790 3593 1003 3680 Ciidalagana
1027 3593 1067 3659 de
1091 3597 1175 3658 Intus
1201 3604 1232 3657 et
1255 3589 1342 3657 foras
1367 3615 1426 3678 per
1448 3595 1543 3658 finem
1569 3591 1661 3656 finita
1684 3616 1741 3679 per
1764 3593 1843 3660 XII.

158 3700 292 3784 solidos,
314 3702 347 3764 in
373 3702 541 3787 presencia
563 3699 662 3764 Fusci
686 3698 818 3764 Gricine
840 3703 941 3781 testis,
965 3699 1158 3783 Kassanagu
1184 3700 1284 3778 testis,
1315 3696 1508 3762 Platumissa
1539 3701 1640 3781 testis,
1670 3697 1843 3766 Zuuerana

156 3809 248 3872 testis
275 3844 315 3854 -
342 3845 380 3854 -
408 3843 448 3854 -
470 3844 514 3854 -
537 3805 670 3871 Dabrus
699 3807 836 3892 scriptor
862 3845 899 3854 -
926 3843 961 3854 -
989 3843 1028 3856 -
1053 3805 1136 3870 dom.
1160 3841 1200 3852 —-
1229 3841 1260 3850 -
1290 3803 1444 3867 diaconus
1481 3801 1593 3868 Dabro
1618 3813 1650 3868 st
1673 3803 1844 3892 presbyter

157 3913 294 3996 Fuscus,
320 3914 404 3977 sicut
427 3913 459 3976 in
484 3911 603 3998 scheda
628 3921 738 3976 vetera
763 3913 883 3998 scripta
909 3911 1111 3998 repperimus
1135 3913 1180 3974 ita
1203 3908 1346 3974 scribere
1370 3911 1566 3974 curauimus.
1625 3999 1627 4002 Ι

313 4045 359 4101 Na
376 4043 547 4116 pergameni.
571 4041 665 4098 Pismo
688 4041 753 4096 XII.
776 4039 911 4097 vieka.U
934 4039 1033 4096 errIru
1056 4037 1205 4094 zadarskih
1227 4037 1431 4109 katudiericab.
1531 4088 1536 4098 ,

724 4331 936 4416 cxxvlr.
966 4333 1055 4416 0ko
1081 4355 1118 4434 g.
1147 4331 1264 4418 1042.
1295 4393 1298 4401 ·

155 4489 280 4610 saepen
303 4536 364 4594 bna
386 4533 528 4604 tractati,
552 4550 587 4593 sc
609 4534 718 4608 svojom
744 4516 905 4608 supraponit
928 4532 1081 4604 Murtjom,
1101 4531 1264 4604 podtehtu'e
1280 4531 1511 4605 consauciata·
1528 4533 1610 4592 crkoa'
1624 4551 1667 4596 so.
1683 4517 1842 4599 Krtevario

794 4658 815 4698 u
839 4639 943 4697 Zodru
965 4653 1067 4711 maone
1090 4637 1206 4696 dareve.

314 4811 354 4878 In
378 4815 509 4878 nomine
533 4812 654 4877 domini
691 4811 791 4876 nostri
813 4809 916 4875 Jhesu
949 4806 1079 4872 Christi.
1104 4806 1176 4894 Ego
1210 4807 1393 4895 Stephanus
1427 4809 1531 4876 banus
1564 4811 1722 4878 fabricaui
1746 4815 1840 4880 istam

156 4919 321 4985 ecclesIam
347 4919 387 4983 ad
413 4918 566 4982 honorem
586 4918 686 4980 sancti
710 4915 835 4980 Nicolai
853 4912 1196 4995 confessoris'ChrisII,
1214 4924 1246 4978 et
1270 4917 1370 4979 sancti
1397 4915 1482 4980 Petri
1508 4918 1657 5002 apostoli,
1679 4929 1711 4984 et
1735 4920 1839 4984 sancti

48 5073 64 5092 .
155 5024 306 5110 Stephani
333 5025 588 5110 protomartyris,
614 5031 646 5086 et
670 5021 754 5086 beati
781 5020 910 5084 DImitri
936 5021 1096 5106 martyris,
1123 5029 1155 5083 et
1178 5019 1287 5103 magni
1310 5017 1485 5104 Grisogoni
1504 5025 1663 5108 martyris,
1690 5045 1750 5087 nec
1775 5045 1839 5100 non

53 5146 55 5150 '
157 5140 187 5195 et
207 5131 395 5196 beatissime
418 5129 583 5214 genitricis
601 5125 712 5208 Maria,
737 5136 833 5212 atque
851 5127 993 5192 omnium
1012 5135 1194 5188 sanctorum
1219 5123 1348 5204 Christi,
1375 5147 1447 5188 cum
1472 5127 1608 5212 coniuge
1637 5150 1708 5192 mea
1734 5125 1839 5192 Maria

154 5235 307 5301 fabricaui
341 5257 412 5298 eam
437 5233 497 5298 sub
530 5231 728 5318 temporibus
761 5230 882 5296 domini
915 5228 1118 5295 Constantini
1143 5229 1336 5294 Monomaci.
1361 5227 1433 5314 Ego
1457 5229 1597 5316 denique
1622 5230 1834 5318 S(tephanus)

154 5340 260 5429 banus,
293 5337 469 5426 imperialis
502 5335 776 5424 protospatharius
808 5335 967 5422 compleui
991 5335 1051 5400 hec
1082 5336 1198 5419 omnia,
1223 5338 1361 5400 intrante
1392 5357 1476 5402 auno
1501 5335 1620 5407 domini
1646 5336 1830 5422 Miliesimo,
