4300 5930
305 367 348 436 88

304 555 391 628 mam
414 570 538 648 partem
562 559 603 625 de
625 561 695 647 ipso
719 561 882 626 territorio
905 581 1002 647 quam
1024 567 1247 626 antecessores
1258 555 1421 626 dederant
1436 570 1469 626 et
1485 552 1689 646 priuilegium
1707 569 1852 628 nostrum
1871 561 1993 642 refert,

304 668 398 734 nobie
422 669 568 752 ignotum
592 674 669 731 erat.
694 665 788 732 Nunc
811 675 919 734 autem
943 665 1055 730 diuina
1078 665 1288 753 prouidencia
1310 667 1494 732 inuenimus
1526 675 1711 732 ostensores
1742 675 1774 732 et
1805 667 1869 732 loci
1898 665 1990 732 illius

304 773 510 856 habitatores,
534 772 588 858 qui
621 793 656 836 ee
688 794 785 857 supra
821 773 1020 836 nominatum
1055 774 1251 836 territorium
1288 774 1466 837 certissime
1503 775 1588 837 scire
1624 767 1775 838 dicebant
1809 783 1841 837 et
1874 793 1895 836 a
1922 771 1991 837 suis

304 877 484 944 senioribus
519 886 681 942 ostensum
717 875 902 958 habehant,
938 875 1091 942 videlicet
1122 877 1248 942 Juancs
1283 887 1315 942 et
1345 877 1458 943 Mraci.
1506 877 1574 942 Nos
1612 887 1719 944 autem
1761 876 1822 942 hec
1858 876 1902 942 ab
1940 878 1989 942 eis

223 1013 224 1016 ¹
304 983 425 1066 audito,
449 984 557 1047 statim
580 1003 654 1046 cum
677 981 840 1046 nobilibus
864 979 1064 1066 spalatenses
1088 1003 1191 1068 usque
1222 983 1262 1047 ad
1293 985 1399 1069 iprum
1423 985 1621 1048 territorium
1657 984 1827 1064 adiuimns,
1864 993 1896 1047 et
1924 983 1988 1068 ipsi

306 1098 488 1154 ostensores
513 1086 555 1151 ad
577 1109 636 1151 nos
661 1086 861 1152 vocauimus.
887 1085 951 1168 Qui
976 1087 1153 1168 venientes,
1175 1089 1280 1173 ipsum
1303 1090 1500 1154 territorium
1524 1111 1597 1154 cum
1621 1087 1785 1153 nobilibus
1810 1089 1928 1152 nostris
1958 1097 1992 1150 et

305 1215 378 1259 cum
402 1191 474 1259 aliis
498 1191 559 1258 loci
582 1191 668 1256 illius
693 1191 890 1258 habitatores
914 1200 1015 1256 totum
1041 1213 1114 1255 eum
1150 1193 1333 1277 circuendo,
1367 1217 1439 1259 cum
1476 1197 1543 1260 suis
1578 1195 1680 1278 signis
1717 1211 1824 1258 coram
1858 1192 1990 1258 illorum

306 1299 474 1385 presencia
496 1296 715 1362 ostenderunt.
739 1297 891 1382 Inprimis
915 1318 1056 1382 namque
1079 1297 1252 1384 incipiente
1276 1321 1295 1362 a
1319 1321 1408 1380 saxo,
1433 1305 1466 1363 in
1495 1299 1566 1364 loco
1590 1301 1646 1386 qui
1677 1299 1812 1363 Turrize
1844 1309 1990 1378 vocatur,

305 1407 339 1469 in
363 1414 499 1491 quaest
522 1404 682 1490 sculptum
707 1406 836 1489 signum
860 1405 962 1468 sancti
988 1403 1168 1483 Benedicti,
1192 1411 1224 1466 et
1247 1402 1350 1468 tendit
1373 1426 1476 1491 usque
1508 1403 1549 1468 ad
1580 1403 1667 1469 dubo
1701 1403 1848 1485 Budrasi,
1878 1403 1991 1488 ibique

305 1513 374 1596 ipse
397 1510 580 1597 requiescit,
601 1519 634 1574 et
654 1531 756 1595 usque
777 1507 819 1573 ad
843 1517 940 1594 caput
963 1507 1063 1594 Spille
1088 1517 1202 1593 suptus
1225 1517 1332 1572 monte
1354 1508 1395 1573 ad
1418 1508 1580 1574 Laucelle.
1614 1508 1658 1572 Et
1680 1520 1728 1574 est
1749 1519 1836 1573 terra
1860 1509 1902 1572 ad
1929 1508 1988 1572 So-

305 1615 393 1682 linne
414 1625 527 1701 suptus
550 1613 670 1680 Malcin
695 1614 781 1698 lugo,
803 1614 896 1678 iuxta
920 1625 1022 1678 terras
1045 1612 1211 1678 Scindonii
1237 1625 1390 1699 exparte
1414 1614 1532 1699 pelagi.
1556 1613 1617 1678 Est
1639 1625 1745 1678 autem
1771 1623 1856 1678 terra
1874 1623 1990 1700 suptus

307 1723 389 1800 vico,
413 1722 469 1806 qui
491 1718 612 1804 Ostrog
633 1722 823 1810 nominatur,
849 1718 963 1782 subtus
987 1717 1121 1783 Planou.
1146 1719 1326 1806 Incipiente
1350 1743 1428 1784 vero
1451 1744 1471 1783 a
1496 1720 1611 1784 Placca
1634 1720 1742 1784 etalii
1777 1719 1903 1808 lapides
1934 1721 1990 1806 qui

307 1826 353 1892 ibi
376 1829 483 1891 iacent
506 1827 538 1890 in
563 1827 625 1906 via,
650 1836 683 1891 et
704 1825 807 1890 tendit
830 1847 934 1911 usque
957 1825 997 1889 ad
1023 1835 1155 1910 puteum
1180 1827 1234 1910 qui
1260 1823 1371 1890 Malun
1393 1827 1563 1908 vocitatur,
1598 1835 1631 1890 et
1665 1847 1762 1912 supra
1795 1829 1900 1912 ipsum
1934 1847 1990 1911 pu·

306 1942 394 1997 teum
417 1953 520 2017 usque
543 1931 585 1998 ad
609 1929 754 1997 Calcare.
778 1931 823 1996 Et
846 1941 896 1996 est
918 1942 1004 1996 terra
1027 1941 1140 2017 suptus
1166 1930 1326 1996 Chilmizo
1352 1941 1383 1996 et
1407 1943 1520 2018 suptus
1544 1932 1682 1997 ecclesia
1699 1935 1800 1997 sancti
1819 1930 1990 1996 Michaelis

308 2036 377 2101 Pod
401 2035 527 2118 Oosica,
552 2045 584 2102 et
605 2036 708 2101 tendit
731 2057 833 2121 usque
858 2036 899 2102 ad
924 2037 1064 2102 Stenius.
1089 2036 1132 2101 Et
1156 2038 1289 2123 insuper
1312 2039 1486 2123 incipiente
1510 2061 1529 2104 a
1553 2040 1657 2123 capite
1686 2039 1739 2124 qni
1777 2035 1900 2123 Vipera
1934 2057 1989 2100 no-

275 2135 276 2138 *
308 2142 448 2216 minatur
481 2163 583 2228 usque
617 2141 658 2206 ad
693 2141 783 2226 lapis,
820 2142 853 2206 in
888 2163 952 2228 qua
986 2150 1036 2205 est
1073 2144 1174 2214 fixum
1213 2141 1314 2207 clauis
1352 2141 1501 2208 ferreum.
1542 2124 1620 2208 Post
1653 2142 1736 2208 hanc
1768 2144 1987 2208 ostensionem

309 2249 456 2313 venimus
478 2247 521 2312 ad
544 2245 713 2312 ecclesiam
730 2247 834 2311 sancti
858 2244 977 2312 Cosme
1000 2255 1033 2312 et
1056 2246 1219 2330 Damiaui,
1245 2269 1308 2334 que
1329 2249 1391 2312 sita
1414 2257 1462 2311 est
1485 2249 1518 2312 in
1542 2229 1738 2312 territorium
1755 2249 1858 2312 sancti
1883 2247 1988 2311 Bene-

309 2351 396 2430 dicti,
421 2361 452 2416 et
474 2353 580 2439 ipsum
604 2351 712 2416 locum
733 2351 898 2416 Pustiaam
923 2354 1137 2435 nominantur,
1163 2360 1196 2418 et
1219 2352 1265 2418 ibi
1287 2351 1495 2418 discurebant
1516 2353 1558 2418 ad
1590 2353 1770 2440 prandium,
1801 2352 1869 2417 fere
1903 2351 1989 2438 plus·
2065 2365 2069 2370 ·

307 2479 405 2543 quam
427 2466 537 2522 centos
565 2455 710 2522 homines
734 2465 955 2539 surrexerunt,
979 2455 1024 2520 hii
1049 2457 1129 2521 duos
1149 2457 1356 2524 hostensores
1379 2458 1506 2524 Juance
1528 2468 1560 2524 et
1576 2459 1687 2540 Mraci,
1705 2469 1737 2524 et
1760 2457 1891 2523 excelsa
1908 2480 1989 2522 voce

309 2563 459 2628 omnibus
479 2561 681 2628 auditoribus
705 2563 738 2626 in
761 2583 908 2645 revere,
930 2583 993 2648 que
1017 2562 1097 2627 deus
1121 2565 1289 2637 estatio
1313 2563 1483 2629 animabus
1507 2567 1575 2628 suis
1599 2565 1773 2640 dixerunt;
1796 2567 1873 2650 quia
1905 2547 1989 2626 hanc

310 2669 525 2735 ostensionem
549 2689 645 2754 quarn
669 2689 728 2732 nos
752 2668 848 2734 hodie
872 2667 965 2732 vobis
990 2668 1189 2734 ostendimus
1213 2668 1449 2756 proculdubio
1480 2689 1591 2748 veram
1627 2693 1698 2735 esse
1734 2669 1882 2735 credatis.
1919 2667 1991 2732 Hec

311 2784 386 2839 suut
407 2776 538 2840 nomina
560 2775 701 2856 testium,
727 2776 782 2861 qui
806 2773 852 2838 ibi
875 2773 1023 2839 fuerunt:
1048 2774 1148 2841 Paulo
1171 2773 1285 2857 Acine,
1311 2773 1456 2856 Dabrali,
1480 2775 1650 2840 Johannee
1674 2773 1807 2858 Buzule,
1842 2773 1989 2840 Gaudius
2015 2809 2021 2816 ·

311 2879 415 2963 Sirici,
439 2879 551 2943 Dabro
574 2878 682 2962 Oduli,
706 2879 875 2944 Jurminus
900 2879 1017 2956 Bassi,
1033 2881 1202 2966 Pecenego
1225 2879 1338 2960 Jacha,
1353 2880 1489 2946 Petraea
1512 2879 1666 2960 Cauanie‚
1690 2879 1853 2946 Michaelo
1870 2879 1988 2960 Suliae,

261 3047 264 3055 .
309 2985 449 3050 Petrana
472 2983 550 3069 Pici,
574 2984 680 3051 Fusco
702 2985 828 3068 Torizc,
853 2983 974 3050 Duimo
999 2983 1121 3068 Oasari,
1146 2987 1237 3052 Lube
1260 2985 1405 3070 Diruiae,
1430 2986 1551 3068 Redde,
1579 2987 1708 3052 Pisaule
1732 2987 1825 3068 filius,
1856 2985 1987 3066 Zaniao,

309 3091 452 3158 Bolance
475 3091 569 3177 filius,
594 3091 764 3178 Gregorio,
788 3092 892 3158 Tesce
915 3091 1010 3174 filius,
1035 3091 1152 3174 Micha,
1175 3091 1351 3176 Girgurelli
1376 3090 1469 3158 lilius.
1494 3093 1544 3157 De
1568 3087 1694 3158 Sclauis
1711 3094 1766 3178 qui
1783 3091 1906 3157 ibidem
1921 3091 1987 3156 fue-

309 3207 385 3263 runt
406 3199 555 3285 inprimis
577 3221 732 3285 namque:
757 3197 886 3277 Prihan,
912 3196 1010 3262 Otare
1036 3197 1130 3280 filius,
1157 3197 1276 3276 Desiei,
1299 3198 1448 3262 Lutoseri
1469 3198 1545 3276 filio,
1570 3207 1602 3263 et
1632 3219 1690 3262 sno
1722 3197 1789 3261 filio
1821 3196 1986 3276 Dobrona,

310 3303 447 3387 Goiano,
470 3300 618 3390 Dragina
640 3303 821 3390 podauppo,
852 3303 979 3388 Desino,
1012 3302 1158 3383 Bratoso,
1194 3303 1332 3388 Piruizo,
1356 3303 1514 3388 Orneona,
1553 3303 1691 3371 Useradi
1726 3301 1803 3386 filio,
1837 3302 1988 3384 Desimir,

310 3409 410 3475 Otare
433 3407 530 3474 filius.

459 3538 565 3596 Matica
587 3556 624 3594 na
647 3539 811 3612 pergameni
834 3557 852 3596 u
875 3539 1043 3596 zadarskom
1067 3544 1230 3595 samostanu
1254 3557 1295 3596 er.
1317 3535 1428 3612 Marije.

653 3759 942 3848 cxlx.1171.
970 3763 1370 3864 mJeseeutravnja.
1400 3762 1437 3844 U
1466 3761 1648 3864 spljetu.
1698 3819 1710 3848 e

501 3907 666 3997 supeream
688 3924 856 3998 apovarcp'u
874 3925 933 4016 mir
953 3940 969 3984 s
991 3925 1115 3984 Klisam'
1137 3925 1149 3983 t
1172 3925 1235 3983 tine
1257 3923 1386 3982 aaredbc
1406 3923 1488 3996 pleds
1507 3923 1635 3996 produje
1656 3923 1795 3982 roborali.
1851 4002 1864 4012 ,
1961 3907 1968 3920 ’

461 4065 513 4142 In¹
533 4075 653 4144 Christi
688 4077 819 4144 nomine
851 4075 1056 4143 dominantis.
1093 4077 1297 4144 Constantini
1325 4076 1416 4143 ducis
1447 4075 1582 4142 ducatus
1620 4099 1705 4141 anno
1736 4078 1851 4164 primo,
1877 4099 1985 4142 mense

310 4185 432 4274 aprilis.
454 4183 523 4250 Nos
545 4184 703 4272 Spalatini
727 4185 788 4250 hoc
811 4191 1038 4250 testamentum
1057 4189 1095 4249 'et
1117 4182 1370 4248 stabilimentum
1395 4184 1482 4269 pacis
1507 4185 1672 4247 internos
1697 4193 1729 4248 et
1753 4185 1906 4269 iupauum
1930 4181 1985 4247 Sa·

311 4315 474 4377 racenum,
495 4301 591 4379 atque
615 4291 764 4357 Bratozai
788 4290 888 4355 iudex
903 4292 1001 4383 castri
1017 4288 1131 4372 Olisse,
1148 4287 1290 4370 Redone,
1312 4289 1360 4380 Ar
1384 4337 1391 4354 .
1417 4336 1425 4352 .
1448 4287 1491 4368 lii,
1510 4288 1669 4373 presbiter
1686 4289 1811 4368 Petrus,
1831 4289 1988 4374 presbiter

203 4471 205 4476 ,
311 4397 483 4480 Drasinne,
507 4395 676 4462 nauclerus
700 4395 888 4478 Vilcodrug,
913 4395 1068 4479 Desinne,
1092 4393 1212 4474 Toliso,
1231 4393 1485 4477 Oamc,Jun0ta,
1503 4391 1656 4476 Desimir,
1678 4393 1987 4480 3011111111),ΤοΙὶ-

311 4506 381 4588 mir,
398 4503 546 4587 Pomona,
570 4501 703 4584 Pinnez,
728 4511 800 4588 post
824 4499 885 4566 hoc
909 4511 1036 4566 centum
1061 4501 1297 4587 quinquaginta
1316 4499 1371 4565 alii
1395 4501 1545 4564 concines
1570 4498 1709 4566 Olissani
1727 4499 1936 4578 firmauimus,
1953 4510 1990 4564 ut

311 4631 370 4675 nos
382 4607 522 4674 fideliter
544 4606 720 4672 amicemus
745 4629 852 4672 coram
877 4605 959 4671 duce
984 4607 1045 4671 isto
1069 4628 1142 4672 curn
1165 4589 1328 4693 eiusque¹
1352 4605 1545 4692 sequacibus
1566 4616 1598 4671 et
1621 4618 1730 4672 nostro
1757 4629 1852 4692 posse
1877 4627 1986 4670 eorum

313 4714 450 4778 iustitias
474 4721 683 4778 manutenere
707 4733 866 4778 curemus.
891 4709 954 4775 Sed
979 4710 1096 4800 ethoc
1119 4711 1306 4792 adiecimus,
1332 4713 1415 4776 utri
1439 4711 1613 4777 inscienter
1634 4737 1689 4777 eos
1719 4735 1778 4776 nos
1811 4712 1853 4777 ab
1883 4722 1990 4776 extra·

313 4821 382 4884 neis
406 4819 703 4904 comparauerimus
726 4827 859 4904 accepto
884 4818 995 4902 pretio,
1018 4827 1050 4882 et
1073 4840 1171 4882 unum
1197 4816 1334 4881 solidum
1367 4839 1466 4902 supra
1500 4841 1554 4884 eos
1587 4817 1794 4884 dimittemus.
1832 4816 1926 4896 Quod
1962 4819 1990 4882 si

313 4926 452 4989 scienter
471 4925 561 5012 ipsos
585 4921 715 4986 uolcnte
738 4922 1042 5007 comparauerimus,
1066 4920 1190 5008 absque
1215 4923 1317 5006 pretio
1341 4919 1424 4986 liber
1447 4921 1602 5005 discedat,
1629 4920 1708 4986 nihil
1739 4921 1855 4987 dando.
1889 4921 1930 4984 Et
1959 4923 1988 4985 si

313 5029 462 5096 Olisanus
487 5027 653 5096 Olisanum
677 5025 782 5114 palam
806 5025 996 5110 vendiderit,
1021 5023 1317 5114 quantumcumque
1340 5051 1413 5094 enm
1437 5028 1578 5094 vendere
1601 5049 1743 5115 possum,
1768 5019 1916 5092 vendam.
1939 5023 1986 5089 Et

477 5207 486 5245 ¹
510 5211 536 5270 U
559 5209 663 5282 Luciju
686 5208 750 5282 stoji
773 5209 943 5284 pogrieino:
967 5227 1019 5268 ceu
1042 5215 1074 5270 et
1096 5228 1185 5285 usque
1208 5215 1237 5266 et
