4276 5934
1733 391 1799 464 217

6 605 8 638 ³
124 589 210 655 bone
234 592 387 655 memorie
411 599 502 675 pater
526 612 624 670 meus,
649 599 681 653 et
705 597 889 674 preceptum
915 595 1025 652 sancte
1049 609 1180 654 romane
1204 585 1340 652 ecclesie
1364 607 1492 670 semper
1515 583 1687 661 custodire,
1712 591 1745 646 et
1769 584 1801 645 in

6 719 8 750 2
115 697 268 780 proximo
293 694 416 779 legatos
440 704 567 758 nostros
593 693 748 760 vellemus
774 696 990 758 transmittere
1014 694 1055 758 ad
1080 694 1283 758 sanctitatem
1309 700 1460 756 vestram.
1486 689 1553 754 Nos
1577 697 1684 754 autem
1702 688 1799 752 locuti

115 822 230 864 snmus
254 799 349 864 dictis
373 799 616 864 venerabilibus
640 803 705 864 tuis
730 799 857 888 legatis,
881 801 1033 888 quoniam
1058 801 1120 886 ipsi
1143 821 1217 866 eum
1249 819 1304 864 cre
1333 817 1445 866 eorum
1473 795 1651 864 narrabunt
1683 795 1799 858 sancti-

6 929 7 934 *
116 906 176 968 tati
198 913 306 972 vestre
330 905 458 992 eloquia
482 928 563 970 mea.

270 1087 404 1171 Theiuer.
429 1089 505 1144 Mon.
530 1089 599 1145 slav.
626 1106 693 1142 rner.
717 1089 752 1146 T.
777 1089 799 1146 l.
825 1093 874 1146 etr.
901 1091 928 1148 6.

753 1329 1033 1412 CCLXXXV.
1062 1331 1174 1411 1199.

114 1509 278 1568 Irrccencio
303 1503 369 1569 III.
390 1526 482 1582 popa,
505 1509 670 1581 preparata
700 1508 828 1566 varano
851 1509 954 1581 trotju
987 1509 1155 1582 Dctmucr'jr
1185 1510 1197 1566 i
1226 1509 1334 1586 Dutte,
1367 1511 1446 1584 scope
1465 1509 1620 1582 rostratae
1653 1512 1666 1569 t
1691 1507 1800 1582 possae

679 1613 759 1686 ptati
781 1609 976 1688 ncdbtetupn
999 1615 1239 1690 dnktjrmstomu.

272 1787 480 1850 Innocentius
506 1787 676 1873 episcopus
701 1808 815 1850 seruus
840 1808 1007 1850 seruorum
1044 1785 1110 1852 dei,
1141 1784 1290 1851 Vulcano
1322 1786 1439 1852 illustri
1474 1788 1544 1870 regi
1568 1785 1729 1850 Dalmatia
1766 1795 1798 1850 st

6 1913 8 1982 ζ
118 1892 255 1956 Dioclie
278 1892 412 1957 salutern
439 1903 470 1956 et
494 1893 705 1977 apostolicam
730 1891 1002 1957 benedictionem.
1028 1891 1073 1956 Ut
1097 1892 1191 1964 vobis
1215 1893 1407 1978 euangelica
1431 1893 1577 1956 doctrina
1594 1892 1714 1956 clarius
1732 1890 1799 1956 elu-

6 1991 8 2042 l
118 2008 242 2079 eescat,
266 2001 351 2061 iusta
375 2021 394 2062 a
417 2007 471 2062 tua
495 1998 662 2061 nobilitate
687 1997 772 2061 facta
786 1996 1031 2082 supplicatione,
1049 1997 1089 2061 de
1106 1997 1240 2062 fratrum
1259 2009 1440 2063 nostrorum
1456 1997 1591 2064 consilio
1609 2008 1641 2062 et
1656 2019 1802 2076 assensu,

6 2123 8 2134 ’
114 2103 156 2165 ad
185 2112 246 2166 tua
269 2125 370 2188 regna
392 2103 529 2167 dilectos
552 2104 647 2186 tilios,
667 2103 827 2167 loannem
853 2103 1056 2188 capellanum
1082 2114 1113 2167 et
1137 2103 1300 2168 Simonem
1326 2080 1560 2168 subdiaconum
1585 2113 1713 2167 nostros
1748 2101 1803 2165 de-

115 2206 234 2292 legare
259 2212 439 2286 statuimus,
465 2211 496 2272 in
522 2229 658 2293 quorum
683 2209 820 2271 scientia
846 2215 878 2271 et
898 2210 1017 2272 virtute
1042 2231 1061 2272 a
1085 2207 1180 2272 nobis
1205 2219 1235 2273 et
1266 2209 1420 2274 fratribus
1452 2211 1570 2274 nostris
1603 2207 1696 2295 plene
1728 2229 1802 2292 cog-

6 2309 7 2330 ³
117 2315 197 2378 uitis
225 2313 397 2400 plurimum
423 2315 627 2380 confidimns.
651 2313 713 2377 His
736 2315 836 2398 igitur
859 2317 978 2378 nostris
1005 2315 1192 2401 apostolicis
1226 2314 1340 2379 litteris
1372 2317 1611 2394 committimus,
1645 2324 1803 2398 quatenus

6 2463 7 2468 κ
116 2441 173 2484 eos
199 2419 342 2504 benigne
366 2421 516 2504 accipias,
539 2431 570 2483 et
593 2419 757 2484 humiliter
780 2429 909 2498 tractes,
934 2429 966 2484 et
989 2421 1148 2508 quidquid
1172 2422 1213 2486 ab
1237 2423 1294 2505 eis,
1319 2423 1411 2485 iuxta
1434 2419 1486 2484 dei
1512 2429 1544 2483 et
1568 2419 1647 2482 iuris
1664 2419 1803 2504 disposi-

115 2525 242 2589 tionem
266 2525 363 2590 fuerit
388 2535 553 2603 statutum,
579 2528 667 2589 omni
691 2547 764 2590 curn
790 2525 1006 2591 submissione
1038 2526 1191 2590 admittas
1222 2536 1254 2589 et
1288 2525 1413 2611 absque
1450 2524 1515 2588 ulla
1547 2524 1802 2588 contradictione

120 2630 299 2713 obserues;
324 2641 358 2694 ut
383 2631 512 2716 quando
537 2632 596 2694 dec
621 2641 783 2694 annuente
806 2631 847 2696 ad
874 2641 1014 2695 nostram
1040 2633 1173 2696 redeant
1205 2634 1409 2718 presentiam,
1447 2653 1582 2714 magnos
1618 2640 1672 2693 tue
1706 2629 1802 2692 deuo·

117 2738 221 2800 tionis
242 2748 275 2800 et
297 2737 472 2800 christiane
497 2739 627 2822 pietatis
651 2738 785 2800 affectus
810 2737 990 2819 referendo,
1007 2738 1145 2802 ecclesia
1161 2761 1294 2802 romana
1310 2761 1382 2802 cunr
1402 2738 1493 2801 omni
1506 2735 1654 2800 efficacia
1669 2745 1701 2798 et
1716 2757 1803 2814 cura,

116 2851 174 2906 tua
200 2853 377 2924 augmenta
400 2854 560 2927 procuret.
586 2844 781 2908 Habuerunt
805 2845 890 2906 enim
916 2867 934 2906 a
958 2843 1051 2908 nobis
1075 2845 1108 2907 iu
1142 2843 1310 2926 mandatis,
1343 2854 1379 2907 ut
1412 2844 1445 2906 in
1479 2851 1510 2906 te
1546 2852 1577 2904 et
1612 2863 1712 2924 regno
1749 2851 1804 2904 tuo

116 2947 342 3034 apostolorum
368 2951 547 3012 doctrinam
573 2949 757 3028 excitando,
781 2949 937 3034 quidquid
964 2949 1191 3014 reformatione
1225 2948 1356 3033 dignum
1394 2948 1586 3018 inuenerint,
1619 2945 1804 3026 reforment,

6 3089 8 3100 ι
117 3061 221 3138 teque
244 3075 317 3116 eum
341 3053 419 3118 sede
442 3053 630 3139 apostolica,
657 3057 702 3118 uti
729 3055 909 3118 membrum
937 3077 1008 3117 cum
1035 3077 1092 3118 suo
1118 3057 1233 3140 capite,
1259 3053 1455 3118 conformem
1480 3052 1627 3133 reddant,
1652 3051 1684 3114 in
1717 3050 1804 3116 illius

6 3197 7 3208 ,
116 3159 296 3223 deuotione
320 3168 351 3223 et
375 3159 560 3248 obedientia
584 3161 816 3225 confirmando.
843 3159 905 3224 Per
925 3161 1056 3224 eosdem
1082 3172 1208 3224 nostros
1230 3157 1556 3242 legatos'venerabili
1580 3155 1671 3220 fratri
1695 3167 1805 3221 nostro

6 3275 7 3280 ’
116 3265 366 3348 archiepiscopo
391 3265 520 3329 Dioclie
540 3265 684 3351 pallium,
705 3269 735 3329 in
761 3289 824 3351 quo
850 3266 1015 3350 plenitudo
1040 3266 1204 3351 pontificie
1229 3265 1394 3348 dignitatis
1427 3262 1600 3342 confertur,
1637 3265 1803 3344 mittimus,

6 3411 7 3430 2
117 3393 184 3456 quo
209 3369 381 3450 mediante,
408 3373 439 3434 in
463 3383 586 3457 partem
612 3381 721 3436 nostre
745 3370 959 3436 solicitudinis
984 3379 1016 3436 et
1041 3393 1117 3437 cure
1143 3377 1287 3446 vocatus,
1312 3371 1362 3432 sui
1386 3370 1529 3433 muneris
1546 3367 1691 3432 debitum
1708 3390 1804 3454 quam

118 3473 265 3538 facilime
291 3474 469 3562 adimplere
494 3478 604 3562 possit.
630 3477 750 3541 Datum
777 3477 806 3560 (f
831 3500 871 3563 po
894 3479 963 3562 svoj
987 3477 1090 3563 prilici
1114 3479 1254 3563 mjeseca
1276 3477 1399 3560 sietnja
1419 3495 1450 3558 g.
1477 3475 1585 3560 1199.)

252 3610 261 3625 ⁰
285 3657 378 3728 uejer.
403 3657 472 3712 cod.
496 3658 566 3728 dipl.
591 3658 624 3713 R.
647 3659 685 3717 H.
710 3659 744 3714 Τ.
768 3660 833 3716 Vll.
856 3659 912 3718 vol.
938 3660 972 3714 V.
996 3678 1024 3730 p.
1053 3659 1125 3716 147.

744 3931 1045 4015 cccxxxvi
1073 3889 1184 4016 rien.

126 4109 238 4166 Vulnere
261 4111 341 4182 Ιεναί]Ι
365 4111 561 4170 dalmaticati
582 4112 593 4168 t
618 4111 802 4184 dnttjanstt,
827 4113 997 4186 actualjnje
1019 4129 1049 4171 se
1076 4115 1155 4186 papi
1179 4113 1350 4186 lnoceneijrr
1381 4111 1451 4170 ΙΙΙ.
1475 4126 1512 4170 aa
1542 4111 1668 4184 posterae
1696 4128 1747 4168 mn
1777 4109 1806 4168 ia

827 4217 917 4275 Ittmo
932 4219 1100 4290 rostanno.
1753 4219 1756 4224 “

286 4381 485 4452 Beatissimo
507 4397 538 4452 et
562 4389 770 4451 serenissimo
794 4390 877 4474 patri
903 4399 934 4452 et
958 4391 1088 4453 domino
1111 4387 1313 4472 Innocenti0,
1338 4387 1459 4452 domini
1485 4389 1584 4452 nostri
1616 4389 1722 4472 gratia
1756 4410 1806 4452 ro-

120 4517 220 4558 mane
245 4492 383 4557 ecclesie
408 4494 549 4580 pontifici
577 4503 608 4558 et
633 4517 714 4580 pape
735 4494 929 4560 uniuersalis
953 4495 1053 4559 orbis.
1150 4481 1156 4492 ’

285 4598 367 4664 Cum
391 4601 432 4664 ad
457 4612 598 4664 nostram
624 4603 819 4685 presentiam
845 4599 994 4664 dominus
1018 4599 1162 4666 Joanues
1196 4600 1405 4688 cappellanus
1437 4611 1469 4665 et
1504 4600 1654 4665 dominus
1686 4599 1807 4679 Simon,

122 4707 188 4770 viri
213 4704 358 4790 religiosi
381 4715 412 4772 et
436 4707 576 4786 discreti,
603 4707 687 4769 sedis
712 4705 893 4791 apostolice
914 4706 1010 4791 legati
1037 4709 1253 4791 peruenerint,
1280 4729 1341 4770 non
1367 4708 1519 4791 exiguam
1555 4704 1808 4770 consolationem

121 4821 154 4874 et
180 4809 317 4874 letitiam
342 4814 535 4896 accepimus.
564 4810 647 4889 Quia
672 4793 944 4896 duernadmodum
971 4812 1018 4875 sol
1043 4834 1100 4875 suo
1125 4813 1244 4876 lumine
1271 4823 1303 4876 et
1328 4815 1445 4877 virtute
1473 4815 1661 4876 uniuersum
1697 4814 1806 4876 orbern

6 4945 8 4962 =
120 4915 295 4996 illuminat,
319 4917 364 4979 ita
389 4939 483 4980 omne
508 4915 568 4981 boc
590 4939 724 5000 regnum
751 4917 878 4981 illorum
904 4926 1017 4982 sancta
1041 4929 1073 4982 et
1097 4917 1217 4982 salubri
1243 4917 1462 5002 predicatione
1487 4917 1578 4984 verbi
1595 4919 1647 4982 dei
1664 4927 1809 4982 remanet

6 5045 7 5104 j
119 5020 330 5099 illustratum,
356 5032 390 5084 ut
417 5023 531 5085 merito
557 5021 664 5086 dicere
690 5045 880 5106 possumus:
905 5025 1048 5086 uisitauit
1070 5021 1155 5086 hunc
1176 5022 1328 5108 populum
1348 5025 1454 5088 oriens
1474 5023 1606 5090 exalte.
1633 5025 1806 5088 Decorum

6 5137 7 5214 j
120 5127 223 5210 igitur
247 5127 421 5190 virtutibus
443 5137 475 5190 et
502 5129 638 5190 scientia
663 5127 835 5204 informati,
871 5128 987 5190 decet
1024 5130 1184 5192 sanctitati
1220 5140 1328 5192 vestre
1362 5130 1484 5212 gratias
1519 5151 1615 5214 quam
1652 5127 1806 5213 plurimas

6 5215 8 5242 ³
118 5233 263 5316 agimus,
287 5231 342 5316 qui
367 5230 446 5296 tales
470 5233 558 5296 viros
582 5232 625 5295 ad
649 5255 708 5296 nos
733 5233 950 5296 transmittere
974 5231 1097 5316 dignati
1129 5243 1214 5299 sunt.
1251 5233 1351 5298 Prout
1388 5233 1491 5313 decet,
1523 5255 1578 5298 ecs
1613 5233 1805 5319 recepimus>
