4292 5926
1856 409 1900 472 59

221 599 345 664 scilicet
368 623 502 684 regnum
527 601 725 683 Zachulmie,
749 625 884 686 regnum
910 601 1056 684 Seruilio,
1082 611 1114 668 ct
1135 625 1269 688 regnum
1283 601 1449 683 Tribunis,
1466 603 1629 667 ciuitatem
1648 623 1776 689 quoque
1792 600 1899 665 cutha-

224 708 383 770 riuensem
411 729 465 770 seu
490 705 585 789 Rosa,
610 707 883 772 budoaniceusern
919 709 1113 789 Auarorum‚
1141 712 1150 748 ¹
1183 709 1426 788 liciniatenscm,
1463 707 1713 790 scodrinensem,
1749 705 1899 770 driuusti·

224 834 356 876 nensem
381 821 412 874 et
436 812 669 898 polatinensem
694 836 765 877 curu
791 813 940 895 abbatiis,
965 813 1110 879 ecclesiis
1135 826 1167 878 et
1194 813 1355 900 parochiis
1392 813 1470 877 suis.
1503 811 1654 877 Preterea
1689 833 1901 898 quascunque

222 918 453 1004 possessiones,
477 940 676 1005 quecumque
697 918 782 983 bonu
805 923 837 983 in
855 919 1009 994 ecclesiis,
1027 921 1170 1000 decimis,
1188 919 1284 1002 villis,
1302 918 1434 1000 colonis,
1452 917 1582 1004 prediis,
1596 919 1692 1002 agris,
1707 917 1896 981 nemoribus

223 1022 395 1104 montibus,
420 1022 567 1106 collibus,
587 1027 689 1110 aquis,
714 1026 823 1110 pratis,
848 1035 904 1090 aut
927 1025 1126 1112 quibuslibet
1149 1025 1228 1090 aliis
1260 1025 1357 1090 rebus
1393 1024 1563 1088 diocesane
1597 1031 1653 1086 aut
1687 1021 1899 1108 proprietario

224 1128 442 1214 dispositionis
466 1129 557 1193 titulo
579 1131 690 1194 eadem
716 1129 853 1196 ecclesia
877 1133 1159 1218 inpresentiarum
1185 1133 1267 1196 iuste
1291 1141 1322 1195 et
1346 1131 1500 1195 canonice
1521 1127 1673 1215 possidet,
1698 1137 1753 1192 aut
1769 1129 1802 1191 in
1818 1126 1901 1192 futu-

218 1257 289 1298 rum
314 1236 520 1300 concessione
543 1236 741 1322 pontificum,
766 1235 936 1322 largitione
959 1261 1071 1324 regum
1097 1248 1128 1302 et
1151 1239 1342 1324 principum,
1367 1234 1529 1300 oblatione
1552 1233 1706 1315 fidelium,
1739 1255 1795 1296 ssu
1827 1231 1902 1296 aliis

219 1341 312 1405 iustis
336 1339 441 1404 modis
466 1352 629 1426 prestante
653 1341 782 1408 domiuo
807 1345 925 1430 poterit
947 1344 1093 1430 adipisci,
1117 1344 1211 1408 firma
1232 1343 1289 1407 tibi
1314 1344 1443 1428 tuisque
1466 1339 1707 1405 successoribus
1724 1347 1756 1402 et
1776 1337 1902 1403 illibate.

219 1457 437 1532 permaneant.
464 1446 558 1512 Pallii
582 1471 710 1535 quoque
734 1472 837 1529 usum,
863 1449 1056 1536 pontificalis
1074 1449 1227 1513 videlicet
1248 1449 1345 1514 oflicii
1369 1446 1612 1534 plenitudinem,
1646 1443 1834 1510 humilitatis
1871 1451 1903 1507 et

218 1552 339 1616 iustitie
364 1553 502 1636 signum,
527 1553 568 1618 ad
594 1556 764 1618 missurum
790 1555 969 1642 solempnia
992 1554 1195 1637 celebranda,
1221 1557 1304 1619 sicut
1323 1551 1582 1618 antecessoribus
1615 1551 1677 1614 tuis
1709 1571 1901 1614 concessum

220 1657 320 1721 fuisse
343 1657 530 1742 dinoscitur,
555 1670 586 1723 et
611 1662 641 1723 in
666 1662 841 1726 festiuitate
865 1661 950 1726 besti
975 1661 1084 1743 Blasii,
1107 1663 1164 1726 tibi
1189 1663 1317 1748 tuisque
1340 1657 1581 1725 successoribus
1606 1657 1797 1721 auctoritate
1821 1677 1896 1742 apo·

222 1762 335 1827 stolios
357 1763 594 1846 confirmamus,
614 1787 677 1852 quo
701 1766 763 1830 hiis
785 1765 899 1832 diebus
923 1777 1056 1846 tantum,
1080 1767 1232 1832 adiuncto
1256 1767 1337 1831 festo
1370 1766 1455 1830 beati
1488 1763 1599 1846 Blasii,
1623 1761 1807 1826 fraternitas
1843 1771 1899 1824 tua
1946 1851 1950 1858 .

223 1871 267 1932 uti
293 1871 482 1946 meminerit,
506 1871 624 1957 quibus
647 1873 905 1938 antecessoribus
930 1876 992 1938 tuis
1017 1873 1058 1937 ab
1074 1871 1251 1960 apostolica
1274 1871 1351 1936 sede
1374 1878 1500 1937 constat
1523 1867 1692 1933 indultum.
1717 1867 1801 1930 Sane
1828 1888 1900 1930 suc-

226 1998 370 2040 cessores
395 1987 466 2041 tuos
489 1999 508 2040 a
531 1978 625 2042 nobis
650 1981 830 2066 nostrisque
852 1979 1093 2046 successoribus
1113 1979 1364 2045 consecrationis
1387 1978 1493 2062 gratia
1513 1977 1546 2039 in
1570 1981 1761 2061 perpetuum
1785 1970 1894 2036 decer·

223 2083 328 2146 nimus
352 2092 547 2170 recepturos.
573 2083 659 2150 Nulli
685 2107 760 2170 crgo
784 2088 912 2150 omnino
928 2085 1092 2151 hominum
1112 2086 1205 2150 liceat
1224 2085 1358 2150 eundem
1376 2081 1544 2148 ecclesiam
1563 2089 1682 2144 temere
1700 2077 1902 2165 perturbare,

219 2198 274 2252 aut
296 2189 365 2253 eius
389 2192 610 2276 possessiones
635 2191 771 2274 auferre,
797 2191 847 2256 vel
871 2186 1168 2274 ablatas-retinere,
1202 2194 1355 2274 minuere,
1390 2213 1446 2254 seu
1478 2187 1640 2274 aliquibus
1671 2181 1900 2250 vexationibus

219 2292 365 2378 fatigare,
391 2295 446 2360 sed
472 2299 579 2360 omnia
603 2297 727 2362 illibata
751 2307 783 2362 ct
806 2299 932 2384 integra
956 2307 1198 2378 conseruentur,
1224 2319 1346 2379 eorum,
1371 2317 1428 2382 pro
1453 2315 1589 2380 quorum
1615 2291 1849 2376 gubernatione
1865 2297 1900 2352 et

219 2401 451 2464 sustentatione
476 2423 629 2466 concessu
653 2413 737 2486 sunt,
762 2401 873 2468 usibus
896 2403 1088 2468 omnimodis
1114 2404 1288 2489 profutura,
1303 2400 1393 2466 salua
1406 2399 1492 2465 sedis
1507 2397 1681 2485 apostolice
1698 2396 1889 2460 auctoritate

219 2504 252 2569 si
276 2527 340 2590 qua
363 2507 462 2590 igitur
485 2507 518 2570 in
542 2503 683 2572 futurum
710 2507 929 2575 ecclesiastica
949 2509 1145 2575 secularisue
1169 2497 1316 2596 persona,
1346 2485 1430 2572 hano
1456 2499 1562 2570 nostre
1584 2503 1822 2570 constitutionis
1841 2523 1896 2588 pa·

219 2609 338 2693 ginum,
363 2614 468 2676 sciens
492 2623 603 2676 contra
627 2637 696 2677 eam
722 2623 842 2679 temere
865 2619 976 2681 venire
1001 2617 1214 2701 temptauerir,
1241 2612 1382 2678 secundo
1407 2613 1542 2676 tertioue
1567 2609 1771 2690 commonita,
1790 2607 1902 2671 sinon

220 2715 437 2782 satisfactione
462 2741 605 2803 congrua
629 2719 858 2801 mandauerit,
883 2725 1049 2807 potestatis
1073 2721 1267 2806 honorisque
1292 2719 1341 2782 sui
1365 2717 1522 2802 dignitate
1546 2723 1664 2797 cureat,
1687 2733 1841 2798 reumque
1867 2734 1902 2774 so

226 2820 336 2886 diuino
362 2823 480 2888 iudicio
505 2827 645 2890 existere
670 2825 709 2889 de
733 2837 918 2913 perpetrata
941 2829 1109 2914 iniquitate
1135 2833 1308 2909 eognoscat
1340 2831 1371 2887 ct
1403 2845 1422 2886 a
1451 2821 1659 2886 sacratissimi
1692 2819 1836 2904 corporis
1864 2839 1903 2882 ao

220 2929 378 3011 sanguine
403 2927 454 2993 dci
478 2939 510 2994 ct
537 2930 657 2995 domini
694 2929 905 3018 redemptoris
938 2933 1036 2996 nostri
1068 2931 1147 2996 Jesu
1179 2929 1300 2995 Christi
1329 2927 1434 2992 aliena
1465 2927 1531 3003 fiat,
1560 2935 1659 3013 atque
1691 2925 1722 2988 in
1755 2933 1901 2988 extremo

221 3035 370 3097 examine
396 3035 504 3099 diuino
530 3035 643 3101 ultioni
672 3037 845 3102 subiaceat.
873 3035 1146 3102 Cunctiseutern
1179 3035 1283 3100 eidem
1320 3033 1389 3098 loco
1426 3055 1484 3096 sua
1518 3035 1589 3096 iura
1624 3029 1826 3095 sernentibus
1862 3029 1904 3092 sit

220 3159 286 3223 pax
310 3138 430 3203 domini
456 3144 555 3205 nostri
578 3141 656 3208 Jesu
682 3140 813 3226 Christi,
839 3145 989 3228 quatinus
1014 3152 1045 3206 et
1067 3141 1119 3206 bic
1142 3141 1281 3210 fructum
1307 3139 1389 3206 bone
1407 3139 1542 3202 actionis
1559 3137 1746 3224 percipiant,
1764 3145 1796 3198 st
1812 3131 1897 3220 apud

223 3242 402 3335 districtum
428 3246 566 3312 iudicem
590 3249 747 3333 premium
772 3257 880 3313 eume
904 3250 993 3334 pacis
1017 3249 1192 3312 inueniant.
1219 3247 1334 3310 Amen.
1360 3245 1475 3310 Amen.
1501 3241 1615 3308 Amen.

422 3351 493 3436 Ego
518 3351 682 3416 Adrianus
705 3352 861 3418 catholice
886 3352 1020 3417 ecclesie
1045 3337 1216 3440 episcopus
1241 3375 1282 3418 ss.
1382 3417 1384 3422 .

378 3461 399 3538 †
422 3455 492 3541 Ego
518 3457 688 3522 Hubaldus
713 3459 883 3546 presbyter
907 3458 1081 3524 cardinalis
1106 3459 1198 3525 tituto
1222 3481 1247 3523 s.
1274 3457 1432 3522 Praxedis
1456 3478 1497 3520 ss.

379 3565 399 3644 †
423 3563 493 3648 Ego
516 3563 623 3628 Julius
648 3565 755 3651 presb.
781 3565 867 3630 card.
893 3567 939 3629 tit.
966 3589 991 3632 s.
1016 3563 1160 3629 Marcelli
1186 3587 1229 3628 ss.

371 3671 392 3749 †
415 3669 486 3754 Ego
512 3667 658 3734 Vbaldus
680 3671 787 3757 presb.
812 3671 900 3736 card.
925 3673 972 3736 tit.
996 3696 1022 3736 s.
1048 3669 1161 3736 Crucis
1187 3671 1218 3734 in
1242 3667 1448 3734 Hierusalem
1472 3691 1513 3732 ss.

371 3773 486 3858 †Ego
510 3773 726 3840 Idelbrandus
750 3777 857 3864 presb.
886 3777 973 3842 card.
1000 3776 1132 3842 basilice
1156 3775 1232 3840 XII.
1257 3773 1476 3862 apostolorum
1500 3795 1543 3838 ss.

284 3905 288 3910 ·
374 3879 396 3959 †
420 3878 492 3964 Ego
515 3879 660 3945 Joannes
684 3882 791 3968 presb.
816 3882 903 3948 card.
926 3883 972 3947 tit.
994 3906 1019 3947 s.
1045 3882 1208 3948 Anastasii
1230 3905 1271 3947 ss.

373 3985 396 4067 †
420 3983 491 4070 Ego
515 3985 578 4050 Alb
601 3995 670 4050 rtus
694 3987 801 4074 presb.
824 3987 912 4054 card.
937 3992 983 4052 tit.
1009 4011 1050 4052 ss.
1075 3989 1240 4052 Laurentii
1262 3997 1294 4051 et
1315 3985 1415 4050 Lucie
1440 4010 1480 4050 ss.

371 4093 392 4170 †
415 4091 486 4176 Ego
511 4091 691 4157 Guilelmus
716 4093 813 4180 presb
847 4092 934 4158 card.
961 4095 1005 4160 tit.
1032 4118 1056 4160 s.
1076 4093 1161 4158 Petri
1185 4091 1226 4157 ad
1248 4091 1387 4157 Vincula
1410 4115 1452 4157 ss.

370 4197 485 4282 †Ego
510 4197 604 4263 Oddo
629 4199 782 4264 diaconus
807 4199 893 4265 card.
919 4223 944 4265 s.
969 4199 1101 4286 Georgii
1126 4199 1168 4264 od
1192 4197 1299 4264 velum
1321 4221 1453 4263 aureum
1477 4221 1519 4262 ss.

372 4305 393 4383 †
415 4302 487 4388 Ego
513 4303 597 4368 Boso
622 4304 705 4369 diac.
731 4304 818 4369 card.
844 4327 886 4372 ss.
912 4303 1029 4370 Cosme
1056 4317 1088 4370 ct
1112 4306 1264 4370 Damiaui
1288 4329 1332 4370 ss.

372 4407 487 4500 †Ego
513 4407 662 4473 Ciutbius
687 4409 770 4474 diac.
795 4409 882 4476 card.
909 4435 950 4476 ss.
973 4409 1109 4476 Adriani
1133 4435 1176 4476 ss.

374 4511 489 4598 †Ego
513 4513 715 4579 Raimundus
739 4514 821 4580 diac.
847 4517 932 4580 card.
958 4541 982 4582 s.
1007 4515 1165 4582 Maricio
1190 4517 1243 4580 via
1268 4514 1332 4580 lata
1355 4537 1398 4581 ss.

372 4617 493 4682 Datum
515 4619 668 4684 Laterani
694 4643 750 4707 per
774 4641 902 4686 manum
928 4622 1063 4686 Rolsndi
1088 4631 1197 4687 sancto
1220 4645 1351 4686 romane
1375 4621 1510 4686 ecclesie
1534 4621 1702 4708 presbiteri
1730 4617 1900 4684 cardinalis

225 4723 470 4806 esvcanoellarii,
496 4726 571 4790 llll.
597 4749 697 4791 nonas
720 4727 810 4811 Julii,
835 4727 1009 4794 indictione
1033 4727 1107 4794 Vll.
1147 4751 1231 4794 anno
1248 4727 1431 4793 MCLVIII.
1457 4727 1665 4791 Pontificatus
1690 4747 1767 4790 vero
1781 4723 1903 4787 domini

226 4827 359 4895 Adriani
384 4853 466 4918 pape
491 4832 564 4896 l'llI.
590 4853 674 4896 anno
698 4832 774 4898 llll.
798 4819 931 4920 (pendet
954 4833 1049 4898 Bulla
1072 4833 1247 4922 plumbea.)

380 4979 409 5034 Ia
428 4979 602 5053 rukopisnog
624 4979 746 5052 bularija
770 4981 972 5056 dubrovadhog
994 4989 1043 5042 atr.
1068 4977 1142 5041 424.
1179 4983 1205 5039 U
1233 4981 1378 5052 Illyricum
1412 4980 1529 5038 Sacrum
1561 4981 1713 5054 pegrieino
1748 4976 1903 5052 priobdeua
1938 5033 1942 5040 ,

224 5068 258 5123 Τ.
282 5067 332 5124 VI.
358 5076 405 5123 str.
433 5067 482 5127 l9.

389 5259 396 5296 ¹
420 5264 530 5320 Farlsti
552 5265 662 5337 prrdsJe
681 5265 743 5336 joi:
769 5264 991 5322 Ulcinstienseur
1015 5265 1073 5320 sire
1096 5263 1318 5332 olchiniensem.
