4350 5932
1806 391 1849 459 69

169 589 379 676 Magilicbam
403 589 537 656 terciam
561 596 685 671 partem
709 587 859 665 ciuitatis,
886 595 917 652 et
940 586 1023 652 sicut
1038 582 1092 652 ille
1116 586 1271 652 terminus
1295 607 1330 650 se
1354 584 1520 671 disiungit,
1544 585 1584 652 de
1607 585 1670 654 illis
1694 584 1792 652 rebus
1817 585 1850 648 in

169 693 364 770 occidentali
387 704 489 784 parte,
514 715 594 780 quas
623 690 786 779 quondam
802 691 845 756 ad
862 701 1006 756 sanctum
1024 690 1267 758 Emrueramum
1283 703 1506 758 antecessores
1523 695 1624 760 nostri
1640 694 1852 778 tradiderunt,

168 815 272 874 totum
294 805 330 870 ia
352 803 492 868 termino
516 797 704 884 origentalis
728 797 770 864 ad
794 797 974 884 praefatum
999 800 1230 864 monasterium
1262 796 1429 879 tradimus,
1454 801 1597 884 exceptis
1622 797 1715 868 hobia
1739 800 1852 866 tribus.

169 908 220 977 At
242 908 438 990 Arnesdorf,
462 907 495 978 id
517 916 565 972 est
587 903 630 970 ad
653 903 900 988 Uuacbauuam,
924 903 1078 991 quicquid
1102 903 1147 968 ibi
1171 904 1342 972 babuimus
1367 925 1440 971 cum
1464 907 1567 971 vineis
1592 917 1624 970 et
1644 907 1854 993 saginacione

169 1025 330 1086 stmonte
355 1023 537 1102 querceato,
570 1013 737 1098 pratisque
776 1013 860 1078 inter
895 1013 1000 1098 ipsum
1037 1023 1245 1098 quarceatum
1281 1021 1422 1078 montem
1447 1015 1527 1093 sitis,
1559 1023 1591 1076 et
1622 1015 1705 1078 inter
1737 1013 1854 1078 siluam

169 1120 306 1204 Paltam,
331 1119 385 1186 vei
410 1117 565 1206 quicquid
587 1119 622 1184 in
645 1119 725 1204 ipsis
749 1115 841 1184 siluis
875 1115 1057 1198 habuimus,
1075 1127 1182 1184 ‘totum
1206 1117 1239 1180 in
1264 1139 1356 1184 nsum
1380 1118 1537 1204 praedicti
1569 1121 1755 1186 monasterii
1779 1142 1854 1184 oon·

170 1227 328 1294 cadimus.
353 1226 405 1293 Ad
428 1223 593 1306 Oruuoita,
617 1223 772 1314 quioquid
796 1223 955 1310 superfuit
978 1222 1071 1290 bobis
1097 1222 1136 1290 V.
1160 1245 1241 1310 quas
1263 1223 1350 1292 tideli
1384 1235 1493 1290 nostro
1525 1225 1673 1292 dedimus
1697 1223 1855 1308 Districo,

168 1333 231 1400 boc
255 1330 516 1398 suntbobasL.
541 1329 802 1411 adorabimus,
827 1328 868 1394 ad
903 1328 1118 1416 Holunpurch
1149 1330 1284 1396 terciam
1315 1340 1438 1416 partem
1469 1333 1609 1396 ciuitatis
1643 1353 1715 1398 oum
1749 1334 1854 1396 vineis

169 1436 273 1505 XXX
295 1447 328 1502 et
352 1435 446 1504 hobis
469 1435 534 1528 XV
559 1437 628 1500 sine
656 1435 764 1502 curtili
779 1447 875 1502 tarra.
892 1435 946 1504 Ad
962 1435 1155 1502 Treisimaru
1173 1437 1336 1502 ciuitatem
1355 1445 1386 1502 et
1402 1435 1571 1502 ecclesiam
1598 1439 1700 1502 sancti
1723 1437 1855 1506 Martini

171 1565 245 1610 cum
269 1542 407 1624 decima,
433 1553 464 1608 et
497 1563 624 1610 sursum
657 1543 690 1606 in
725 1541 858 1608 australi
889 1553 986 1627 atque
1018 1541 1187 1626 origentali
1223 1551 1316 1627 parte
1338 1541 1479 1608 durminis
1503 1543 1665 1610 Treisirna
1688 1567 1788 1630 usque
1810 1545 1856 1610 ad

171 1649 471 1735 Potilinesprunnin
495 1659 527 1714 et
550 1651 633 1714 sicut
655 1648 924 1736 Districbespaoh
947 1648 1019 1716 fluit
1034 1660 1146 1714 contra
1165 1647 1244 1714 duos
1262 1669 1407 1732 aceruos,
1432 1651 1487 1735 qui
1512 1651 1544 1714 in
1569 1643 1738 1734 cridentali
1761 1659 1854 1736 parte

173 1757 278 1841 campi
302 1757 401 1840 positi
423 1764 507 1822 aunt.
533 1753 576 1820 Et
598 1755 718 1824 exinde
742 1777 843 1841 nsque
867 1753 1055 1823 Danubium
1080 1755 1112 1818 in
1136 1753 1225 1820 illurn
1260 1753 1366 1820 locum
1392 1757 1447 1842 qui
1468 1754 1632 1841 Tripoiiaa
1663 1755 1792 1837 dicitnr,
1823 1767 1857 1820 et

172 1863 216 1932 ita
239 1883 370 1930 sursum
396 1883 496 1948 prope
515 1860 601 1930 idem
625 1859 823 1942 Danubium,
853 1883 926 1927 oum
950 1862 1047 1944 agris,
1065 1861 1165 1946 pratis
1183 1859 1275 1926 cultis
1300 1871 1332 1926 et
1354 1859 1494 1942 incultis,
1518 1862 1622 1943 anuis,
1647 1861 1726 1930 locis
1750 1864 1853 1948 pisea-

172 1968 311 2047 eionum,
336 1989 419 2053 quae
438 1965 575 2034 diutises
598 1966 774 2032 Arichsteti
808 1976 974 2049 vocantur,
1000 1970 1097 2033 etita
1119 1989 1246 2034 sursum
1277 1989 1380 2053 nsque
1402 1967 1445 2035 ad
1467 1967 1557 2034 illam
1573 1966 1745 2050 marcham,
1770 1989 1855 2053 quae

173 2075 255 2142 inter
278 2071 474 2140 Treisimam
499 2081 532 2138 et
554 2071 767 2160 Holunpuroh
795 2083 948 2160 utrasque
972 2097 1024 2140 rea
1047 2073 1261 2140 discernendo
1286 2073 1411 2138 diuidit.
1432 2072 1486 2140 Ad
1508 2073 1741 2141 Penninuuano
1764 2075 1852 2161 quic·

175 2176 250 2264 quid
272 2175 320 2242 ibi
344 2177 526 2245 babuimus.
548 2177 602 2242 Ad
625 2177 816 2244 aecclesiam
832 2177 990 2244 Aneonis.
1008 2179 1059 2244 Ad
1077 2177 1328 2266 Unitinesperch
1345 2177 1500 2265 quicquid
1522 2179 1567 2246 ibi
1591 2178 1773 2261 habuimus,
1797 2202 1854 2244 ax·

173 2293 264 2369 cepto
288 2283 376 2370 quod
399 2282 635 2368 Mosogounoni
648 2281 805 2352 dabamus
822 2295 953 2370 propter
969 2285 1069 2352 fidele
1081 2287 1265 2367 seruicinm,
1279 2287 1341 2352 hoc
1357 2297 1406 2354 eat
1421 2285 1524 2352 bobas
1540 2285 1575 2351 Ο.
1592 2287 1644 2352 Ad
1664 2285 1857 2353 aecclesiam

173 2388 309 2471 Eliadis,
334 2389 525 2454 aecclesiam
550 2389 726 2475 Miuigonis
748 2391 943 2478 presbyteri.
968 2392 1021 2458 no
1051 2391 1332 2478 Guntpoldesdori
1351 2391 1507 2478 quicquid
1527 2392 1571 2458 ibi
1595 2391 1778 2459 habuimus.
1802 2391 1856 2458 Ad

173 2493 307 2582 Rapam,
341 2495 383 2560 ad
415 2495 584 2562 Sabariam
613 2499 787 2579 ciuitatem,
820 2507 851 2564 et
879 2500 1070 2564 aecclesiam
1101 2521 1176 2564 cum
1199 2498 1325 2566 decima
1361 2510 1393 2564 et
1416 2498 1584 2582 theloneis,
1617 2501 1731 2578 vineis,
1757 2499 1856 2584 agris,

175 2603 284 2687 pratis,
309 2603 448 2688 pascuis,
478 2601 662 2685 forestibus,
696 2603 867 2686 montibus,
900 2607 1090 2692 cunctisque
1123 2605 1163 2668 ad
1196 2605 1331 2672 eandem
1355 2607 1518 2672 ciuitatem
1553 2607 1637 2675 iuste
1659 2615 1692 2670 et
1714 2605 1856 2690 legitime

173 2708 420 2793 pertinentibus.
444 2707 498 2774 Ad
521 2711 640 2774 siccam
664 2708 842 2796 Sabariam,
872 2712 913 2777 ad
930 2711 1150 2778 Peinincbaha
1173 2712 1217 2778 ad
1231 2711 1426 2798 Mosapurcb
1443 2710 1622 2791 abbaciam,
1646 2708 1703 2774 abi
1726 2721 1857 2776 sanatus

172 2812 337 2878 Adrianus
361 2827 483 2901 martyr
507 2813 628 2880 Christi
652 2819 835 2903 requiescit,
860 2839 956 2904 quam
974 2829 1196 2884 antecessores
1220 2817 1378 2882 nostriad
1400 2817 1601 2883 iamdictam
1626 2819 1858 2882 monasterium

172 2917 385 3000 tradiderunt,
410 2931 445 2986 et·
465 2943 524 2992 nos
548 2921 723 3003 firmamus,
744 2947 783 2990 ac
806 2933 916 2991 nostra
940 2947 982 2990 ex
1005 2937 1096 3012 parte
1114 2937 1372 3010 augmentamus.
1389 2923 1516 2990 Nonam
1539 2947 1668 3010 quoque
1693 2923 1734 2988 de
1757 2925 1858 2988 omni·

173 3023 232 3093 bus
257 3028 376 3094 nostris
398 3027 553 3108 curtibus,
576 3028 655 3094 inibi
680 3051 752 3094 cunr
788 3029 936 3098 theloneo
960 3033 993 3095 in
1018 3033 1149 3098 ciuitate
1173 3043 1204 3098 et
1228 3035 1352 3118 piscina
1383 3032 1551 3098 adicimus.
1580 3031 1633 3100 Ad
1665 3029 1855 3117 Salapuigin

172 3143 298 3200 curtem
310 3155 383 3202 cum
400 3131 486 3202 000
500 3137 620 3200 mansis
632 3145 665 3202 et
680 3137 813 3202 totidem
826 3139 929 3202 vineis
947 3137 1129 3206 habuimus.
1150 3139 1352 3204 Aecclesiam
1366 3139 1407 3204 ad
1431 3136 1643 3219 Quartiuaha,
1664 3135 1856 3202 aecclesiam

171 3240 211 3306 ad
227 3239 332 3306 Gensi
345 3244 364 3323 ¹,
381 3241 423 3308 ad
439 3241 471 3307 V
486 3243 671 3324 aecclesias,
696 3266 769 3310 cum
785 3243 944 3310 theloneis
961 3254 993 3310 et
1008 3248 1123 3326 vineis,
1141 3246 1325 3328 forestibus,
1345 3254 1377 3309 et
1393 3267 1466 3310 oum
1483 3243 1643 3325 omnibus,
1668 3263 1751 3328 quas
1766 3251 1857 3306 ante·

175 3347 358 3412 sessoribus
382 3349 501 3414 nostris
524 3359 619 3414 antea
642 3349 837 3416 beneficiata
858 3351 1003 3435 fuissent,
1029 3353 1194 3418 firmamus
1211 3354 1244 3416 in
1261 3352 1436 3438 proprium.
1457 3349 1510 3414 Ad
1533 3347 1747 3434 Ruginesfeld
1767 3348 1856 3434 quic-

173 3453 250 3539 quid
266 3453 313 3520 ibi
329 3453 511 3522 habuimus.
528 3455 582 3520 Ad
597 3456 777 3522 Durnauua
793 3457 994 3540 aecclesiam,
1012 3479 1095 3544 quae
1112 3468 1160 3524 est
1173 3469 1357 3524 constructa
1372 3459 1403 3522 in
1428 3455 1551 3520 honore
1569 3455 1671 3520 sancti
1686 3452 1857 3518 Ruotberti

174 3567 615 3646 oeterorumqnesanctorum
628 3563 937 3650 quamplurimorum
961 3575 1149 3652 martyrum,
1173 3588 1246 3630 cum
1264 3574 1370 3630 monte
1392 3563 1561 3628 Parauaea
1583 3563 1760 3637 nominato,
1779 3581 1854 3624 cum

173 3667 286 3750 vineis,
310 3670 410 3752 agris,
434 3671 545 3754 pratia,
563 3668 654 3734 siluis
670 3680 703 3735 et
718 3693 791 3735 cum
807 3671 955 3746 omnibus
972 3693 1055 3758 quae
1070 3670 1116 3736 ibi
1134 3671 1281 3736 videmur
1299 3670 1427 3750 habere,
1445 3669 1531 3736 circa
1547 3676 1687 3732 montem
1704 3667 1784 3730 sitis.
1802 3663 1857 3729 Ad

173 3771 354 3839 Pettouiam
378 3776 568 3842 aecclesiam
586 3799 658 3842 oum
675 3779 809 3860 decima,
827 3789 859 3843 et
879 3779 958 3844 duas
976 3787 1084 3866 partes
1103 3780 1255 3860 ciuitatis,
1273 3801 1345 3842 cnm
1367 3777 1495 3856 bannis,
1510 3771 1678 3856 theloneis,
1695 3783 1727 3836 et
1749 3780 1857 3856 ponte,

179 3900 261 3964 quae
284 3879 327 3946 ab
349 3883 611 3949 antecessoribus
637 3886 754 3949 nostris
777 3884 832 3948 illo
856 3885 974 3950 tradita
997 3885 1145 3968 iueruut3
1169 3897 1200 3951 et
1225 3908 1266 3950 ex
1288 3893 1379 3970 parte
1401 3890 1511 3946 nostra
1542 3878 1690 3943 addimus
1721 3878 1854 3940 terciam

175 3995 297 4070 partem
314 3989 464 4070 ciuitatis,
488 4011 571 4076 quae
585 3993 765 4077 proprietas
788 3991 962 4058 Carantaui
986 3993 1054 4074 fnit,
1079 3992 1189 4080 illique
1217 3991 1427 4055 diiudicatum
1448 3997 1505 4070 est,
1528 4007 1565 4052 ec
1591 3986 1669 4072 quia
1689 4005 1766 4047 reus
1788 4003 1854 4046 ma-

175 4095 308 4176 gestatis
336 4105 466 4160 nostrae
497 4099 684 4164 criminatus
719 4110 768 4165 est
798 4111 963 4182 constare,
1000 4101 1145 4186 exceptis
1179 4097 1355 4164 subnotatis
1386 4093 1493 4175 rebus,
1526 4115 1606 4178 quas
1640 4091 1736 4154 uxori
1767 4085 1852 4151 illius

175 4208 304 4284 propter
327 4199 423 4265 fidele
440 4203 606 4268 seruitium
624 4207 854 4292 concessimus,
871 4207 904 4273 id
921 4219 970 4272 est
982 4209 1015 4271 in
1033 4207 1243 4296 insuperiori
1267 4205 1406 4284 ciuitate,
1423 4203 1457 4265 in
1479 4197 1652 4284 origentali
1671 4187 1854 4282 parte‘cini·

176 4305 249 4368 tatis
272 4307 374 4394 ipsine
398 4307 545 4374 curtilem
569 4309 684 4393 locum,
709 4311 765 4377 nbi
789 4337 873 4382 noua
892 4313 1050 4380 aecclesia
1077 4316 1205 4400 incepta
1228 4323 1285 4394 est,
1310 4319 1406 4395 atque
1428 4309 1461 4370 in
1482 4304 1626 4370 inferiori
1650 4300 1791 4382 ciuitate,
1814 4301 1847 4363 in

179 4410 369 4477 occidentali
393 4427 484 4502 parte
509 4419 648 4484 ciuitatis
672 4421 783 4508 ipsius,
808 4421 864 4486 illa
890 4420 1016 4487 curtilia
1047 4421 1126 4501 loca,
1156 4443 1240 4510 quae
1273 4421 1306 4484 in
1338 4424 1495 4504 potestate
1522 4423 1599 4476 tunc
1630 4407 1751 4490 habuit,
1783 4427 1856 4471 oum

176 4514 266 4582 bobis
288 4517 324 4586 0.
351 4530 383 4585 et
404 4523 508 4587 vineis
529 4523 572 4591 X.
598 4529 630 4590 in
653 4525 871 4594 Ziatanesfeld
895 4528 949 4594 ubi
981 4551 1157 4617 numquam
1181 4538 1403 4594 antecessores
1433 4521 1535 4589 nostri
1559 4517 1657 4581 alicui
1682 4516 1855 4602 quiequam

179 4619 343 4708 dederunt,
367 4639 497 4714 propter
522 4631 617 4696 fidele
641 4635 814 4699 seruicium
839 4637 1073 4722 praenominati
1091 4633 1325 4722 archiepiscopi
1346 4629 1517 4696 tribuimus
1533 4624 1576 4689 ad
1591 4619 1771 4710 praefatum
1790 4639 1855 4682 mo·

179 4731 363 4814 nestorium,
380 4735 463 4800 sicut
474 4741 583 4802 acerui
601 4739 664 4805 duo
680 4741 938 4828 props'i'rauum
954 4745 1050 4830 positi
1067 4753 1150 4827 aunt,
1172 4767 1213 4810 ex
1229 4741 1411 4808 summitate
1423 4733 1567 4800 terminis
1583 4731 1639 4817 qui
1656 4725 1854 4812 Uuagreini¹

179 4832 302 4918 dicitnr,
325 4849 357 4904 et
380 4843 425 4905 ita
448 4845 531 4910 sicut
554 4844 608 4910 ilie
631 4846 811 4935 Uuagreini
834 4851 938 4916 tendit
968 4873 1070 4940 usque
1104 4842 1180 4918 dum
1213 4849 1377 4916 Treuuina
1399 4844 1471 4909 fluit
1493 4843 1526 4904 in
1549 4853 1678 4902 amnem
1698 4831 1851 4908 Trauum,

177 4937 226 5006 Aa
250 4941 393 5030 Sulpam,
410 4949 573 5018 ciuitatem
587 4955 671 5044 Zuip
687 4967 844 5042 vocatam,
866 4981 938 5025 cum
955 4960 1104 5026 omnibus
1121 4963 1202 5026 iuste
1219 4957 1260 5023 ad
1276 4955 1410 5022 eandem
1431 4950 1595 5015 ciuitatem
1612 4935 1855 5028 pertinentibus,

180 5067 249 5113 cnm
272 5059 434 5138 quercetis
458 5067 491 5124 et
511 5065 643 5149 campis,
668 5067 751 5130 sicut
773 5065 829 5132 illa
852 5065 948 5149 fossa,
968 5089 1049 5153 quae
1074 5069 1187 5154 incipit
1203 5067 1243 5131 ds
1268 5063 1382 5128 Muora
1405 5067 1438 5124 et
1456 5053 1557 5122 tendit
1574 5067 1675 5134 nsque
1697 5043 1737 5110 ad
1751 5042 1856 5108 Luon-

181 5189 439 5214 m·—

285 5267 338 5330 ¹1]
358 5275 446 5335 iistini
472 5279 545 5340 861.
568 5285 614 5340 ad.
637 5284 735 5341 Kenai.

282 5356 355 5420 ’Va
375 5365 502 5444 kraJini‘i
524 5401 567 5413 -
589 5373 619 5430 in
639 5373 766 5432 termino.
