4310 5918
311 414 374 478 106

307 605 393 671 valle
417 607 547 689 positos,
572 627 653 691 quos
677 605 755 670 mihi
778 604 959 670 clericalem
985 605 1130 671 militiam
1155 607 1282 686 inituro,
1301 615 1401 670 mater
1418 627 1498 688 mea,
1516 627 1572 692 pro
1594 605 1786 690 patrimonio
1802 605 1994 688 assignarit.

310 711 519 777 Caeterorunt
543 711 699 776 honorum
733 734 875 777 meorum
898 711 1069 778 haeredem
1094 713 1196 780 lilium
1220 735 1337 793 meum,
1362 713 1389 775 si
1413 709 1490 774 mihi
1514 718 1678 796 superstes
1701 709 1807 791 fuerit,
1832 711 1860 774 si
1878 717 1988 774 antem

307 817 367 882 deo
400 815 531 881 libuerit
561 838 634 880 eum
667 837 709 880 ex
741 815 802 882 hac
833 818 900 881 vita
929 819 1079 904 praeripi,
1105 819 1212 884 omnia
1236 819 1268 882 in
1300 819 1349 881 ἰιιι
1374 824 1629 902 potestatemque
1652 823 1818 879 transeant
1840 813 1989 880 eiusdem

307 921 503 988 monasterii.
524 919 558 986 si
582 922 655 1007 quis
687 919 771 986 hanc
794 920 999 987 donationem
1024 925 1147 988 irritam
1171 922 1278 988 facere
1311 921 1436 1003 audeat,
1461 923 1492 984 in
1512 941 1585 984 eum
1620 918 1672 984 dei
1701 921 1921 1005 praepotentis
1945 921 1996 984 ira

306 1050 345 1092 ac
367 1035 582 1092 tercentorum
607 1047 646 1091 ac
662 1025 884 1112 duodeuiginti
902 1039 1086 1094 sanctorum
1103 1039 1231 1116 patrum
1246 1031 1387 1114 itemque
1404 1025 1572 1090 duodecim
1588 1023 1806 1109 apostolorum
1824 1025 1991 1090 execratio

305 1131 480 1212 incumbat,
504 1141 537 1196 et
560 1153 632 1197 cum
652 1131 674 1196 J
680 1131 743 1196 uda
771 1132 934 1217 proditore
950 1133 990 1198 ad
1016 1133 1135 1198 inferos
1158 1133 1355 1199 detrudatur.

464 1237 557 1302 Haec
589 1245 661 1302 acta
689 1247 764 1301 sunt
797 1237 897 1304 Paulo
923 1240 1164 1327 archiepiscopo
1198 1250 1229 1306 et
1258 1239 1435 1304 Nicodemo
1466 1241 1580 1325 priore,
1612 1261 1721 1302 coram
1752 1237 1802 1302 his
1827 1235 1997 1324 testibus:

306 1343 436 1409 domino
461 1342 587 1408 Ursone
611 1339 738 1423 abbate,
763 1341 889 1408 Joanne
914 1345 1026 1427 Taina,
1051 1345 1180 1410 domino
1208 1345 1298 1409 Petro
1322 1343 1447 1408 Macica
1470 1353 1531 1408 etc.

462 1447 535 1532 Ego
560 1471 637 1513 vero
661 1447 844 1536 Stephanus
870 1452 1045 1516 monachus
1067 1463 1099 1517 et
1122 1452 1291 1539 presbyter
1312 1453 1427 1536 scripsi
1451 1450 1491 1515 ad
1517 1451 1607 1514 testis
1631 1449 1730 1514 adfui.

443 1611 525 1668 .0ru
550 1612 679 1682 oporuku
698 1612 859 1683 ubiljedenn
883 1631 900 1668 ιι
923 1614 1023 1668 listarn
1057 1621 1218 1669 samostana
1241 1631 1282 1668 su.
1306 1612 1431 1682 Stefana,
1455 1613 1577 1683 prereds
1599 1612 1625 1666 iz
1649 1611 1842 1684 talijanslroga
1863 1611 1992 1682 prevoda

305 1698 413 1753 Farlati
437 1706 504 1769 opst
526 1717 564 1754 na
587 1699 703 1755 latinski
728 1719 745 1756 ιι
770 1701 915 1772 Illyricum
938 1719 1049 1756 sacrum
1072 1701 1106 1756 T.
1131 1701 1182 1758 III.
1206 1719 1232 1771 p.
1261 1700 1332 1754 118.

819 1990 1014 2074 oxvlll.
1049 1993 1165 2076 1029.
1193 1991 1229 2073 U
1260 1991 1469 2074 (throvcu.
1516 1993 1518 1998 '

301 2185 441 2246 Juenaa
463 2191 559 2246 eccho
579 2167 743 2246 'cocernsra
766 2189 846 2246 buno
879 2189 986 2261 daruje
1015 2193 1189 2248 samostonu
1212 2207 1254 2250 so.
1278 2187 1437 2248 Krdcoana
1461 2205 1480 2245 ιι
1504 2185 1617 2257 chru,
1640 2187 1732 2246 ortua
1756 2189 1851 2263 iatopo
1874 2191 1985 2266 mewa,

434 2371 441 2381 Ι
507 2309 550 2366 po
572 2295 633 2352 sebi
655 2311 675 2350 ιι
700 2291 833 2352 Οὸνοιισιι
863 2293 1054 2368 seyr-adjecta,
1077 2311 1115 2354 us
1138 2295 1231 2354 octolo
1251 2295 1395 2367 poneres
1418 2293 1630 2366 impetratae
1654 2294 1790 2366 imanje.·

460 2465 497 2530 In
530 2465 659 2528 nornine
690 2473 800 2528 sancte
834 2477 866 2526 et
898 2465 990 2534 unice
1021 2466 1183 2530 trinitatis.
1216 2463 1311 2528 Anno
1340 2465 1576 2528 incarnacionis
1613 2462 1734 2526 domini
1758 2464 1859 2527 nostri
1882 2462 1988 2528 Jhesu

302 2565 423 2632 Christi
446 2567 657 2650 MXXVIIII,
683 2568 863 2632 indiccione
887 2568 965 2650 XII,
996 2569 1163 2654 Regnante
1191 2569 1320 2632 domino
1341 2568 1485 2631 Romano
1519 2569 1664 2652 piissimo
1696 2579 1728 2632 et
1759 2570 1987 2654 potentissimo

300 2683 447 2756 augusto,
471 2673 657 2738 cathedram
682 2695 758 2738 vero
782 2673 997 2760 episcopalem
1034 2675 1215 2760 presidente
1239 2673 1380 2755 Andrea,
1407 2672 1583 2738 venerabili
1607 2674 1770 2759 episcopo,
1801 2675 1835 2736 in
1858 2672 1984 2738 Jadera

301 2778 441 2844 ciuitate.
468 2777 539 2862 Ego
564 2777 730 2858 Heleuiza,
766 2800 858 2842 soror
889 2778 1055 2844 Godemiri
1087 2781 1171 2860 bani,
1206 2778 1360 2844 cartulam
1386 2777 1468 2842 hanc
1492 2777 1733 2842 recordacionis
1765 2777 1805 2842 de
1839 2777 1982 2864 quadam

302 2903 374 2946 mea
397 2881 573 2963 oblacione,
599 2905 695 2969 quam
713 2883 812 2948 offere
828 2887 923 2970 cupio
946 2887 976 2948 in
1001 2885 1136 2948 cenobio
1161 2885 1245 2948 beati
1270 2881 1464 2967 Chrisogcni
1482 2883 1633 2965 martiris,
1650 2883 1746 2948 iubeo
1764 2882 1843 2948 fieri.
1866 2883 1984 2948 Habeo

299 2987 387 3050 enim
410 2989 605 3052 territorium
630 2988 796 3052 dimissum
825 2988 921 3053 michi
945 3012 963 3052 a
990 3001 1090 3054 matre
1114 3012 1185 3052 mea
1209 2991 1241 3052 in
1266 2987 1335 3052 loco
1353 2989 1406 3076 qui
1424 2987 1541 3052 dicitur
1564 2986 1738 3068 Obronizo,
1773 2987 1828 3052 ubi
1853 2997 1885 3051 et
1908 3010 1984 3052 con·

299 3093 404 3156 struxi
427 3092 596 3156 ecclesiam
620 3093 661 3156 ad
685 3092 839 3158 honorem
857 3093 1032 3181 supradicti
1057 3093 1140 3158 beati
1159 3093 1281 3158 Christi
1298 3095 1437 3158 martiris
1466 3092 1668 3180 Chrisogcni,
1687 3095 1778 3157 iuxta
1800 3091 1985 3174 ecclesiam,

298 3219 361 3285 quc
385 3197 504 3264 ibidem
526 3199 588 3264 sita
611 3208 660 3262 est
683 3200 715 3264 in
739 3198 860 3264 honore
896 3198 980 3263 beati
1012 3199 1100 3263 Petri
1133 3198 1280 3286 apostoli.
1312 3199 1356 3263 Et
1387 3201 1470 3264 sicut
1500 3199 1574 3264 clim
1600 3199 1904 3264 commendaueram
1929 3221 1983 3264 me

298 3301 457 3389 spirituali
480 3305 571 3388 patri,
607 3301 730 3368 scilicet
752 3303 855 3368 Traso
888 3303 1008 3386 abbati,
1038 3306 1082 3368 ita
1112 3307 1215 3370 eciam
1246 3314 1279 3368 et
1309 3306 1448 3369 nuncin
1473 3305 1657 3370 infirmitate
1682 3305 1793 3389 posita,
1818 3307 1981 3390 quamuis,

297 3431 378 3473 sana
400 3418 507 3473 tamen
532 3418 648 3489 mente,
673 3431 731 3495 per
754 3431 883 3472 manum
908 3409 1082 3495 spiritualis
1115 3409 1229 3494 prefati
1256 3412 1355 3497 patris
1379 3411 1441 3472 mei
1465 3409 1564 3473 offero
1589 3431 1640 3472 me
1665 3410 1767 3494 ipsam
1790 3409 1885 3473 beato
1910 3431 1982 3494 pre·

297 3515 461 3578 nominato
493 3511 612 3578 Christi
650 3515 784 3596 martiri,
809 3513 908 3590 offero
932 3514 1036 3578 eidem
1058 3517 1159 3579 eciam
1186 3537 1309 3578 mecum
1335 3537 1431 3600 quam
1455 3513 1575 3578 ibidem
1609 3515 1775 3578 construxi
1799 3513 1982 3594 ecclesiam,

299 3619 399 3682 offero
424 3617 553 3704 quidem
571 3629 695 3700 cuncta,
712 3642 775 3705 que
792 3621 824 3682 in
841 3619 954 3684 eodem
979 3619 1049 3684 loeo
1074 3643 1145 3683 mea
1169 3629 1243 3684 sunt
1266 3621 1435 3698 territoria,
1460 3619 1559 3682 offero
1584 3619 1686 3682 eciam
1711 3641 1845 3703 gregem
1869 3621 1981 3682 ouium

296 3746 369 3788 curn
393 3732 521 3808 pastore
545 3725 674 3787 nomine
698 3723 843 3806 Vilcona,
868 3725 932 3788 duo
950 3728 1040 3811 paria
1070 3724 1167 3790 bourn
1184 3749 1257 3789 cum
1280 3723 1406 3788 duobus
1422 3721 1569 3804 seruulis,
1593 3724 1634 3786 ad
1658 3745 1738 3809 opus
1760 3722 1905 3804 fratrum,
1922 3723 1978 3810 qui

296 3829 367 3914 ipsa
390 3827 535 3892 colerent
557 3830 726 3910 territoria,
749 3831 808 3894 hec
837 3841 869 3894 et
890 3831 954 3894 alia
978 3831 1018 3896 de
1042 3854 1114 3896 mea
1135 3829 1395 3918 possessiuncula
1419 3829 1518 3892 offero
1542 3829 1573 3890 in
1599 3828 1722 3914 prefato
1746 3828 1893 3909 cenobio,
1920 3851 1978 3912 pro

295 3933 438 3998 remedio
461 3935 567 3997 anime
592 3956 672 4014 mee,
694 3933 735 3997 ad
759 3957 840 4019 opus
865 3935 1015 4000 videlicet
1038 3935 1171 4000 fratrum
1196 3959 1235 3999 ac
1258 3934 1459 3998 dominorum
1485 3935 1629 3998 meorum
1652 3933 1773 3997 ibidem
1797 3934 1829 3996 in
1855 3931 1979 3996 Christi

296 4039 434 4107 seruicio
459 4041 671 4104 manencium.
696 4041 729 4106 Si
752 4043 825 4128 quis
849 4064 926 4105 vero
947 4040 1030 4106 hanc
1050 4064 1153 4106 meam
1176 4039 1376 4104 oblacionem
1398 4061 1418 4102 a
1437 4038 1516 4119 loco,
1541 4040 1572 4102 in
1594 4059 1658 4124 quo
1682 4035 1742 4100 hec
1764 4036 1873 4102 oblata
1893 4051 1979 4118 sunt,

294 4144 485 4210 subtrahere
509 4148 724 4231 temptauerit,
759 4149 840 4211 iram
862 4149 1089 4233 omnipotentis
1110 4147 1162 4210 dei
1188 4149 1329 4211 incurrat
1352 4156 1385 4208 et
1408 4143 1668 4210 malediccionem
1703 4140 1823 4206 CCCX
1845 4151 1880 4207 'et
1905 4157 1978 4208 octo

295 4261 479 4315 sanctorum
505 4259 631 4336 patrum
656 4250 781 4334 haheat,
804 4263 836 4316 st
859 4275 930 4316 cum
950 4251 1037 4316 Juda
1065 4250 1185 4316 Christi
1203 4251 1356 4341 traditore
1374 4252 1405 4314 in
1426 4249 1550 4314 inferno
1574 4257 1770 4313 muneretur.
1794 4246 1879 4314 Acta
1903 4259 1981 4313 sunt

294 4354 355 4420 hec
378 4358 410 4422 in
436 4359 505 4421 loco
528 4355 674 4443 predicto
710 4355 883 4438 Obronizo,
915 4379 1022 4421 coram
1047 4356 1209 4421 nonnullis
1232 4355 1381 4420 testibus.
1411 4353 1559 4419 Andreas
1590 4353 1768 4418 iaderensis
1793 4356 1978 4440 episcopus,

293 4463 395 4526 testis.
418 4461 540 4527 Trasus
562 4461 665 4528 abbas
689 4461 815 4528 cenobii
839 4461 952 4547 prefati
981 4465 1081 4544 testis,
1106 4486 1178 4527 cum
1204 4463 1270 4526 suis
1294 4461 1455 4526 fratribus.
1479 4457 1621 4523 Bolemir
1650 4461 1789 4544 iupanus
1821 4463 1978 4526 nonensis

294 4565 596 4650 testiadeoniza,
622 4569 722 4632 testis.
740 4565 872 4630 Veliaco
895 4567 996 4630 testis.
1020 4566 1215 4653 Stephanizo
1238 4568 1338 4630 testis.
1363 4565 1507 4630 Desinna
1535 4565 1671 4650 iupanns
1699 4564 1801 4628 testis.
1825 4563 1977 4630 Zouinna
2002 4561 2006 4568 ⁴

293 4671 438 4736 centurio
461 4674 561 4754 testis,
585 4681 618 4737 et
641 4671 786 4737 nonnulli
822 4673 1012 4736 nonensinm
1037 4681 1144 4737 testes.
1172 4671 1243 4756 Ego
1263 4655 1385 4735 Trasns
1418 4667 1554 4756 predicti
1584 4667 1710 4731 cenobii
1741 4667 1828 4734 beati
1852 4667 1976 4735 Christi

294 4777 434 4841 martiris
458 4775 652 4862 Chrisogcni
676 4776 787 4858 abbas,
825 4777 966 4840 iussione
996 4779 1256 4862 supranominate
1288 4773 1463 4861 spiritualis
1494 4772 1559 4840 filie
1583 4793 1653 4838 mee
1685 4771 1852 4855 Heleniae,
1878 4772 1974 4868 huius

294 4880 416 4946 cartule
438 4889 559 4962 auctor,
584 4891 616 4945 et
639 4903 712 4946 cnm
736 4878 890 4944 fratribus
908 4881 987 4944 meis
1011 4884 1100 4946 testis
1124 4903 1203 4945 sum.
1227 4880 1341 4946 Amen.

450 5027 556 5100 Matius
579 5045 615 5084 na
637 5027 712 5082 noti.
737 5025 764 5083 U
784 5025 902 5099 gubern.
924 5028 1088 5084 cadurchom
1111 5029 1219 5086 arkiru.
1242 5029 1319 5088 cass.
1343 5031 1450 5088 XVIII.
1474 5030 1516 5085 br.
1541 5032 1615 5090 453.
