4350 5932
1808 399 1851 465 61

167 610 276 655 amore
298 589 474 678 diligimus,
505 600 601 680 atquo
625 591 804 680 apostolica
834 607 961 678 semper
983 589 1132 658 volamus
1156 589 1354 677 benignitate
1375 590 1494 655 intrare.
1521 589 1557 654 In
1597 588 1657 654 deo
1682 610 1850 656 monemus
1902 629 1906 638 ·

170 696 379 780 sagacitatem
405 706 501 776 tuam,
526 719 566 761 ne
590 700 622 761 iu
647 696 824 783 quamlibet
846 707 970 786 partem
993 697 1091 762 aliam
1122 695 1273 778 declines,
1293 705 1326 761 et
1349 706 1460 760 contra
1492 718 1584 760 sacra
1619 694 1851 760 venerabilium

170 808 297 886 patrum
314 803 470 884 instituta,
491 803 694 890 episcopatus
713 803 849 889 gratiam
867 807 1010 889 recipere
1026 825 1179 890 quaeras:
1197 801 1331 866 audiens
1348 797 1435 866 illam
1459 799 1707 865 desiderabilem
1732 801 1848 866 summi

170 905 287 970 iudicis
320 929 431 972 uocem
467 908 625 974 dicentis:
663 907 756 994 Euge
792 932 885 974 seruo
924 909 1014 990 bone,
1055 920 1087 974 et
1109 907 1223 988 fidelis,
1258 910 1334 994 quia
1368 930 1465 994 super
1497 929 1599 994 pauca
1620 907 1709 972 fuisti
1733 905 1849 989 fidelis,

170 1033 270 1098 supra
289 1012 392 1078 multa
415 1022 446 1078 ts
470 1015 672 1098 constituam,
705 1017 790 1080 intra
813 1016 846 1080 in
869 1014 1022 1100 gaudium
1053 1013 1174 1080 domini
1198 1015 1252 1079 tui.
1277 1012 1341 1078 Sed
1365 1022 1430 1078 toto
1454 1011 1561 1093 corde,
1585 1023 1717 1100 totaque
1740 1012 1852 1079 volun·

170 1125 237 1182 tate
259 1117 300 1182 ad
321 1120 481 1204 gremium
501 1118 588 1184 sedis
611 1118 817 1206 apostolicae,
841 1118 926 1186 unde
950 1129 1170 1184 antecessores
1194 1119 1239 1184 tui
1263 1117 1393 1183 diuinae
1420 1117 1501 1204 legis
1524 1119 1675 1204 dogmata
1699 1117 1852 1184 melliflua

170 1245 243 1286 cum
270 1246 382 1288 samue
405 1226 615 1292 institutionis
637 1225 749 1307 forma,
773 1227 954 1310 summique
977 1225 1149 1291 sacerdotii
1166 1221 1514 1311 honoresumpserunt,
1538 1223 1670 1307 redens3
1694 1235 1854 1312 qnatenus

100 1369 103 1386 ·
170 1337 202 1394 et
223 1330 293 1414 ipse
316 1328 359 1395 ab
382 1330 558 1417 apostolica
581 1330 667 1414 sede,
698 1353 782 1418 quae
805 1341 952 1417 caputet
975 1332 1129 1416 magistra
1160 1340 1209 1396 est
1231 1331 1377 1394 omnium
1404 1327 1615 1394 ecclesiarum
1639 1327 1700 1408 dei,
1733 1331 1855 1416 episco-

170 1433 277 1520 palem
302 1439 577 1503 consecrationem
602 1459 659 1523 per
684 1446 813 1502 nostrae
833 1459 946 1501 manus
962 1439 1208 1523 impositionem,
1226 1433 1355 1500 Christo
1379 1445 1549 1518 annuente,
1575 1437 1744 1521 percipias.
1769 1434 1874 1517 Qua·-

170 1551 265 1604 tenus
289 1541 466 1608 secuudum
491 1545 661 1628 pristinum
680 1563 800 1608 rnorem
820 1544 920 1608 sancti
938 1542 1035 1623 Petri,
1053 1553 1085 1608 et
1098 1553 1207 1608 nostra
1229 1565 1356 1629 semper
1379 1543 1579 1624 anctoritate,
1603 1518 1699 1628 atque
1722 1543 1857 1608 tuitione

170 1647 324 1728 munitus,
359 1646 511 1732 populum
547 1647 668 1714 domini
701 1647 758 1714 tibi
791 1649 1009 1728 commissum,
1041 1658 1171 1714 strenae
1194 1671 1233 1712 ac
1256 1649 1412 1712 securiter
1445 1670 1550 1732 regas,
1571 1657 1603 1712 at
1625 1649 1657 1711 in
1681 1655 1855 1734 conspectu

169 1751 319 1816 altissimi
351 1754 501 1834 veniens,
545 1755 657 1818 venias
688 1772 759 1818 curn
797 1753 1014 1836 exultatione,
1046 1765 1176 1840 portans
1195 1751 1374 1840 manipulos
1407 1763 1496 1835 tuas3
1528 1752 1699 1840 dicereque
1730 1753 1859 1820 domiuo

171 1859 287 1943 poesis,
312 1868 464 1924 ouanter:
488 1857 575 1924 Ecce
601 1882 662 1945 ego
685 1868 717 1924 et
741 1861 829 1946 pueri
866 1881 947 1944 quos
978 1859 1055 1924 mihi
1088 1859 1215 1924 dedisti.
1239 1857 1282 1924 aa
1304 1858 1345 1923 oh
1369 1857 1431 1924 hoc
1454 1879 1526 1924 oum
1558 1857 1618 1923 deo
1649 1857 1759 1924 valcas
1790 1860 1859 1926 sino

170 1963 234 2030 line
258 1964 412 2050 gaudere.
437 1965 522 2030 Data
545 1965 597 2032 die
621 1967 739 2032 mensis
762 1965 861 2030 duuii.
878 1965 1057 2032 Indictioue
1082 1964 1158 2030 XII.

333 2141 363 2201 Ic
386 2147 593 2222 vatikansluoga
615 2147 750 2220 rukopiss
772 2149 823 2202 XI.
847 2147 937 2203 vieka.
957 2147 1104 2218 Epistulae
1130 2146 1270 2205 Johaunis
1294 2147 1371 2204 VIII.
1395 2147 1525 2219 Epistola
1550 2149 1622 2208 192.
1647 2167 1675 2220 p.
1701 2147 1751 2203 rt.

628 2431 825 2584 LXXVI.
853 2437 941 2523 sta.
969 2441 1003 2523 7.
1030 2434 1186 2542 ilpnja.
1214 2437 1250 2524 U
1279 2437 1422 2522 Rimu.

179 2637 256 2695 Isou
288 2633 395 2697 VIII·
411 2653 497 2712 popu
519 2638 620 2712 juolju
650 2637 767 2698 norodu
798 2635 988 2696 hreutstomu
1022 2637 1115 2696 uetito
1136 2639 1216 2708 socie
1245 2639 1350 2711 besche
1372 2637 1428 2697 iter
1444 2655 1475 2698 ee
1500 2639 1533 2712 je
1562 2640 1699 2712 portatio
1729 2641 1749 2700 le
1779 2641 1862 2700 crim

622 2744 754 2817 rimskoj,
777 2743 790 2802 i
811 2757 964 2817 uupooura
984 2759 1024 2817 po
1047 2742 1087 2802 do
1104 2743 1152 2816 joj
1174 2745 1279 2817 ujerou
1302 2747 1414 2802 ostana.

450 2947 455 2963 .
497 2897 657 2963 Omnibus
680 2896 921 2964 venerabilibus
946 2867 1167 2962 sacerdotibus
1192 2907 1224 2962 et
1246 2900 1397 2962 universo
1415 2897 1543 2983 populo.

338 3055 420 3122 (lum
445 3056 547 3122 literis
570 3058 725 3143 principis
750 3059 849 3121 vestri
872 3056 1044 3137 Branirnir,
1080 3077 1161 3141 quae
1192 3053 1286 3120 nobis
1310 3077 1367 3142 per
1390 3055 1610 3121 venerabilem
1636 3056 1861 3144 presbyterum

176 3161 339 3227 Joanncm
365 3161 493 3244 direxit,
512 3162 702 3246 legeremus,
735 3185 798 3226 non
816 3161 919 3226 solum
936 3160 1023 3226 illius
1042 3161 1256 3243 deuotlonem,
1285 3159 1341 3226 sed
1365 3163 1461 3226 etiam
1485 3159 1562 3226 fidei
1579 3171 1705 3228 vestrae
1728 3163 1860 3227 sinceri·

177 3277 288 3350 tatem,
313 3263 575 3333 et'dileotionem
599 3287 695 3354 qnam
723 3269 810 3332 circa
846 3277 990 3332 sanctum
1027 3265 1157 3330 Petrum
1186 3265 1401 3350 apostolorum
1425 3267 1613 3352 principem,
1639 3279 1671 3332 et
1694 3267 1780 3332 circa
1804 3289 1862 3333 nus
1917 3301 1920 3312 ·

177 3373 317 3456 hahetis,
344 3375 564 3458 cognocimus.
590 3371 634 3436 Bt
656 3373 742 3458 qula,
768 3371 856 3436 uelut
878 3371 1058 3436 charissimi
1083 3369 1140 3434 filii
1157 3369 1198 3435 ad
1215 3379 1358 3435 sancum
1382 3393 1548 3436 romanam
1572 3371 1752 3456 ecclesiam,
1776 3371 1862 3439 unde

178 3489 330 3565 parentes
347 3490 472 3572 vestros
490 3477 645 3544 melliflua
660 3489 791 3544 sanctae
808 3477 1058 3564 praedicationis
1086 3477 1237 3561 dogmata
1253 3479 1434 3563 suscepisse
1457 3481 1642 3564 agnoscitis,
1665 3487 1733 3543 toto
1756 3479 1865 3544 auimo

181 3593 318 3672 totaque
340 3585 517 3666 voluntate,
541 3585 648 3650 redire
672 3585 820 3670 cupiatis,
836 3591 978 3648 nostram
1003 3581 1213 3665 apostolicam
1237 3585 1385 3666 gratiam,
1409 3593 1440 3648 et
1463 3581 1720 3649 benedictionem
1745 3583 1865 3651 habere

178 3711 378 3779 magnopere
403 3691 636 3772 desiderantes,
661 3702 780 3775 magna
803 3709 913 3753 sumus
944 3687 1057 3775 repleti
1076 3687 1204 3752 laetitia.
1229 3685 1274 3751 Et
1297 3687 1369 3756 ideo
1386 3687 1527 3754 brachiis
1552 3693 1694 3755 extensis
1718 3713 1776 3756 ros
1800 3711 1866 3755 am·

180 3797 363 3884 plectimur,
388 3807 588 3882 paternoque
612 3817 721 3860 amore
744 3795 928 3880 recipimus,
951 3803 984 3859 e't
1005 3792 1182 3880 apostolica
1198 3793 1346 3858 volumus
1372 3815 1499 3882 semper
1522 3793 1721 3882 benignitate
1744 3795 1866 3877 fouere,

179 3907 208 3968 si
235 3923 294 3969 vos
318 3903 403 3967 hanc
426 3901 634 3984 voluntatem,
659 3903 925 3987 suspensionem
943 3910 1093 3982 vestram,
1122 3921 1224 3986 usque
1249 3899 1346 3964 linem
1372 3901 1543 3966 sinceriter
1566 3899 1752 3984 habueritis,
1777 3913 1808 3967 et
1830 3901 1867 3974 fi·

180 4009 300 4075 delites·
323 4011 501 4090 tenueritis,
526 4010 603 4094 quia
634 4007 760 4072 dicente
791 4005 942 4070 dominc:
972 4007 1026 4091 qui
1060 4008 1317 4090 perseuerauerit
1350 4007 1518 4092 nsque'in
1549 4005 1657 4090 finam,
1681 4006 1734 4072 hio
1752 3991 1867 4074 'saluus

179 4117 253 4194 erit,
277 4124 310 4178 et
333 4113 479 4200 apostolo
517 4114 550 4178 id
574 4115 678 4200 ipsum
703 4113 847 4178 dicente:
872 4113 1046 4198 participes
1083 4111 1168 4174 euim
1202 4109 1326 4192 Christi
1348 4110 1424 4176 facti
1448 4113 1536 4194 estis,
1561 4114 1587 4177 si
1609 4121 1717 4178 tamen
1741 4114 1867 4178 initium

180 4221 259 4286 fidei
284 4240 387 4307 usque
418 4219 462 4285 ad
495 4219 590 4284 finem
615 4219 743 4284 firmum
775 4217 950 4283 retineatis.
981 4213 1187 4302 Quapropter
1210 4226 1311 4282 estote
1342 4215 1454 4282 fideles
1478 4217 1549 4300 deo,
1573 4225 1604 4282 et
1627 4227 1737 4284 sancto
1761 4217 1867 4302 Petro,

181 4329 268 4392 dcet
290 4326 478 4408 mandastis,
503 4345 605 4412 nsque
629 4325 670 4388 ad
693 4335 837 4403 mortem,
876 4331 908 4387 et
939 4322 1105 4409 accipietis
1136 4340 1287 4387 coronam
1311 4323 1407 4404 ritae,
1439 4341 1535 4409 qnam
1566 4325 1751 4409 repromisit
1785 4321 1865 4392 deus

182 4432 396 4518 diligentibus
431 4453 476 4496 se.
512 4431 579 4496 Nos
613 4433 698 4495 enim
730 4430 831 4494 sacris
864 4427 1063 4493 orationibus
1095 4431 1212 4494 noscis
1244 4429 1431 4493 memoriam
1462 4430 1563 4494 vestri
1594 4449 1702 4494 coram
1727 4429 1867 4517 ,domiuo

181 4538 314 4603 assidue
337 4536 501 4616 iacientes,
528 4535 676 4600 manibus
700 4555 827 4600 sursum
851 4534 893 4598 ad
916 4531 1080 4598 dominum
1105 4525 1248 4616 eleuatis,
1273 4535 1482 4622 omnipotenti
1528 4533 1598 4615 deo,
1621 4559 1680 4601 vos
1705 4559 1768 4602 una
1792 4557 1865 4603 cum

184 4643 307 4709 dilecto
330 4641 398 4706 filio
421 4651 543 4722 nostro,
576 4643 720 4728 principe
749 4639 1162 4728 vestropcommendamus,
1197 4649 1229 4704 et
1251 4642 1337 4705 omni
1362 4638 1587 4706 benedictioni
1609 4641 1743 4729 spiritali
1775 4640 1869 4709 vobis

183 4749 411 4814 benedicimus
446 4749 478 4811 in
507 4746 636 4812 Christo
667 4745 747 4811 Jcsu
780 4746 909 4809 domino
942 4755 1069 4822 nostro;
1099 4753 1133 4810 ut
1165 4743 1218 4810 hic
1250 4753 1282 4811 et
1304 4748 1337 4811 in
1360 4748 1523 4812 aeternum
1560 4769 1694 4834 corpore
1718 4748 1868 4815 simulet

184 4856 296 4919 anima
320 4852 481 4918 benedicti
507 4853 662 4934 existatis,
692 4861 724 4915 et
748 4853 779 4914 in
796 4859 983 4937 perpetuum
999 4849 1130 4915 donnno
1146 4851 1325 4937 gaudeatis.
1351 4849 1437 4916 Data
1460 4849 1535 4917 VII.
1560 4851 1611 4918 die
1636 4855 1754 4918 mensis
1777 4853 1868 4919 Juuii

185 4959 364 5024 indictione
387 4957 466 5022 XII.

261 5191 278 5249 2
346 5104 457 5162 Labbd.
489 5103 626 5162 collectio
662 5104 691 5163 S.
727 5104 926 5161 Consiliorum.
961 5104 1027 5160 XII.
1062 5124 1089 5177 p.
1128 5105 1197 5160 118.
1221 5103 1338 5162 Parlati.
1371 5105 1406 5160 T.
1441 5103 1490 5162 IV.
1522 5122 1549 5178 p.
1574 5103 1647 5160 208.
1669 5103 1871 5166 MansiXVII.

184 5213 212 5267 p.
240 5196 255 5250 1
283 5194 312 5248 8.
1266 5215 1269 5220 ·
