4300 5930
1741 373 1805 477 ἰιι

127 612 222 685 terra,
247 613 401 690 quantum
425 613 496 668 octo
522 602 628 668 modia
652 605 783 667 seminis
796 604 1003 684 seminantur,
1022 610 1162 668 attamen
1180 625 1222 667 ex
1237 625 1302 688 qua
1318 613 1409 689 parte
1427 602 1624 668 monialibus
1638 604 1804 691 placuerit,

26 691 27 736 ³
128 709 184 774 sed
208 711 242 774 iu
266 732 330 775 uno
354 707 433 774 lcoo.
458 708 554 789 Quod
578 720 684 774 autem
709 708 803 772 buius
827 720 935 774 nostre
956 709 1167 774 ordinationis
1190 707 1372 790 concordia,
1394 729 1490 794 quam
1517 708 1708 795 subscriptis
1732 732 1803 794 per·

26 811 28 872 J
129 816 215 878 sonis
240 816 416 880 scientibus
440 825 472 879 et
495 813 753 880 collaudantibus
778 816 861 879 inter
878 817 1106 880 monasterium
1124 823 1156 878 et
1171 836 1247 899 seps
1261 815 1459 878 nominatum
1479 812 1653 880 Vulcinam
1671 818 1804 900 eiusque

132 941 275 984 sororem
301 920 526 1000 stabiliamus,
549 920 643 986 firma
666 920 855 1006 stabilisque
881 930 1076 1006 permaneat,
1101 942 1160 984 nec
1183 917 1290 984 anullo
1315 941 1466 1005 umquam
1491 919 1620 984 homine
1637 922 1738 1006 possit
1756 924 1802 984 in·

26 1089 27 1092 ,
129 1023 225 1108 iringi
249 1023 303 1087 vel
328 1023 451 1105 violari,
476 1047 534 1111 par
556 1047 760 1090 communem
792 1029 951 1092 notarium
975 1028 1144 1092 nostrum¹
1168 1024 1335 1090 Sabatium
1360 1025 1625 1090 subdiaconuml
1651 1025 1748 1090 scribi
1773 1037 1805 1090 et

26 1201 27 1220 ἶ
130 1128 234 1213 sigillo
259 1131 360 1194 sancti
386 1128 518 1194 Domnii
542 1131 731 1197 communiri
755 1130 901 1198 fecimus.
935 1131 1039 1196 Huius
1064 1131 1183 1218 quippe
1217 1130 1387 1196 concordie
1413 1132 1464 1193 isti
1502 1141 1576 1194 sunt
1614 1142 1739 1194 actores
1774 1140 1806 1194 et

129 1243 246 1300 testes:
271 1233 459 1300 Grubessca
482 1255 600 1312 comes,
627 1235 766 1316 Vilootta
789 1237 898 1315 iudex,
924 1236 1019 1300 Petra
1043 1237 1083 1300 de
1105 1235 1281 1321 Sagarella,
1307 1234 1416 1298 Micha
1439 1235 1478 1300 de
1500 1233 1704 1318 Malautrata,
1727 1235 1804 1299 For-

26 1405 27 1408 ,
130 1340 236 1403 minus
261 1338 475 1418 Constantini,
500 1339 596 1405 Petne
619 1341 660 1406 de
683 1341 809 1423 Rufius,
846 1341 1025 1406 'l'almatius
1055 1339 1223 1406 Johannes
1257 1340 1297 1404 de
1331 1339 1455 1422 Marco,
1492 1342 1633 1426 iupanus
1667 1339 1808 1426 Dragus,

26 1475 27 1478 ¹
131 1442 278 1508 Gaudius
301 1445 334 1510 Si
344 1447 430 1526 riazi,
454 1445 621 1510 Johsunes
645 1447 779 1526 Buaula,
806 1445 909 1528 Patre,
934 1445 1030 1518 lilius¹
1044 1444 1154 1524 Stresi,
1173 1443 1286 1510 Nicola
1303 1443 1501 1512 Caloiunnis.
1533 1446 1657 1527 Stosae,
1674 1446 1806 1528 Mathia,

26 1621 28 1626 ,
130 1548 215 1613 lilius
238 1547 353 1631 Marci,
378 1550 482 1632 Petra,
507 1552 592 1620 lilius
614 1551 713 1634 Mille,
738 1551 907 1616 Prodanue
931 1551 971 1616 de
993 1549 1094 1632 Oicla,
1119 1549 1242 1632 Michs,
1265 1550 1351 1614 filius
1383 1549 1535 1630 Prodani,
1568 1551 1688 1632 Streza,
1720 1551 1806 1614 filius

26 1663 28 1710 ὲ
130 1653 273 1734 Tirmisi,
295 1655 450 1720 Juauus³
472 1657 571 1720 frater
594 1659 730 1739 comitis,
754 1656 908 1734 Marinus,
934 1655 1021 1720 filius
1041 1655 1142 1720 Paule
1173 1665 1205 1720 et
1237 1654 1335 1719 frater
1359 1658 1426 1720 eius
1461 1655 1639 1738 Johannes,
1685 1655 1807 1738 Debre,

26 1787 28 1796 ι
130 1757 213 1826 filius
244 1757 344 1840 Mari,
381 1759 515 1846 Magon,
552 1761 637 1826 filius
673 1761 846 1846 Μιιιᾞο,4
879 1762 1036 1842 Duimus,
1078 1759 1164 1825 filius
1205 1761 1359 1841 Pinose⁵,
1395 1760 1584 1844 lohannes,
1618 1761 1701 1826 filius
1737 1761 1807 1825 Da-

26 1897 27 1900 *
131 1863 231 1928 breue
256 1863 394 1952 Gumay.

281 1968 454 2035 Sciendum
476 1993 619 2058 namque
643 1983 700 2056 est,
724 1972 812 2059 quod
835 1974 1042 2052 territorium,
1066 1971 1151 2037 unde
1175 1970 1350 2037 interillos
1375 1971 1527 2058 placitum
1554 1972 1621 2054 fuit,
1646 1981 1696 2037 est
1728 1975 1805 2037 inci-

26 2091 28 2098 ·
132 2077 239 2162 pisata
263 2077 304 2142 de
325 2099 463 2164 super-a
486 2079 628 2164 vipera„⁶
650 2077 811 2166 quomodo
834 2077 925 2144 vadit
947 2076 1086 2164 predel⁷
1120 2079 1222 2141 sancti
1255 2077 1399 2160 Domnii,
1434 2101 1537 2162 usque
1573 2075 1724 2142 deorsum
1760 2079 1801 2142 ad

26 2209 28 2246 ε
132 2183 215 2246 uam
241 2203 340 2269 supra
363 2205 461 2264 mare,
486 2203 550 2268 qua
573 2185 636 2248 itur
659 2183 864 2268 Tragurium,
887 2193 919 2248 et
941 2183 1017 2248 inde
1040 2181 1081 2246 ad
1108 2191 1214 2268 partes
1246 2183 1425 2248 occidentis
1461 2185 1593 2268 usque⁸
1627 2183 1668 2270 ad
1703 2193 1806 2249 terras

132 2285 171 2350 de
208 2287 419 2374 Messgaliua,
455 2297 487 2352 et
520 2289 561 2354 ab
597 2290 705 2374 ipsis'
738 2291 833 2354 terris
865 2289 906 2354 ds
939 2288 1140 2372 Mesagaliua
1168 2289 1282 2352 iterum
1307 2309 1435 2352 sursum
1460 2291 1544 2353 sicut
1577 2287 1666 2352 vadit
1700 2299 1804 2374 potoc.

26 2405 28 2484 j
132 2389 252 2457 Omnes
286 2394 397 2479 utique
426 2403 519 2475 terre,
550 2416 612 2478 qus
631 2395 658 2431 ¹⁰
687 2395 770 2458 inter
796 2404 890 2479 potoe
913 2403 945 2457 et
967 2393 1078 2480 predel
1101 2390 1358 2459 sancti-Domnii
1384 2403 1466 2476 sunt,
1487 2395 1681 2482 monasterio
1704 2397 1806 2458 sancti

26 2489 28 2580 ῗ
132 2495 309 2578 Benedicti,
333 2498 441 2570 ablato
464 2499 551 2562 omni
574 2498 807 2564 incredulitatis
831 2521 949 2578 errore,
973 2498 1041 2562 fore
1066 2507 1314 2584 cognoscuntur.
1333 2501 1359 2537 ¹¹

26 2593 28 2688 f
281 2601 354 2688 Ego
378 2606 486 2689 itaque
505 2605 531 2642 ¹⁹
554 2602 713 2684 Sabatina,
731 2603 958 2685 subdiaconus,
982 2605 1128 2675 comunis
1147 2607 1301 2686 notarius,
1318 2603 1413 2668 huius
1430 2603 1554 2689 placitis
1570 2604 1623 2668 vel
1639 2604 1808 2671 concordie

26 2733 27 2736 ¹
132 2711 290 2790 conscius,
316 2707 356 2772 de
381 2708 530 2772 mandato
554 2711 679 2773 comitis
703 2707 870 2773 Grubesce
890 2719 922 2772 et
943 2711 1040 2773 totius
1065 2710 1152 2774 curie
1176 2709 1217 2774 ad
1234 2732 1310 2796 sepe
1329 2719 1471 2774 notatum
1493 2711 1689 2774 territorium
1705 2709 1806 2790 adfui,

26 2883 27 2902 2
133 2834 267 2896 eumque
291 2813 569 2908 circumienshoc
592 2813 796 2899 priuilegium
822 2815 997 2900 composui,
1022 2816 1135 2900 scripsi
1161 2823 1324 2880 attestor.

26 3067 27 3090 ,
283 3009 388 3066 Matios
412 3029 463 3066 ore
486 3011 589 3080 listins,
612 3029 649 3066 na
671 3011 774 3082 velikoj
800 3012 961 3084 pergameni
980 3013 1087 3083 pisana,
1108 3015 1189 3068 dosta
1211 2979 1300 3069 dobro
1324 3013 1475 3081 saturans,
1501 3015 1509 3067 i
1534 3031 1610 3068 mmo
1638 3032 1675 3069 na
1708 3015 1805 3084 nJelrih

26 3113 27 3152 1
136 3097 262 3168 okrajcih
285 3097 435 3167 izltedena,
459 3100 531 3154 duva
554 3116 584 3153 se
606 3117 625 3152 u
648 3100 746 3154 arkivu
770 3099 964 3170 kaludjerieah
988 3119 1029 3158 ss.
1054 3100 1142 3154 Maris
1167 3118 1185 3156 u
1209 3101 1310 3170 Zadru,
1335 3103 1370 3156 od
1393 3102 1475 3156 adole
1497 3101 1553 3155 vidi
1588 3119 1618 3156 se
1641 3105 1742 3172 mjesto
1765 3103 1803 3155 iz·

134 3185 267 3257 gubljene
289 3185 391 3257 petati.
417 3187 567 3262 Steniuski,
593 3183 648 3242 dini
665 3205 696 3242 re
718 3188 874 3242 suvremeni
898 3189 1001 3258 prepis,
1025 3188 1114 3243 nalazi
1139 3205 1169 3243 se
1193 3205 1210 3244 u
1233 3189 1369 3258 knjitnici
1390 3189 1613 3261 jugosluvenske
1630 3190 1803 3260 akadernije.

479 3474 658 3562 uxulv.
686 3480 799 3561 1188.
827 3479 862 3563 5.
890 3479 1071 3583 svibnja.
1099 3479 1195 3563 Kod
1224 3482 1467 3581 osnogona.
1500 3481 1501 3484 ‘

135 3657 209 3720 Belo
230 3659 301 3722 ΙΙΙ.
324 3661 405 3734 krulj
428 3662 552 3736 aqurslra'
574 3664 586 3719 i
608 3661 744 3719 trootslri
763 3661 932 3734 poturdjuq'e
954 3665 1127 3720 sumostunu
1149 3678 1191 3724 so.
1210 3663 1307 3721 launo
1322 3663 1379 3724 Eu.
1397 3681 1418 3720 u
1433 3663 1623 3738 asydus‘ajem
1640 3663 1804 3741 neurada,

26 3759 28 3770 ²
246 3784 303 3826 soa
324 3783 383 3826 ono
403 3765 501 3840 prava
522 3767 535 3824 i
557 3767 676 3844 dorosa,
701 3763 766 3844 lrojc
789 3785 839 3824 mu
855 3767 1001 3840 podiatae
1021 3768 1149 3842 trutisvi
1170 3769 1305 3828 hroutsln'
1327 3769 1477 3827 Kresimir
1501 3772 1512 3827 t
1535 3767 1695 3829 Svoenimir.

291 3957 327 4022 In
351 3957 478 4020 uomina
501 3955 623 4020 domini
646 3963 678 4020 et
701 3953 871 4020 saluatoris
893 3958 994 4020 nostri
1017 3955 1120 4021 Jhesu
1145 3955 1276 4020 Christi.
1295 3955 1390 4020 Anno
1408 3955 1552 4020 eiusdem
1569 3957 1806 4020 incarnacionis

26 4061 28 4076 '
138 4060 307 4127 millesimo
323 4061 498 4126 centesimo
514 4062 711 4145 octogesimo
727 4069 850 4141 octauo,
868 4060 909 4124 ll.
923 4084 1025 4126 nouas
1042 4062 1148 4144 madii,
1162 4061 1336 4126 indictione
1354 4060 1410 4142 VI,
1428 4061 1495 4146 (ad)
1511 4059 1726 4145 Strigonium„
1737 4061 1809 4147 Ego

26 4165 28 4256 l
142 4165 217 4234 bela
240 4168 370 4246 tercius,
395 4163 507 4251 Geyce
528 4168 614 4250 regis
637 4165 733 4248 filius,
757 4165 809 4231 dei
833 4168 937 4252 gratia
960 4167 1136 4253 Hungarie,
1161 4167 1339 4248 Dalmacis,
1365 4165 1532 4248 Chromis,
1554 4165 1719 4252 Rameque
1742 4189 1810 4241 rex,

26 4257 28 4340 l
140 4293 338 4357 cognoscens
366 4280 398 4335 et
421 4270 556 4335 firmiter
578 4281 691 4336 teneus
715 4273 796 4357 regii
820 4294 891 4337 esse
914 4271 1012 4338 officii
1034 4273 1076 4338 ad
1097 4273 1250 4338 honorem
1276 4283 1308 4336 et
1324 4271 1559 4336 exaltacionem
1577 4271 1712 4337 ecclesie
1732 4275 1807 4336 totis

138 4377 304 4441 intendere
328 4373 460 4458 viribus,
484 4385 517 4439 et
539 4376 759 4442 ecclesiastica
784 4399 840 4463 pro
863 4379 933 4441 iure
956 4400 1013 4444 suo
1035 4401 1175 4454 seruare,
1200 4399 1329 4462 augere,
1354 4378 1395 4441 ab
1420 4377 1623 4442 inuasoribus
1647 4387 1806 4463 potestate

26 4475 27 4530 Ϊ
139 4481 251 4547 celitus
273 4481 335 4548 sibi
357 4479 433 4545 data
456 4479 639 4548 defendere.
664 4482 861 4546 Monasterio
885 4485 988 4548 sancti
1011 4483 1169 4548 Johannis
1191 4485 1223 4548 in
1248 4483 1367 4548 finibus
1393 4482 1560 4547 Dalmacie
1584 4483 1654 4566 sito,
1667 4485 1701 4546 in
1720 4482 1809 4565 urbe,

257 4794 261 4802 ,
301 4730 498 4807 ¹Uprepiru
518 4753 572 4792 ova
594 4735 652 4792 ried
674 4737 868 4808 izostavljena.
916 4731 1045 4809 ⁹Upr.
1068 4737 1261 4808 iaostarljeno.
1309 4730 1539 4807 ³Uoriginalu
1562 4735 1678 4790 nemete
1708 4752 1738 4790 se
1770 4734 1808 4790 ei-

141 4823 198 4880 tsti.
247 4817 313 4880 ⁴1]
335 4841 377 4894 pr.
402 4822 477 4878 lilius
500 4824 600 4895 Murgs
622 4825 814 4896 iaostavljeuo.
864 4819 1044 4882 ⁵Uiavoru
1067 4826 1184 4882 nemete
1207 4842 1237 4880 se
1260 4841 1312 4880 ovo
1333 4823 1388 4878 ime
1412 4821 1502 4883 ditati.
1549 4816 1675 4893 ‘’Upr.
1694 4823 1811 4878 iaostuv·

141 4907 222 4979 beno.
271 4904 502 4967 ⁷Uiaroruiku
526 4916 641 4968 aemuia
663 4929 695 4967 se
717 4912 795 4968 ditati
817 4929 870 4968 ovs
892 4912 960 4971 ried.
1008 4897 1130 4968 Θ(ῗιιεὶιί
1161 4912 1318 4984 posliednje
1348 4909 1416 4965 riedi
1451 4929 1467 4964 ιι
1502 4911 1617 4981 prepisu
1647 4909 1806 4980 iapuic'ene.

143 4991 269 5069 ⁰Upr.
292 5016 310 5053 a
331 5000 422 5057 terris.
474 4993 502 5030 ¹⁰
524 4998 551 5055 U
573 5017 614 5070 pr.
638 5018 676 5055 ns
699 5004 797 5072 mjesto
822 5001 841 5054 4
865 5001 1035 5072 poslicdnjih
1059 4999 1154 5070 riedib,
1179 5007 1278 5057 totum.
1329 4993 1355 5030 ¹¹
1379 4997 1423 5057 Od
1447 4997 1513 5052 riedi
1537 5017 1559 5050 s.
1593 4997 1738 5052 Benedicti
1773 4999 1808 5051 do

143 5082 221 5156 krsja
242 5103 262 5141 u
285 5103 327 5156 pr.
352 5104 400 5141 sse
422 5085 615 5164 irostarljano,
638 5105 716 5143 sumo
748 5085 809 5145 ried
839 5091 917 5156 ,est“
944 5088 1099 5159 pripisaus.
1136 5081 1178 5119 '¹⁹
1201 5087 1226 5143 U
1257 5086 1370 5158 prepisu
1394 5086 1467 5157 glasi
1494 5084 1579 5139 arrha
1609 5085 1715 5142 ovako:
1750 5083 1812 5155 Ego

141 5169 269 5252 Sabatina
292 5173 482 5254 subdiaconus
505 5175 674 5246 spalatensis
696 5175 832 5254 notarius,
856 5177 1047 5232 demandato
1070 5176 1179 5256 comitis
1202 5173 1348 5231 Grubesce
1371 5180 1400 5228 et
1422 5173 1509 5228 totius
1528 5173 1605 5228 curie
1628 5173 1682 5228 hoc
1697 5171 1811 5243 priuile-

143 5259 217 5330 gium'
239 5261 340 5333 scripsi
362 5267 507 5320 attestor.

1693 5357 1711 5398 a
