4310 5918
343 417 406 484 1⁴8

339 610 461 701 Apriao
485 637 592 701 regern
624 616 862 700 Chresimirum,
888 639 926 680 ac
952 620 1096 700 reginam
1133 616 1271 704 hospitio
1293 619 1444 704 suscepit,
1461 615 1561 702 regali
1579 626 1736 702 apparatu
1751 613 1800 682 'eis
1822 639 1937 682 cenam
1964 621 2020 682 mi·
2135 645 2136 660 2

337 722 494 803 nistrauit,
512 745 575 808 qua
599 733 737 810 peracta,
761 745 816 786 eos
840 721 937 806 largis
963 723 1148 789 muneribus
1172 723 1350 788 honorauit.
1368 719 1447 808 Regi
1466 746 1523 809 per
1546 745 1581 788 se
1604 727 1760 808 optimum
1785 747 1922 810 puerum
1946 747 2017 789 cum

338 831 457 916 optimo
487 851 569 915 equo
588 831 741 910 attribuit,
758 831 868 914 regine
885 853 961 895 vero
989 829 1137 894 ancillam
1162 833 1313 917 optimam
1339 830 1481 908 donauit,
1506 840 1537 893 et
1558 831 1642 914 regis
1668 829 1868 895 sebitanosse
1893 841 2019 894 scutum

337 947 369 1001 et
386 935 539 1016 lanceam,
563 947 595 1000 et
618 937 689 999 aliis
713 935 850 1000 diuersis
888 935 1017 1000 diuersa
1051 936 1139 1000 dedit
1163 959 1305 1018 munera,
1329 936 1409 1001 alias
1433 957 1511 1002 vero
1534 947 1637 1001 terrae
1661 938 1886 1001 interiacentes
1911 937 2015 1002 eidem

337 1063 397 1107 rex
425 1041 621 1106 condonauit
650 1044 844 1106 monasterio
875 1044 976 1106 sancti
1000 1041 1135 1106 Joannis
1160 1041 1221 1106 sub
1243 1049 1387 1128 tempore
1411 1041 1496 1107 Petri
1521 1041 1658 1106 abbatis.

493 1171 683 1228 Polichorion.
704 1173 731 1229 U
755 1173 853 1228 arkivu
876 1173 938 1228 aad.
961 1172 1121 1245 gubernija.

915 1459 1127 1542 CLXXX.
1155 1457 1421 1542 roto-1074.

338 1629 435 1692 Rasin
457 1629 586 1690 Morstid
609 1629 715 1703 duritie
737 1597 911 1690 somostanu
933 1647 977 1693 so.
1003 1631 1099 1690 Petra
1115 1632 1172 1689 lrod
1187 1631 1292 1691 Solino
1310 1632 1388 1704 scaje
1403 1631 1505 1704 aemljc
1525 1649 1545 1689 u
1572 1630 1740 1700 Trsteuilru,
1765 1630 1830 1702 trojo
1858 1630 2023 1701 dorovcnje

920 1738 1042 1809 potarat
1066 1735 1168 1796 Stante
1192 1738 1273 1810 lereti
1295 1737 1440 1796 brantott.
1545 1783 1548 1790 .

494 1907 631 1974 Breuem
657 1908 913 1974 recordationem
939 1907 1021 1972 facio
1055 1931 1114 1992 ego
1140 1907 1292 1988 Rusinus,
1318 1910 1371 1994 qui
1396 1917 1426 1971 et
1449 1907 1631 1989 Morsticue,
1666 1907 1706 1972 de
1738 1911 1832 1972 terris
1857 1931 1921 1995 que
1946 1917 2023 1972 sunt

338 2016 372 2078 in
396 2013 587 2097 Triatenioo,
612 2037 686 2100 pars
711 2037 773 2100 que
807 2014 882 2078 milri
909 2015 1052 2098 contigit,
1086 2013 1158 2078 volo
1182 2027 1213 2078 et
1238 2015 1332 2079 iubeo
1358 2026 1391 2078 ut
1413 2008 1477 2078 sint
1498 2016 1530 2076 in
1556 2015 1751 2078 monasterio
1786 2017 1888 2078 sancti
1921 2014 2022 2094 Petri,

338 2141 395 2206 pro
418 2121 559 2185 remedio
583 2123 700 2184 anime.
725 2120 807 2184 Nam
832 2124 857 2185 si
883 2123 955 2206 quis
982 2143 1052 2184 eam
1078 2119 1266 2184 subtrahere
1290 2121 1523 2208 (temptauerit)
1562 2123 1679 2184 iratum
1705 2120 1821 2184 babeat
1844 2124 1966 2184 trinum
1993 2132 2025 2184 et

337 2248 435 2291 unum
459 2225 564 2309 deum,
589 2237 621 2290 et
645 2249 749 2290 ineam
774 2225 1044 2291 maledictionem.
1074 2224 1193 2290 Oblata
1229 2237 1303 2291 sunt
1330 2238 1435 2292 autem
1470 2225 1531 2291 hec
1554 2249 1662 2290 coram
1686 2226 1792 2292 Preda
1815 2227 1879 2293 filio
1904 2226 2021 2314 Stepa·

336 2333 399 2397 nici
424 2344 455 2396 et
477 2331 645 2417 Dragisse.
667 2332 816 2418 Denique
849 2341 1078 2418 postmortem
1113 2332 1227 2417 prefati
1259 2333 1414 2415 Moretici,
1446 2334 1534 2396 venit
1566 2356 1648 2396 uxor
1679 2335 1747 2398 eiua
1772 2343 1804 2396 et
1826 2333 2022 2398 affiirmauit

335 2437 475 2526 prefatas
499 2448 610 2519 terras,
635 2461 741 2504 coram
772 2437 1123 2524 presbytero'Vilcane,
1148 2448 1179 2502 et
1202 2437 1267 2504 filio
1283 2437 1399 2502 Mileso
1424 2451 1455 2503 et
1477 2437 1609 2502 Rusello
1627 2437 1691 2504 lilio
1716 2439 1845 2520 Souine,
1870 2453 1902 2504 ct
1925 2439 2021 2503 Desi-

335 2548 416 2610 miro
440 2544 506 2609 filio
530 2544 686 2626 Dreuaro,
711 2567 771 2609 nec
796 2567 858 2609 non
882 2544 1039 2610 Deciano.
1065 2544 1181 2608 Postea
1205 2547 1291 2609 venit
1314 2544 1426 2610 Slauiz
1450 2568 1519 2626 rex,
1545 2555 1575 2609 et
1599 2545 1821 2609 corroborauit
1853 2547 2019 2631 prenomi-

335 2661 427 2715 natae
458 2659 570 2732 terras,
604 2673 710 2714 coram
735 2649 830 2714 Petro
856 2649 948 2728 bano,
974 2661 1006 2714 et
1030 2650 1178 2715 Sarubba
1210 2652 1337 2736 iupano,
1366 2660 1398 2714 et
1429 2649 1500 2715 Ded
1531 2649 1595 2716 filio
1627 2649 1769 2733 Olimini,
1803 2662 1834 2715 et
1868 2650 2019 2717 Vulcano

335 2760 466 2832 setnico,
491 2769 523 2821 et
545 2755 673 2821 Juuano
697 2754 763 2820 filio
786 2755 923 2820 brauaro
949 2768 980 2818 ot
1001 2755 1105 2820 Zurra
1122 2754 1188 2821 lilio
1213 2755 1357 2842 Tripuni,
1377 2757 1547 2844 presbyter
1563 2757 1697 2839 Panesa,
1716 2757 1862 2822 Budimir
1883 2761 2021 2844 tepciza,
2135 2749 2136 2752 ¹

224 2927 233 2946 ,
335 2875 368 2929 et
397 2863 566 2950 presbyter
597 2861 741 2927 Vilcano.
775 2861 900 2926 Ibidem
925 2861 1034 2928 Slauia
1057 2875 1130 2926 ante
1154 2862 1285 2926 eosdem
1307 2873 1414 2945 testes,
1440 2867 1524 2928 sicot
1562 2875 1684 2950 partem
1709 2863 1817 2929 fratris
1850 2867 1899 2928 sui
1931 2863 2021 2930 affir-

335 2971 444 3051 mauit,
468 2971 515 3034 sic
539 2991 628 3033 suani
655 2979 786 3054 partem,
811 2991 906 3054 quam
927 2969 971 3034 ibi
997 2969 1136 3033 habebat
1160 2971 1191 3032 in
1216 2969 1327 3034 eadem
1360 2970 1506 3052 ecelesia,
1543 2994 1600 3058 pro
1638 2971 1780 3036 remedio
1810 2973 1917 3036 anime
1951 2995 2021 3056 sue,

333 3100 395 3142 neo
420 3099 483 3142 non
507 3077 556 3141 sui
579 3074 687 3140 fratris
711 3075 940 3162 perpetualiter
972 3075 1115 3140 contulit

492 3223 614 3296 Regesta
636 3231 797 3282 samostana
821 3242 863 3282 sv.
888 3225 972 3280 Petra
1002 3221 1200 3296 gurnajskogo,
1224 3231 1271 3279 atr.
1299 3225 1348 3280 16.
1373 3225 1488 3297 rukopis
1512 3227 1560 3281 Xll
1588 3222 1682 3298 vieka,
1715 3226 1787 3284 duva
1817 3245 1847 3284 ee
1870 3244 1891 3286 u
1916 3229 2021 3286 arkivu

335 3311 451 3383 kaptola
474 3313 642 3391 splietekog.
675 3313 769 3384 Noviji
793 3311 887 3384 prepia
918 3331 935 3366 u
959 3313 1113 3382 rukopisu:
1145 3311 1334 3369 instromenta
1366 3313 1588 3370 fundamentalia
1611 3333 1723 3371 mensae
1753 3316 2018 3390 archiepiscopatus

336 3400 518 3474 spalatensis,
542 3419 559 3457 u
583 3403 666 3474 mojoj
692 3403 780 3471 bivloj
805 3400 890 3456 sbirci
912 3401 973 3470 broj
1000 3401 1071 3454 287.
1095 3407 1143 3454 etr.
1169 3401 1218 3455 53.

723 3697 958 3782 ccxxxi.
985 3696 1097 3781 1074.
1125 3695 1190 3780 20.
1218 3695 1388 3801 otnkn.
1418 3697 1455 3782 U
1485 3697 1615 3783 ltimu

337 3861 438 3938 Grpur
455 3879 540 3936 papo
568 3860 640 3922 VII.
665 3860 770 3921 calaio
803 3860 1026 3933 dutrooc'ononn
1049 3861 1088 3920 de
1111 3879 1200 3935 scopo
1226 3862 1352 3934 biskapo
1383 3863 1489 3930 Vitolo,
1516 3865 1570 3937 top
1586 3865 1661 3937 bjede
1676 3865 1820 3934 actuoriti,
1843 3867 1872 3925 ia
1894 3873 2021 3928 aatoora

334 3969 457 4043 tepuere,
480 3969 491 4026 i
512 3967 551 4026 da
572 3985 612 4043 pa
634 3972 743 4042 eutrop
765 3971 847 4026 stoue
877 3984 917 4025 no
943 3963 1106 4041 biskupstu
1121 3969 1226 4027 stortae
1250 3983 1286 4025 ao
1310 3968 1380 4040 troja
1397 3967 1445 4026 oet
1468 3967 1599 4042 ἄναρθρα
1622 3971 1750 4028 taetrae·
1773 3971 1869 4044 bjehu.
1900 3973 2020 4046 Wedno

688 4125 690 4130 .
737 4073 847 4147 podilja
868 4089 889 4132 tt
912 4071 1087 4132 Dubroonilt
1112 4072 1242 4132 Giroldo
1264 4073 1319 4132 tuo
1343 4089 1431 4147 scopa
1447 4075 1619 4146 posterulae.

1003 4207 1161 4274 Omnibus
1185 4207 1352 4293 Raguseis.

492 4351 668 4439 Gregorius
685 4351 853 4438 episcopus
870 4373 983 4416 seruus
1000 4373 1166 4414 seruorum
1184 4349 1245 4432 dei,
1263 4349 1410 4414 omnibus
1429 4349 1587 4436 Raguseis
1604 4351 1738 4418 salutem
1757 4367 1788 4416 et
1803 4354 2017 4440 apostolicam

334 4460 603 4544 benedictionem,
628 4459 655 4523 si
678 4456 867 4523 obedierint.
900 4457 1050 4521 Peruenit
1073 4454 1114 4520 ad
1138 4479 1232 4520 aures
1257 4469 1382 4520 nostras
1407 4479 1464 4522 ros
1489 4458 1628 4524 Vitalem
1653 4463 1839 4547 episcopum
1872 4475 2018 4527 vestrum

334 4569 468 4655 cepisse,
504 4575 535 4632 et
569 4588 607 4630 eo
641 4567 673 4628 in
713 4563 858 4628 custodia
896 4573 928 4628 et
951 4561 1087 4628 vinculis
1119 4565 1233 4649 posito,
1257 4560 1354 4626 alium
1378 4564 1471 4628 vobis
1504 4566 1535 4627 in
1558 4568 1743 4650 episcopum
1778 4566 1924 4651 elegisse,
1952 4591 2018 4655 que

336 4674 469 4761 quidem
493 4696 544 4738 res
568 4694 664 4760 quam
689 4673 731 4736 sit
753 4670 944 4752 inordinata,
961 4693 1056 4757 quam
1074 4671 1192 4754 iniqua,
1211 4691 1306 4756 quam
1339 4671 1521 4750 criminosa,
1546 4693 1642 4756 quem
1665 4671 1783 4734 diuinis
1810 4684 1841 4735 et
1863 4671 2017 4739 humanis

336 4780 464 4864 legibus
482 4779 652 4860 contraria,
671 4776 750 4841 nulli
766 4775 908 4841 fidelium
926 4781 958 4840 in
977 4777 1074 4841 dubio
1092 4799 1164 4841 esse
1183 4776 1352 4840 credimus.
1378 4775 1517 4840 Proinde
1542 4779 1687 4841 misimus
1711 4777 1752 4842 ad
1776 4799 1834 4842 vos
1858 4778 2017 4845 dilectum

334 4888 466 4953 fratrem
491 4903 631 4951 nostrum
657 4882 825 4949 Giraldum
862 4887 1067 4970 sypontinurn
1091 4880 1379 4968 archiepiscopum,
1413 4891 1448 4946 ut
1481 4883 1514 4945 in
1548 4881 1609 4946 bac
1639 4905 1673 4947 re
1704 4896 1814 4948 nostra
1848 4883 2015 4972 legatione

334 4993 483 5078 fungens,
508 4993 659 5057 iustitiam
675 4990 750 5056 inde
774 4989 1090 5054 decerneredebeat.
1108 4987 1341 5052 Ammonemus
1357 4989 1478 5074 itaque,
1502 4997 1534 5052 et
1556 4991 1732 5074 apostolica
1756 4990 1848 5054 vobis
1872 4995 2017 5056 auctori·

334 5109 400 5165 tste
433 5099 636 5186 precipimus,
671 5107 705 5160 ut
735 5095 880 5160 relaxato
915 5096 1076 5181 episcopo,
1109 5115 1204 5181 quem
1238 5095 1269 5156 in
1302 5094 1449 5178 captione
1481 5096 1604 5174 tenetis,
1637 5096 1669 5157 in
1702 5097 1864 5180 presentia
1898 5098 2017 5182 prefati

292 5263 295 5270 .
336 5203 572 5292 archiepiscopi
596 5203 804 5282 conueniatis,
838 5212 869 5266 et
890 5199 931 5264 ad
954 5200 1137 5264 faciendum
1169 5221 1266 5286 super
1289 5199 1351 5263 hac
1374 5223 1408 5264 rc
1433 5201 1619 5264 canonicam
1641 5202 1806 5281 iustitiam,
1830 5212 1862 5266 et
1883 5205 1916 5268 in
1938 5203 2015 5270 aliis

336 5313 431 5377 etiam
456 5307 683 5375 ecclesiasticis
707 5309 823 5389 causis,
842 5330 904 5394 que
928 5309 1084 5370 intervos
1102 5305 1291 5391 corrigende
1317 5315 1399 5389 eunt,
1416 5305 1560 5388 eandem,
1586 5329 1680 5394 quam
1717 5319 1826 5374 nostre
1850 5313 2014 5396 presentie

335 5417 503 5508 deberetis,
527 5414 740 5482 obedientiam
768 5425 800 5478 et
820 5413 963 5478 fauorem
988 5411 1178 5479 exhibeatis.
1204 5409 1299 5492 Quod
1323 5413 1350 5477 si
1375 5414 1514 5500 peccatis
1531 5413 1788 5502 impedientibus,
1804 5437 1902 5482 causa
1924 5417 2015 5508 apud
