<?xml version="1.0" encoding="UTF-8"?>
<!DOCTYPE html PUBLIC "-//W3C//DTD XHTML 1.0 Transitional//EN"
    "http://www.w3.org/TR/xhtml1/DTD/xhtml1-transitional.dtd">
<html xmlns="http://www.w3.org/1999/xhtml" xml:lang="en" lang="en">
 <head>
  <title>
</title>
<meta http-equiv="Content-Type" content="text/html;charset=utf-8" />
  <meta name='ocr-system' content='tesseract 3.04.00' />
  <meta name='ocr-capabilities' content='ocr_page ocr_carea ocr_par ocr_line ocrx_word'/>
</head>
<body>
  <div class='ocr_page' id='page_1' title='image "./codexdiplomatic00unkngoog_0110.png"; bbox 0 0 4310 5918; ppageno 0'>
   <div class='ocr_carea' id='block_1_1' title="bbox 296 423 337 491">
    <p class='ocr_par' dir='ltr' id='par_1_1' title="bbox 296 423 337 491">
     <span class='ocr_line' id='line_1_1' title="bbox 296 423 337 491; baseline 0.024 -1"><span class='ocrx_word' id='word_1_1' title='bbox 296 423 337 491; x_wconf 80' lang='lat'><strong>70</strong></span> 
     </span>
    </p>
   </div>
   <div class='ocr_carea' id='block_1_2' title="bbox 285 613 1976 3786">
    <p class='ocr_par' dir='ltr' id='par_1_2' title="bbox 285 613 1976 3786">
     <span class='ocr_line' id='line_1_2' title="bbox 294 613 1974 705; baseline 0.003 -22"><span class='ocrx_word' id='word_1_2' title='bbox 294 620 418 684; x_wconf 78' lang='lat' dir='ltr'><strong>aninam</strong></span> <span class='ocrx_word' id='word_1_3' title='bbox 444 627 475 682; x_wconf 89' lang='lat' dir='ltr'><strong>et</strong></span> <span class='ocrx_word' id='word_1_4' title='bbox 498 625 532 680; x_wconf 91' lang='lat' dir='ltr'><strong>ut</strong></span> <span class='ocrx_word' id='word_1_5' title='bbox 554 615 744 680; x_wconf 85' lang='lat' dir='ltr'><strong>Luonaniaa</strong></span> <span class='ocrx_word' id='word_1_6' title='bbox 776 623 807 680; x_wconf 90' lang='lat' dir='ltr'><strong>et</strong></span> <span class='ocrx_word' id='word_1_7' title='bbox 830 613 929 702; x_wconf 87' lang='lat' dir='ltr'><strong>Sulpa</strong></span> <span class='ocrx_word' id='word_1_8' title='bbox 952 615 993 681; x_wconf 90' lang='lat' dir='ltr'><strong>de</strong></span> <span class='ocrx_word' id='word_1_9' title='bbox 1014 615 1142 703; x_wconf 87' lang='lat' dir='ltr'><strong>alpibus</strong></span> <span class='ocrx_word' id='word_1_10' title='bbox 1165 617 1278 700; x_wconf 86' lang='lat' dir='ltr'><strong>fluunt,</strong></span> <span class='ocrx_word' id='word_1_11' title='bbox 1302 618 1458 705; x_wconf 91' lang='lat' dir='ltr'><strong>quicquid</strong></span> <span class='ocrx_word' id='word_1_12' title='bbox 1481 621 1564 686; x_wconf 88' lang='lat' dir='ltr'><strong>inter</strong></span> <span class='ocrx_word' id='word_1_13' title='bbox 1587 619 1645 686; x_wconf 89' lang='lat' dir='ltr'><strong>has</strong></span> <span class='ocrx_word' id='word_1_14' title='bbox 1676 621 1757 686; x_wconf 89' lang='lat' dir='ltr'><strong>duas</strong></span> <span class='ocrx_word' id='word_1_15' title='bbox 1780 643 1893 688; x_wconf 86' lang='lat' dir='ltr'><strong>amnes</strong></span> <span class='ocrx_word' id='word_1_16' title='bbox 1917 621 1974 688; x_wconf 89' lang='lat' dir='ltr'><strong>ha·</strong></span> 
     </span>
     <span class='ocr_line' id='line_1_3' title="bbox 293 721 1976 814; baseline 0.002 -23"><span class='ocrx_word' id='word_1_17' title='bbox 293 727 416 805; x_wconf 89' lang='lat' dir='ltr'><strong>bemus,</strong></span> <span class='ocrx_word' id='word_1_18' title='bbox 441 731 540 789; x_wconf 88' lang='lat' dir='ltr'><strong>totum</strong></span> <span class='ocrx_word' id='word_1_19' title='bbox 564 722 605 788; x_wconf 88' lang='lat' dir='ltr'><strong>ad</strong></span> <span class='ocrx_word' id='word_1_20' title='bbox 629 721 828 808; x_wconf 89' lang='lat' dir='ltr'><strong>praedictum</strong></span> <span class='ocrx_word' id='word_1_21' title='bbox 853 724 1081 788; x_wconf 88' lang='lat' dir='ltr'><strong>monasterium</strong></span> <span class='ocrx_word' id='word_1_22' title='bbox 1098 723 1315 807; x_wconf 78' lang='lat' dir='ltr'><strong>concedimus,</strong></span> <span class='ocrx_word' id='word_1_23' title='bbox 1333 733 1365 790; x_wconf 89' lang='lat' dir='ltr'><strong>ct</strong></span> <span class='ocrx_word' id='word_1_24' title='bbox 1379 723 1534 790; x_wconf 89' lang='lat' dir='ltr'><strong>forestum</strong></span> <span class='ocrx_word' id='word_1_25' title='bbox 1552 725 1646 790; x_wconf 88' lang='lat' dir='ltr'><strong>Susel</strong></span> <span class='ocrx_word' id='word_1_26' title='bbox 1662 749 1735 792; x_wconf 87' lang='lat' dir='ltr'><strong>curn</strong></span> <span class='ocrx_word' id='word_1_27' title='bbox 1753 749 1869 814; x_wconf 90' lang='lat' dir='ltr'><strong>panno,</strong></span> <span class='ocrx_word' id='word_1_28' title='bbox 1887 731 1976 796; x_wconf 89' lang='lat' dir='ltr'><strong>sicut</strong></span> 
     </span>
     <span class='ocr_line' id='line_1_4' title="bbox 292 817 1974 920; baseline 0.002 -23"><span class='ocrx_word' id='word_1_29' title='bbox 292 834 324 897; x_wconf 92' lang='lat' dir='ltr'><strong>in</strong></span> <span class='ocrx_word' id='word_1_30' title='bbox 350 839 506 917; x_wconf 79' lang='lat' dir='ltr'><strong>potestate</strong></span> <span class='ocrx_word' id='word_1_31' title='bbox 531 838 769 894; x_wconf 87' lang='lat' dir='ltr'><strong>antecessorum</strong></span> <span class='ocrx_word' id='word_1_32' title='bbox 802 817 983 892; x_wconf 89' lang='lat' dir='ltr'><strong>nostrorum</strong></span> <span class='ocrx_word' id='word_1_33' title='bbox 1007 827 1076 912; x_wconf 85' lang='lat' dir='ltr'><strong>fnit,</strong></span> <span class='ocrx_word' id='word_1_34' title='bbox 1109 839 1141 894; x_wconf 90' lang='lat' dir='ltr'><strong>et</strong></span> <span class='ocrx_word' id='word_1_35' title='bbox 1171 837 1292 894; x_wconf 87' lang='lat' dir='ltr'><strong>nostra.</strong></span> <span class='ocrx_word' id='word_1_36' title='bbox 1326 829 1604 920; x_wconf 89' lang='lat' dir='ltr'><strong>Venationemque</strong></span> <span class='ocrx_word' id='word_1_37' title='bbox 1636 835 1668 896; x_wconf 93' lang='lat' dir='ltr'><strong>in</strong></span> <span class='ocrx_word' id='word_1_38' title='bbox 1697 831 1801 899; x_wconf 88' lang='lat' dir='ltr'><strong>dulcis</strong></span> <span class='ocrx_word' id='word_1_39' title='bbox 1824 834 1974 918; x_wconf 86' lang='lat' dir='ltr'><strong>vallibus,</strong></span> 
     </span>
     <span class='ocr_line' id='line_1_5' title="bbox 294 934 1975 1025; baseline 0.002 -24"><span class='ocrx_word' id='word_1_40' title='bbox 294 959 389 1025; x_wconf 92' lang='lat' dir='ltr'><strong>quam</strong></span> <span class='ocrx_word' id='word_1_41' title='bbox 412 934 550 1022; x_wconf 88' lang='lat' dir='ltr'><strong>populus</strong></span> <span class='ocrx_word' id='word_1_42' title='bbox 573 955 646 998; x_wconf 91' lang='lat' dir='ltr'><strong>cum</strong></span> <span class='ocrx_word' id='word_1_43' title='bbox 670 935 881 999; x_wconf 76' lang='lat' dir='ltr'><strong>sacramentis</strong></span> <span class='ocrx_word' id='word_1_44' title='bbox 897 935 931 998; x_wconf 91' lang='lat' dir='ltr'><strong>in</strong></span> <span class='ocrx_word' id='word_1_45' title='bbox 947 941 1137 1020; x_wconf 88' lang='lat' dir='ltr'><strong>potestatem</strong></span> <span class='ocrx_word' id='word_1_46' title='bbox 1169 946 1312 1002; x_wconf 87' lang='lat' dir='ltr'><strong>nostram</strong></span> <span class='ocrx_word' id='word_1_47' title='bbox 1342 935 1536 1021; x_wconf 83' lang='lat' dir='ltr'><strong>adfirmauit,</strong></span> <span class='ocrx_word' id='word_1_48' title='bbox 1559 937 1592 1002; x_wconf 93' lang='lat' dir='ltr'><strong>id</strong></span> <span class='ocrx_word' id='word_1_49' title='bbox 1617 949 1683 1003; x_wconf 87' lang='lat' dir='ltr'><strong>est:</strong></span> <span class='ocrx_word' id='word_1_50' title='bbox 1708 939 1906 1025; x_wconf 77' lang='lat' dir='ltr'><strong>epdomadas</strong></span> <span class='ocrx_word' id='word_1_51' title='bbox 1922 939 1975 1006; x_wconf 92' lang='lat' dir='ltr'><strong>Ili</strong></span> 
     </span>
     <span class='ocr_line' id='line_1_6' title="bbox 291 1038 1972 1127; baseline 0.003 -20"><span class='ocrx_word' id='word_1_52' title='bbox 291 1053 386 1108; x_wconf 85' lang='lat' dir='ltr'><strong>antea</strong></span> <span class='ocrx_word' id='word_1_53' title='bbox 406 1041 645 1127; x_wconf 80' lang='lat' dir='ltr'><strong>aequinoctium</strong></span> <span class='ocrx_word' id='word_1_54' title='bbox 670 1038 864 1122; x_wconf 86' lang='lat' dir='ltr'><strong>autumnale,</strong></span> <span class='ocrx_word' id='word_1_55' title='bbox 889 1061 928 1104; x_wconf 90' lang='lat' dir='ltr'><strong>ac</strong></span> <span class='ocrx_word' id='word_1_56' title='bbox 949 1048 1179 1126; x_wconf 89' lang='lat' dir='ltr'><strong>posteausque</strong></span> <span class='ocrx_word' id='word_1_57' title='bbox 1215 1042 1248 1105; x_wconf 92' lang='lat' dir='ltr'><strong>in</strong></span> <span class='ocrx_word' id='word_1_58' title='bbox 1280 1041 1420 1108; x_wconf 90' lang='lat' dir='ltr'><strong>natalem</strong></span> <span class='ocrx_word' id='word_1_59' title='bbox 1452 1046 1554 1108; x_wconf 91' lang='lat' dir='ltr'><strong>sancti</strong></span> <span class='ocrx_word' id='word_1_60' title='bbox 1574 1042 1715 1125; x_wconf 88' lang='lat' dir='ltr'><strong>Martini,</strong></span> <span class='ocrx_word' id='word_1_61' title='bbox 1739 1045 1781 1110; x_wconf 90' lang='lat' dir='ltr'><strong>ad</strong></span> <span class='ocrx_word' id='word_1_62' title='bbox 1805 1047 1972 1112; x_wconf 77' lang='lat' dir='ltr'><strong>venandos</strong></span> 
     </span>
     <span class='ocr_line' id='line_1_7' title="bbox 291 1143 1972 1238; baseline 0.002 -26"><span class='ocrx_word' id='word_1_63' title='bbox 291 1169 385 1213; x_wconf 90' lang='lat' dir='ltr'><strong>ursos</strong></span> <span class='ocrx_word' id='word_1_64' title='bbox 408 1157 440 1212; x_wconf 91' lang='lat' dir='ltr'><strong>ct</strong></span> <span class='ocrx_word' id='word_1_65' title='bbox 462 1169 566 1233; x_wconf 89' lang='lat' dir='ltr'><strong>apres.</strong></span> <span class='ocrx_word' id='word_1_66' title='bbox 599 1143 652 1210; x_wconf 88' lang='lat' dir='ltr'><strong>Ad</strong></span> <span class='ocrx_word' id='word_1_67' title='bbox 683 1145 897 1210; x_wconf 88' lang='lat' dir='ltr'><strong>Lumnicham</strong></span> <span class='ocrx_word' id='word_1_68' title='bbox 927 1145 1021 1209; x_wconf 83' lang='lat' dir='ltr'><strong>iuxta</strong></span> <span class='ocrx_word' id='word_1_69' title='bbox 1050 1144 1175 1232; x_wconf 89' lang='lat' dir='ltr'><strong>Rapam</strong></span> <span class='ocrx_word' id='word_1_70' title='bbox 1199 1148 1353 1234; x_wconf 92' lang='lat' dir='ltr'><strong>quicquid</strong></span> <span class='ocrx_word' id='word_1_71' title='bbox 1389 1147 1435 1212; x_wconf 95' lang='lat' dir='ltr'><strong>ibi</strong></span> <span class='ocrx_word' id='word_1_72' title='bbox 1464 1148 1652 1231; x_wconf 88' lang='lat' dir='ltr'><strong>habuimus,</strong></span> <span class='ocrx_word' id='word_1_73' title='bbox 1678 1151 1720 1215; x_wconf 91' lang='lat' dir='ltr'><strong>ad</strong></span> <span class='ocrx_word' id='word_1_74' title='bbox 1752 1151 1972 1238; x_wconf 83' lang='lat' dir='ltr'><strong>Nezilinpach,</strong></span> 
     </span>
     <span class='ocr_line' id='line_1_8' title="bbox 290 1249 1966 1343; baseline 0.002 -25"><span class='ocrx_word' id='word_1_75' title='bbox 290 1253 333 1318; x_wconf 90' lang='lat' dir='ltr'><strong>ad</strong></span> <span class='ocrx_word' id='word_1_76' title='bbox 354 1253 526 1318; x_wconf 84' lang='lat' dir='ltr'><strong>Sabnizam</strong></span> <span class='ocrx_word' id='word_1_77' title='bbox 550 1249 742 1316; x_wconf 78' lang='lat' dir='ltr'><strong>aecclesiam</strong></span> <span class='ocrx_word' id='word_1_78' title='bbox 766 1261 798 1316; x_wconf 90' lang='lat' dir='ltr'><strong>et</strong></span> <span class='ocrx_word' id='word_1_79' title='bbox 821 1259 943 1315; x_wconf 90' lang='lat' dir='ltr'><strong>curtem</strong></span> <span class='ocrx_word' id='word_1_80' title='bbox 968 1273 1040 1316; x_wconf 91' lang='lat' dir='ltr'><strong>cum</strong></span> <span class='ocrx_word' id='word_1_81' title='bbox 1068 1253 1189 1316; x_wconf 92' lang='lat' dir='ltr'><strong>mansis</strong></span> <span class='ocrx_word' id='word_1_82' title='bbox 1211 1251 1249 1317; x_wconf 91' lang='lat' dir='ltr'><strong>L.</strong></span> <span class='ocrx_word' id='word_1_83' title='bbox 1273 1253 1356 1318; x_wconf 86' lang='lat' dir='ltr'><strong>Item</strong></span> <span class='ocrx_word' id='word_1_84' title='bbox 1387 1253 1428 1318; x_wconf 88' lang='lat' dir='ltr'><strong>ad</strong></span> <span class='ocrx_word' id='word_1_85' title='bbox 1459 1255 1594 1342; x_wconf 88' lang='lat' dir='ltr'><strong>Rapam,</strong></span> <span class='ocrx_word' id='word_1_86' title='bbox 1616 1255 1800 1343; x_wconf 87' lang='lat' dir='ltr'><strong>Tudleipin,</strong></span> <span class='ocrx_word' id='word_1_87' title='bbox 1824 1257 1874 1323; x_wconf 90' lang='lat' dir='ltr'><strong>-ad</strong></span> <span class='ocrx_word' id='word_1_88' title='bbox 1903 1255 1966 1322; x_wconf 88' lang='lat' dir='ltr'><strong>La·</strong></span> 
     </span>
     <span class='ocr_line' id='line_1_9' title="bbox 291 1355 1972 1439; baseline 0.002 -14"><span class='ocrx_word' id='word_1_89' title='bbox 291 1363 424 1425; x_wconf 89' lang='lat' dir='ltr'><strong>bantom</strong></span> <span class='ocrx_word' id='word_1_90' title='bbox 447 1359 639 1426; x_wconf 82' lang='lat' dir='ltr'><strong>aecclesiam</strong></span> <span class='ocrx_word' id='word_1_91' title='bbox 664 1359 767 1423; x_wconf 91' lang='lat' dir='ltr'><strong>sancti</strong></span> <span class='ocrx_word' id='word_1_92' title='bbox 789 1355 952 1439; x_wconf 84' lang='lat' dir='ltr'><strong>Andreae,</strong></span> <span class='ocrx_word' id='word_1_93' title='bbox 976 1359 1023 1422; x_wconf 91' lang='lat' dir='ltr'><strong>uti</strong></span> <span class='ocrx_word' id='word_1_94' title='bbox 1045 1367 1268 1424; x_wconf 84' lang='lat' dir='ltr'><strong>antecessores</strong></span> <span class='ocrx_word' id='word_1_95' title='bbox 1292 1369 1419 1424; x_wconf 88' lang='lat' dir='ltr'><strong>nostros</strong></span> <span class='ocrx_word' id='word_1_96' title='bbox 1442 1360 1484 1425; x_wconf 90' lang='lat' dir='ltr'><strong>ad</strong></span> <span class='ocrx_word' id='word_1_97' title='bbox 1508 1363 1572 1424; x_wconf 89' lang='lat' dir='ltr'><strong>iam</strong></span> <span class='ocrx_word' id='word_1_98' title='bbox 1596 1360 1972 1428; x_wconf 82' lang='lat' dir='ltr'><strong>dictummonasterium</strong></span> 
     </span>
     <span class='ocr_line' id='line_1_10' title="bbox 290 1463 1971 1552; baseline 0.001 -19"><span class='ocrx_word' id='word_1_99' title='bbox 290 1469 509 1547; x_wconf 87' lang='lat' dir='ltr'><strong>firmauerunt,</strong></span> <span class='ocrx_word' id='word_1_100' title='bbox 534 1485 607 1530; x_wconf 89' lang='lat' dir='ltr'><strong>curn</strong></span> <span class='ocrx_word' id='word_1_101' title='bbox 630 1464 757 1529; x_wconf 88' lang='lat' dir='ltr'><strong>decima</strong></span> <span class='ocrx_word' id='word_1_102' title='bbox 779 1475 815 1528; x_wconf 90' lang='lat' dir='ltr'><strong>ut</strong></span> <span class='ocrx_word' id='word_1_103' title='bbox 837 1463 884 1528; x_wconf 92' lang='lat' dir='ltr'><strong>ibi</strong></span> <span class='ocrx_word' id='word_1_104' title='bbox 904 1463 1103 1529; x_wconf 91' lang='lat' dir='ltr'><strong>consuetudo</strong></span> <span class='ocrx_word' id='word_1_105' title='bbox 1126 1473 1185 1543; x_wconf 88' lang='lat' dir='ltr'><strong>est,</strong></span> <span class='ocrx_word' id='word_1_106' title='bbox 1209 1476 1241 1530; x_wconf 89' lang='lat' dir='ltr'><strong>et</strong></span> <span class='ocrx_word' id='word_1_107' title='bbox 1254 1465 1294 1530; x_wconf 88' lang='lat' dir='ltr'><strong>de</strong></span> <span class='ocrx_word' id='word_1_108' title='bbox 1307 1466 1453 1532; x_wconf 89' lang='lat' dir='ltr'><strong>curtibus</strong></span> <span class='ocrx_word' id='word_1_109' title='bbox 1476 1469 1595 1532; x_wconf 89' lang='lat' dir='ltr'><strong>nostris</strong></span> <span class='ocrx_word' id='word_1_110' title='bbox 1619 1467 1778 1534; x_wconf 83' lang='lat' dir='ltr'><strong>adicimus</strong></span> <span class='ocrx_word' id='word_1_111' title='bbox 1801 1468 1971 1552; x_wconf 86' lang='lat' dir='ltr'><strong>decimam,</strong></span> 
     </span>
     <span class='ocr_line' id='line_1_11' title="bbox 291 1567 1973 1661; baseline 0.001 -23"><span class='ocrx_word' id='word_1_112' title='bbox 291 1574 382 1638; x_wconf 90' lang='lat' dir='ltr'><strong>utin</strong></span> <span class='ocrx_word' id='word_1_113' title='bbox 406 1573 507 1636; x_wconf 89' lang='lat' dir='ltr'><strong>sacris</strong></span> <span class='ocrx_word' id='word_1_114' title='bbox 531 1569 698 1636; x_wconf 86' lang='lat' dir='ltr'><strong>codicibus</strong></span> <span class='ocrx_word' id='word_1_115' title='bbox 722 1567 867 1652; x_wconf 87' lang='lat' dir='ltr'><strong>habetur,</strong></span> <span class='ocrx_word' id='word_1_116' title='bbox 892 1592 953 1634; x_wconf 92' lang='lat' dir='ltr'><strong>nec</strong></span> <span class='ocrx_word' id='word_1_117' title='bbox 976 1591 1040 1634; x_wconf 89' lang='lat' dir='ltr'><strong>non</strong></span> <span class='ocrx_word' id='word_1_118' title='bbox 1065 1573 1357 1656; x_wconf 87' lang='lat' dir='ltr'><strong>etsaginacionem</strong></span> <span class='ocrx_word' id='word_1_119' title='bbox 1379 1574 1522 1638; x_wconf 86' lang='lat' dir='ltr'><strong>inomni</strong></span> <span class='ocrx_word' id='word_1_120' title='bbox 1545 1573 1693 1640; x_wconf 88' lang='lat' dir='ltr'><strong>Labanta</strong></span> <span class='ocrx_word' id='word_1_121' title='bbox 1714 1573 1810 1656; x_wconf 87' lang='lat' dir='ltr'><strong>valle,</strong></span> <span class='ocrx_word' id='word_1_122' title='bbox 1834 1585 1973 1661; x_wconf 87' lang='lat' dir='ltr'><strong>excepto</strong></span> 
     </span>
     <span class='ocr_line' id='line_1_12' title="bbox 290 1663 1972 1766; baseline 0 -22"><span class='ocrx_word' id='word_1_123' title='bbox 290 1691 398 1744; x_wconf 89' lang='lat' dir='ltr'><strong>monte</strong></span> <span class='ocrx_word' id='word_1_124' title='bbox 422 1663 537 1742; x_wconf 72' lang='lat' dir='ltr'><strong>Fores&#39;t</strong></span> <span class='ocrx_word' id='word_1_125' title='bbox 552 1677 724 1751; x_wconf 81' lang='lat' dir='ltr'><strong>nominato,</strong></span> <span class='ocrx_word' id='word_1_126' title='bbox 742 1686 873 1763; x_wconf 89' lang='lat' dir='ltr'><strong>propter</strong></span> <span class='ocrx_word' id='word_1_127' title='bbox 892 1678 1096 1740; x_wconf 85' lang='lat' dir='ltr'><strong>venationem</strong></span> <span class='ocrx_word' id='word_1_128' title='bbox 1120 1685 1275 1743; x_wconf 88' lang='lat' dir='ltr'><strong>nostram.</strong></span> <span class='ocrx_word' id='word_1_129' title='bbox 1292 1678 1399 1764; x_wconf 88' lang='lat' dir='ltr'><strong>Ligna</strong></span> <span class='ocrx_word' id='word_1_130' title='bbox 1415 1701 1542 1766; x_wconf 90' lang='lat' dir='ltr'><strong>quoque</strong></span> <span class='ocrx_word' id='word_1_131' title='bbox 1559 1680 1721 1745; x_wconf 89' lang='lat' dir='ltr'><strong>seccanda</strong></span> <span class='ocrx_word' id='word_1_132' title='bbox 1736 1680 1779 1744; x_wconf 88' lang='lat' dir='ltr'><strong>ad</strong></span> <span class='ocrx_word' id='word_1_133' title='bbox 1802 1680 1972 1746; x_wconf 88' lang='lat' dir='ltr'><strong>ecclesiam</strong></span> 
     </span>
     <span class='ocr_line' id='line_1_13' title="bbox 290 1783 1972 1871; baseline 0 -20"><span class='ocrx_word' id='word_1_134' title='bbox 290 1793 324 1851; x_wconf 91' lang='lat' dir='ltr'><strong>et</strong></span> <span class='ocrx_word' id='word_1_135' title='bbox 345 1785 386 1850; x_wconf 90' lang='lat' dir='ltr'><strong>ad</strong></span> <span class='ocrx_word' id='word_1_136' title='bbox 410 1784 500 1848; x_wconf 90' lang='lat' dir='ltr'><strong>aliud</strong></span> <span class='ocrx_word' id='word_1_137' title='bbox 524 1785 691 1849; x_wconf 74' lang='lat' dir='ltr'><strong>seruitium</strong></span> <span class='ocrx_word' id='word_1_138' title='bbox 714 1783 858 1868; x_wconf 87' lang='lat' dir='ltr'><strong>episcopi</strong></span> <span class='ocrx_word' id='word_1_139' title='bbox 879 1789 943 1847; x_wconf 88' lang='lat' dir='ltr'><strong>tam</strong></span> <span class='ocrx_word' id='word_1_140' title='bbox 969 1783 1001 1848; x_wconf 91' lang='lat' dir='ltr'><strong>in</strong></span> <span class='ocrx_word' id='word_1_141' title='bbox 1026 1785 1097 1868; x_wconf 90' lang='lat' dir='ltr'><strong>ipso</strong></span> <span class='ocrx_word' id='word_1_142' title='bbox 1121 1793 1239 1866; x_wconf 88' lang='lat' dir='ltr'><strong>monte,</strong></span> <span class='ocrx_word' id='word_1_143' title='bbox 1264 1805 1361 1871; x_wconf 94' lang='lat' dir='ltr'><strong>quam</strong></span> <span class='ocrx_word' id='word_1_144' title='bbox 1384 1787 1417 1848; x_wconf 90' lang='lat' dir='ltr'><strong>in</strong></span> <span class='ocrx_word' id='word_1_145' title='bbox 1440 1785 1513 1850; x_wconf 89' lang='lat' dir='ltr'><strong>aliis</strong></span> <span class='ocrx_word' id='word_1_146' title='bbox 1537 1785 1686 1850; x_wconf 90' lang='lat' dir='ltr'><strong>omnibus</strong></span> <span class='ocrx_word' id='word_1_147' title='bbox 1710 1785 1874 1852; x_wconf 88' lang='lat' dir='ltr'><strong>montibus</strong></span> <span class='ocrx_word' id='word_1_148' title='bbox 1897 1809 1972 1851; x_wconf 91' lang='lat' dir='ltr'><strong>con·</strong></span> 
     </span>
     <span class='ocr_line' id='line_1_14' title="bbox 295 1887 1972 1978; baseline -0.001 -20"><span class='ocrx_word' id='word_1_149' title='bbox 295 1892 448 1973; x_wconf 89' lang='lat' dir='ltr'><strong>cedimus,</strong></span> <span class='ocrx_word' id='word_1_150' title='bbox 470 1902 501 1956; x_wconf 87' lang='lat' dir='ltr'><strong>et</strong></span> <span class='ocrx_word' id='word_1_151' title='bbox 524 1911 621 1955; x_wconf 88' lang='lat' dir='ltr'><strong>unam</strong></span> <span class='ocrx_word' id='word_1_152' title='bbox 645 1888 765 1954; x_wconf 88' lang='lat' dir='ltr'><strong>fossam</strong></span> <span class='ocrx_word' id='word_1_153' title='bbox 790 1887 916 1954; x_wconf 91' lang='lat' dir='ltr'><strong>ruderis</strong></span> <span class='ocrx_word' id='word_1_154' title='bbox 940 1890 974 1953; x_wconf 92' lang='lat' dir='ltr'><strong>in</strong></span> <span class='ocrx_word' id='word_1_155' title='bbox 996 1897 1105 1954; x_wconf 89' lang='lat' dir='ltr'><strong>monte</strong></span> <span class='ocrx_word' id='word_1_156' title='bbox 1135 1888 1321 1956; x_wconf 84' lang='lat' dir='ltr'><strong>Gamanara</strong></span> <span class='ocrx_word' id='word_1_157' title='bbox 1356 1913 1484 1978; x_wconf 87' lang='lat' dir='ltr'><strong>sempor</strong></span> <span class='ocrx_word' id='word_1_158' title='bbox 1504 1915 1562 1978; x_wconf 87' lang='lat' dir='ltr'><strong>per</strong></span> <span class='ocrx_word' id='word_1_159' title='bbox 1583 1901 1685 1958; x_wconf 89' lang='lat' dir='ltr'><strong>totum</strong></span> <span class='ocrx_word' id='word_1_160' title='bbox 1709 1915 1827 1958; x_wconf 88' lang='lat' dir='ltr'><strong>annum</strong></span> <span class='ocrx_word' id='word_1_161' title='bbox 1852 1891 1972 1958; x_wconf 85' lang='lat' dir='ltr'><strong>heben-</strong></span> 
     </span>
     <span class='ocr_line' id='line_1_15' title="bbox 290 1992 1970 2079; baseline 0 -16"><span class='ocrx_word' id='word_1_162' title='bbox 290 1998 374 2064; x_wconf 88' lang='lat' dir='ltr'><strong>dam.</strong></span> <span class='ocrx_word' id='word_1_163' title='bbox 391 1997 444 2063; x_wconf 88' lang='lat' dir='ltr'><strong>Ad</strong></span> <span class='ocrx_word' id='word_1_164' title='bbox 461 1995 632 2062; x_wconf 85' lang='lat' dir='ltr'><strong>Ourciaam</strong></span> <span class='ocrx_word' id='word_1_165' title='bbox 647 1993 841 2060; x_wconf 86' lang='lat' dir='ltr'><strong>beneficium</strong></span> <span class='ocrx_word' id='word_1_166' title='bbox 857 1992 1056 2079; x_wconf 85' lang='lat' dir='ltr'><strong>Engilbaldi.</strong></span> <span class='ocrx_word' id='word_1_167' title='bbox 1075 1993 1127 2059; x_wconf 86' lang='lat' dir='ltr'><strong>Ad</strong></span> <span class='ocrx_word' id='word_1_168' title='bbox 1155 1993 1371 2062; x_wconf 82' lang='lat' dir='ltr'><strong>Carantanam</strong></span> <span class='ocrx_word' id='word_1_169' title='bbox 1396 1998 1587 2062; x_wconf 89' lang='lat' dir='ltr'><strong>aecclesiam</strong></span> <span class='ocrx_word' id='word_1_170' title='bbox 1603 2007 1735 2063; x_wconf 89' lang='lat' dir='ltr'><strong>sanctae</strong></span> <span class='ocrx_word' id='word_1_171' title='bbox 1758 1998 1881 2064; x_wconf 89' lang='lat' dir='ltr'><strong>Mariae</strong></span> <span class='ocrx_word' id='word_1_172' title='bbox 1897 2019 1970 2063; x_wconf 88' lang='lat' dir='ltr'><strong>cum</strong></span> 
     </span>
     <span class='ocr_line' id='line_1_16' title="bbox 290 2100 1961 2188; baseline 0 -18"><span class='ocrx_word' id='word_1_173' title='bbox 290 2107 415 2170; x_wconf 87' lang='lat' dir='ltr'><strong>decima</strong></span> <span class='ocrx_word' id='word_1_174' title='bbox 437 2105 522 2169; x_wconf 89' lang='lat' dir='ltr'><strong>sicut</strong></span> <span class='ocrx_word' id='word_1_175' title='bbox 543 2101 805 2168; x_wconf 89' lang='lat' dir='ltr'><strong>aecclesiasticus</strong></span> <span class='ocrx_word' id='word_1_176' title='bbox 828 2103 986 2188; x_wconf 88' lang='lat' dir='ltr'><strong>praecipit</strong></span> <span class='ocrx_word' id='word_1_177' title='bbox 1009 2100 1089 2166; x_wconf 94' lang='lat' dir='ltr'><strong>ordo</strong></span> <span class='ocrx_word' id='word_1_178' title='bbox 1112 2100 1154 2167; x_wconf 90' lang='lat' dir='ltr'><strong>de</strong></span> <span class='ocrx_word' id='word_1_179' title='bbox 1170 2103 1316 2168; x_wconf 90' lang='lat' dir='ltr'><strong>curtibus</strong></span> <span class='ocrx_word' id='word_1_180' title='bbox 1340 2106 1472 2187; x_wconf 88' lang='lat' dir='ltr'><strong>nostris,</strong></span> <span class='ocrx_word' id='word_1_181' title='bbox 1496 2104 1529 2168; x_wconf 93' lang='lat' dir='ltr'><strong>id</strong></span> <span class='ocrx_word' id='word_1_182' title='bbox 1554 2113 1603 2168; x_wconf 91' lang='lat' dir='ltr'><strong>est</strong></span> <span class='ocrx_word' id='word_1_183' title='bbox 1625 2103 1666 2168; x_wconf 91' lang='lat' dir='ltr'><strong>de</strong></span> <span class='ocrx_word' id='word_1_184' title='bbox 1689 2103 1859 2170; x_wconf 83' lang='lat' dir='ltr'><strong>Oaranana</strong></span> <span class='ocrx_word' id='word_1_185' title='bbox 1882 2107 1961 2170; x_wconf 91' lang='lat' dir='ltr'><strong>ciui-</strong></span> 
     </span>
     <span class='ocr_line' id='line_1_17' title="bbox 287 2207 1968 2295; baseline -0.001 -20"><span class='ocrx_word' id='word_1_186' title='bbox 287 2221 353 2276; x_wconf 87' lang='lat' dir='ltr'><strong>tate</strong></span> <span class='ocrx_word' id='word_1_187' title='bbox 377 2210 514 2295; x_wconf 86' lang='lat' dir='ltr'><strong>aliisque</strong></span> <span class='ocrx_word' id='word_1_188' title='bbox 539 2207 684 2274; x_wconf 91' lang='lat' dir='ltr'><strong>curtibus</strong></span> <span class='ocrx_word' id='word_1_189' title='bbox 705 2207 746 2272; x_wconf 88' lang='lat' dir='ltr'><strong>ad</strong></span> <span class='ocrx_word' id='word_1_190' title='bbox 770 2207 907 2272; x_wconf 90' lang='lat' dir='ltr'><strong>eandem</strong></span> <span class='ocrx_word' id='word_1_191' title='bbox 931 2207 1096 2272; x_wconf 88' lang='lat' dir='ltr'><strong>ciuitatem</strong></span> <span class='ocrx_word' id='word_1_192' title='bbox 1113 2211 1359 2294; x_wconf 86' lang='lat' dir='ltr'><strong>pertinentibus,</strong></span> <span class='ocrx_word' id='word_1_193' title='bbox 1377 2210 1411 2275; x_wconf 93' lang='lat' dir='ltr'><strong>id</strong></span> <span class='ocrx_word' id='word_1_194' title='bbox 1437 2219 1486 2274; x_wconf 85' lang='lat' dir='ltr'><strong>eat</strong></span> <span class='ocrx_word' id='word_1_195' title='bbox 1501 2211 1632 2292; x_wconf 88' lang='lat' dir='ltr'><strong>Trahof,</strong></span> <span class='ocrx_word' id='word_1_196' title='bbox 1657 2207 1866 2290; x_wconf 84' lang='lat' dir='ltr'><strong>Grauindori,</strong></span> <span class='ocrx_word' id='word_1_197' title='bbox 1888 2207 1968 2276; x_wconf 85' lang='lat' dir='ltr'><strong>Our-</strong></span> 
     </span>
     <span class='ocr_line' id='line_1_18' title="bbox 287 2312 1971 2403; baseline -0.001 -21"><span class='ocrx_word' id='word_1_198' title='bbox 287 2341 359 2400; x_wconf 84' lang='lat' dir='ltr'><strong>nuc,</strong></span> <span class='ocrx_word' id='word_1_199' title='bbox 384 2317 491 2403; x_wconf 87' lang='lat' dir='ltr'><strong>ibique</strong></span> <span class='ocrx_word' id='word_1_200' title='bbox 516 2314 557 2379; x_wconf 90' lang='lat' dir='ltr'><strong>ad</strong></span> <span class='ocrx_word' id='word_1_201' title='bbox 581 2312 713 2380; x_wconf 83' lang='lat' dir='ltr'><strong>Oumun</strong></span> <span class='ocrx_word' id='word_1_202' title='bbox 734 2315 898 2400; x_wconf 89' lang='lat' dir='ltr'><strong>operarios</strong></span> <span class='ocrx_word' id='word_1_203' title='bbox 922 2334 1033 2378; x_wconf 86' lang='lat' dir='ltr'><strong>seruos</strong></span> <span class='ocrx_word' id='word_1_204' title='bbox 1057 2313 1100 2379; x_wconf 88' lang='lat' dir='ltr'><strong>Il.</strong></span> <span class='ocrx_word' id='word_1_205' title='bbox 1129 2317 1163 2379; x_wconf 91' lang='lat' dir='ltr'><strong>in</strong></span> <span class='ocrx_word' id='word_1_206' title='bbox 1186 2325 1295 2381; x_wconf 89' lang='lat' dir='ltr'><strong>monte</strong></span> <span class='ocrx_word' id='word_1_207' title='bbox 1319 2338 1394 2382; x_wconf 90' lang='lat' dir='ltr'><strong>cum</strong></span> <span class='ocrx_word' id='word_1_208' title='bbox 1417 2315 1510 2382; x_wconf 91' lang='lat' dir='ltr'><strong>hobis</strong></span> <span class='ocrx_word' id='word_1_209' title='bbox 1542 2317 1679 2400; x_wconf 89' lang='lat' dir='ltr'><strong>illorum,</strong></span> <span class='ocrx_word' id='word_1_210' title='bbox 1712 2317 1801 2402; x_wconf 88' lang='lat' dir='ltr'><strong>ligna</strong></span> <span class='ocrx_word' id='word_1_211' title='bbox 1831 2317 1971 2381; x_wconf 85' lang='lat' dir='ltr'><strong>secanda</strong></span> 
     </span>
     <span class='ocr_line' id='line_1_19' title="bbox 290 2417 1968 2510; baseline -0.002 -21"><span class='ocrx_word' id='word_1_212' title='bbox 290 2425 417 2510; x_wconf 89' lang='lat' dir='ltr'><strong>inipso</strong></span> <span class='ocrx_word' id='word_1_213' title='bbox 448 2433 565 2500; x_wconf 92' lang='lat' dir='ltr'><strong>monte,</strong></span> <span class='ocrx_word' id='word_1_214' title='bbox 598 2421 667 2484; x_wconf 91' lang='lat' dir='ltr'><strong>sine</strong></span> <span class='ocrx_word' id='word_1_215' title='bbox 695 2417 948 2486; x_wconf 87' lang='lat' dir='ltr'><strong>contradictione</strong></span> <span class='ocrx_word' id='word_1_216' title='bbox 992 2421 1212 2486; x_wconf 89' lang='lat' dir='ltr'><strong>ministrorum</strong></span> <span class='ocrx_word' id='word_1_217' title='bbox 1241 2431 1434 2505; x_wconf 89' lang='lat' dir='ltr'><strong>nostrorum,</strong></span> <span class='ocrx_word' id='word_1_218' title='bbox 1464 2445 1538 2488; x_wconf 88' lang='lat' dir='ltr'><strong>cum</strong></span> <span class='ocrx_word' id='word_1_219' title='bbox 1568 2424 1784 2507; x_wconf 87' lang='lat' dir='ltr'><strong>saginacione.</strong></span> <span class='ocrx_word' id='word_1_220' title='bbox 1816 2421 1968 2504; x_wconf 83' lang='lat' dir='ltr'><strong>Trebius,</strong></span> 
     </span>
     <span class='ocr_line' id='line_1_20' title="bbox 286 2524 1971 2615; baseline -0.002 -20"><span class='ocrx_word' id='word_1_221' title='bbox 286 2530 491 2610; x_wconf 82' lang='lat' dir='ltr'><strong>Astaruuina,</strong></span> <span class='ocrx_word' id='word_1_222' title='bbox 523 2524 773 2613; x_wconf 83' lang='lat' dir='ltr'><strong>Ohrapuchield,</strong></span> <span class='ocrx_word' id='word_1_223' title='bbox 806 2525 942 2606; x_wconf 89' lang='lat' dir='ltr'><strong>Vitrino,</strong></span> <span class='ocrx_word' id='word_1_224' title='bbox 965 2525 1128 2609; x_wconf 81' lang='lat' dir='ltr'><strong>Friesach,</strong></span> <span class='ocrx_word' id='word_1_225' title='bbox 1155 2526 1271 2610; x_wconf 86' lang='lat' dir='ltr'><strong>Ourca,</strong></span> <span class='ocrx_word' id='word_1_226' title='bbox 1296 2527 1492 2615; x_wconf 80' lang='lat' dir='ltr'><strong>Graaluppa,</strong></span> <span class='ocrx_word' id='word_1_227' title='bbox 1515 2528 1697 2613; x_wconf 89' lang='lat' dir='ltr'><strong>Lungouni,</strong></span> <span class='ocrx_word' id='word_1_228' title='bbox 1723 2527 1865 2610; x_wconf 88' lang='lat' dir='ltr'><strong>Sublich,</strong></span> <span class='ocrx_word' id='word_1_229' title='bbox 1891 2528 1971 2592; x_wconf 57' lang='lat' dir='ltr'><strong>Tine</strong></span> 
     </span>
     <span class='ocr_line' id='line_1_21' title="bbox 287 2630 1970 2724; baseline -0.003 -21"><span class='ocrx_word' id='word_1_230' title='bbox 287 2636 425 2724; x_wconf 87' lang='lat' dir='ltr'><strong>linpach‚</strong></span> <span class='ocrx_word' id='word_1_231' title='bbox 450 2633 609 2716; x_wconf 84' lang='lat' dir='ltr'><strong>Chatissa,</strong></span> <span class='ocrx_word' id='word_1_232' title='bbox 634 2631 768 2712; x_wconf 77' lang='lat' dir='ltr'><strong>Pelices,</strong></span> <span class='ocrx_word' id='word_1_233' title='bbox 794 2630 980 2715; x_wconf 83' lang='lat' dir='ltr'><strong>Ohubenna,</strong></span> <span class='ocrx_word' id='word_1_234' title='bbox 1016 2631 1183 2714; x_wconf 89' lang='lat' dir='ltr'><strong>Undrima,</strong></span> <span class='ocrx_word' id='word_1_235' title='bbox 1208 2633 1314 2714; x_wconf 84' lang='lat' dir='ltr'><strong>Linte,</strong></span> <span class='ocrx_word' id='word_1_236' title='bbox 1338 2633 1525 2717; x_wconf 79' lang='lat' dir='ltr'><strong>Licanicha,</strong></span> <span class='ocrx_word' id='word_1_237' title='bbox 1549 2633 1682 2714; x_wconf 86' lang='lat' dir='ltr'><strong>Prucoa,</strong></span> <span class='ocrx_word' id='word_1_238' title='bbox 1715 2633 1869 2714; x_wconf 79' lang='lat' dir='ltr'><strong>Macrian,</strong></span> <span class='ocrx_word' id='word_1_239' title='bbox 1893 2631 1970 2698; x_wconf 90' lang='lat' dir='ltr'><strong>Liu-</strong></span> 
     </span>
     <span class='ocr_line' id='line_1_22' title="bbox 286 2735 1969 2826; baseline -0.003 -19"><span class='ocrx_word' id='word_1_240' title='bbox 286 2743 374 2807; x_wconf 90' lang='lat' dir='ltr'><strong>bina.</strong></span> <span class='ocrx_word' id='word_1_241' title='bbox 398 2742 451 2806; x_wconf 89' lang='lat' dir='ltr'><strong>Ad</strong></span> <span class='ocrx_word' id='word_1_242' title='bbox 475 2738 708 2806; x_wconf 83' lang='lat' dir='ltr'><strong>Stranninalam</strong></span> <span class='ocrx_word' id='word_1_243' title='bbox 733 2740 796 2804; x_wconf 91' lang='lat' dir='ltr'><strong>duo</strong></span> <span class='ocrx_word' id='word_1_244' title='bbox 820 2741 901 2803; x_wconf 91' lang='lat' dir='ltr'><strong>loca.</strong></span> <span class='ocrx_word' id='word_1_245' title='bbox 925 2737 975 2802; x_wconf 83' lang='lat' dir='ltr'><strong>Ea</strong></span> <span class='ocrx_word' id='word_1_246' title='bbox 998 2737 1151 2804; x_wconf 83' lang='lat' dir='ltr'><strong>videlicet</strong></span> <span class='ocrx_word' id='word_1_247' title='bbox 1182 2741 1321 2823; x_wconf 90' lang='lat' dir='ltr'><strong>racione,</strong></span> <span class='ocrx_word' id='word_1_248' title='bbox 1345 2735 1381 2805; x_wconf 85' lang='lat' dir='ltr'><strong>ut</strong></span> <span class='ocrx_word' id='word_1_249' title='bbox 1405 2739 1446 2804; x_wconf 92' lang='lat' dir='ltr'><strong>ab</strong></span> <span class='ocrx_word' id='word_1_250' title='bbox 1479 2737 1635 2804; x_wconf 89' lang='lat' dir='ltr'><strong>hodierna</strong></span> <span class='ocrx_word' id='word_1_251' title='bbox 1667 2739 1720 2805; x_wconf 91' lang='lat' dir='ltr'><strong>die</strong></span> <span class='ocrx_word' id='word_1_252' title='bbox 1752 2749 1784 2804; x_wconf 89' lang='lat' dir='ltr'><strong>et</strong></span> <span class='ocrx_word' id='word_1_253' title='bbox 1815 2739 1969 2826; x_wconf 85' lang='lat' dir='ltr'><strong>deinceps</strong></span> 
     </span>
     <span class='ocr_line' id='line_1_23' title="bbox 287 2844 1971 2936; baseline -0.003 -23"><span class='ocrx_word' id='word_1_254' title='bbox 287 2849 471 2936; x_wconf 85' lang='lat' dir='ltr'><strong>praedictae</strong></span> <span class='ocrx_word' id='word_1_255' title='bbox 487 2869 540 2911; x_wconf 90' lang='lat' dir='ltr'><strong>res</strong></span> <span class='ocrx_word' id='word_1_256' title='bbox 563 2845 604 2910; x_wconf 92' lang='lat' dir='ltr'><strong>ad</strong></span> <span class='ocrx_word' id='word_1_257' title='bbox 629 2844 826 2931; x_wconf 88' lang='lat' dir='ltr'><strong>praedictam</strong></span> <span class='ocrx_word' id='word_1_258' title='bbox 850 2865 958 2908; x_wconf 89' lang='lat' dir='ltr'><strong>casam</strong></span> <span class='ocrx_word' id='word_1_259' title='bbox 987 2846 1091 2909; x_wconf 90' lang='lat' dir='ltr'><strong>sancti</strong></span> <span class='ocrx_word' id='word_1_260' title='bbox 1109 2845 1193 2910; x_wconf 90' lang='lat' dir='ltr'><strong>Petri</strong></span> <span class='ocrx_word' id='word_1_261' title='bbox 1218 2856 1251 2910; x_wconf 88' lang='lat' dir='ltr'><strong>et</strong></span> <span class='ocrx_word' id='word_1_262' title='bbox 1273 2849 1378 2910; x_wconf 88' lang='lat' dir='ltr'><strong>sancti</strong></span> <span class='ocrx_word' id='word_1_263' title='bbox 1400 2845 1580 2925; x_wconf 88' lang='lat' dir='ltr'><strong>Routbcrti‚</strong></span> <span class='ocrx_word' id='word_1_264' title='bbox 1605 2845 1785 2917; x_wconf 80' lang='lat' dir='ltr'><strong>ubi‘eciam</strong></span> <span class='ocrx_word' id='word_1_265' title='bbox 1810 2845 1878 2931; x_wconf 88' lang='lat' dir='ltr'><strong>ipse</strong></span> <span class='ocrx_word' id='word_1_266' title='bbox 1900 2865 1971 2909; x_wconf 88' lang='lat' dir='ltr'><strong>cor·</strong></span> 
     </span>
     <span class='ocr_line' id='line_1_24' title="bbox 287 2947 1969 3044; baseline -0.004 -23"><span class='ocrx_word' id='word_1_267' title='bbox 287 2977 365 3044; x_wconf 87' lang='lat' dir='ltr'><strong>pore</strong></span> <span class='ocrx_word' id='word_1_268' title='bbox 386 2954 570 3040; x_wconf 85' lang='lat' dir='ltr'><strong>requiescit,</strong></span> <span class='ocrx_word' id='word_1_269' title='bbox 593 2953 662 3016; x_wconf 91' lang='lat' dir='ltr'><strong>iure</strong></span> <span class='ocrx_word' id='word_1_270' title='bbox 684 2963 837 3037; x_wconf 90' lang='lat' dir='ltr'><strong>perpetuo</strong></span> <span class='ocrx_word' id='word_1_271' title='bbox 861 2961 1080 3036; x_wconf 89' lang='lat' dir='ltr'><strong>permaneant,</strong></span> <span class='ocrx_word' id='word_1_272' title='bbox 1106 2948 1230 3036; x_wconf 90' lang='lat' dir='ltr'><strong>absque</strong></span> <span class='ocrx_word' id='word_1_273' title='bbox 1251 2947 1388 3014; x_wconf 89' lang='lat' dir='ltr'><strong>alicuius</strong></span> <span class='ocrx_word' id='word_1_274' title='bbox 1411 2949 1674 3015; x_wconf 86' lang='lat' dir='ltr'><strong>contradictione.</strong></span> <span class='ocrx_word' id='word_1_275' title='bbox 1699 2949 1768 3014; x_wconf 87' lang='lat' dir='ltr'><strong>Nec</strong></span> <span class='ocrx_word' id='word_1_276' title='bbox 1791 2949 1875 3014; x_wconf 90' lang='lat' dir='ltr'><strong>ullus</strong></span> <span class='ocrx_word' id='word_1_277' title='bbox 1898 2971 1969 3014; x_wconf 92' lang='lat' dir='ltr'><strong>suc·</strong></span> 
     </span>
     <span class='ocr_line' id='line_1_25' title="bbox 288 3053 1964 3142; baseline -0.005 -15"><span class='ocrx_word' id='word_1_278' title='bbox 288 3083 397 3129; x_wconf 86' lang='lat' dir='ltr'><strong>cessor</strong></span> <span class='ocrx_word' id='word_1_279' title='bbox 420 3070 538 3141; x_wconf 87' lang='lat' dir='ltr'><strong>noster,</strong></span> <span class='ocrx_word' id='word_1_280' title='bbox 562 3069 618 3122; x_wconf 88' lang='lat' dir='ltr'><strong>aut</strong></span> <span class='ocrx_word' id='word_1_281' title='bbox 641 3058 718 3138; x_wconf 86' lang='lat' dir='ltr'><strong>dux,</strong></span> <span class='ocrx_word' id='word_1_282' title='bbox 739 3055 792 3120; x_wconf 87' lang='lat' dir='ltr'><strong>vel</strong></span> <span class='ocrx_word' id='word_1_283' title='bbox 815 3077 934 3136; x_wconf 90' lang='lat' dir='ltr'><strong>comes,</strong></span> <span class='ocrx_word' id='word_1_284' title='bbox 967 3057 1036 3120; x_wconf 89' lang='lat' dir='ltr'><strong>siue</strong></span> <span class='ocrx_word' id='word_1_285' title='bbox 1058 3056 1208 3137; x_wconf 84' lang='lat' dir='ltr'><strong>vicarius,</strong></span> <span class='ocrx_word' id='word_1_286' title='bbox 1234 3077 1292 3120; x_wconf 89' lang='lat' dir='ltr'><strong>seu</strong></span> <span class='ocrx_word' id='word_1_287' title='bbox 1322 3055 1466 3142; x_wconf 89' lang='lat' dir='ltr'><strong>qualibet</strong></span> <span class='ocrx_word' id='word_1_288' title='bbox 1497 3053 1562 3120; x_wconf 87' lang='lat' dir='ltr'><strong>ulla</strong></span> <span class='ocrx_word' id='word_1_289' title='bbox 1592 3057 1714 3120; x_wconf 85' lang='lat' dir='ltr'><strong>vicaria</strong></span> <span class='ocrx_word' id='word_1_290' title='bbox 1736 3065 1888 3141; x_wconf 87' lang='lat' dir='ltr'><strong>potestas,</strong></span> <span class='ocrx_word' id='word_1_291' title='bbox 1923 3055 1964 3119; x_wconf 90' lang='lat' dir='ltr'><strong>de</strong></span> 
     </span>
     <span class='ocr_line' id='line_1_26' title="bbox 287 3155 1967 3254; baseline -0.004 -22"><span class='ocrx_word' id='word_1_292' title='bbox 287 3167 459 3254; x_wconf 87' lang='lat' dir='ltr'><strong>praedictis</strong></span> <span class='ocrx_word' id='word_1_293' title='bbox 482 3165 590 3247; x_wconf 84' lang='lat' dir='ltr'><strong>rebus,</strong></span> <span class='ocrx_word' id='word_1_294' title='bbox 614 3185 694 3250; x_wconf 88' lang='lat' dir='ltr'><strong>quas</strong></span> <span class='ocrx_word' id='word_1_295' title='bbox 712 3155 1035 3248; x_wconf 85' lang='lat' dir='ltr'><strong>praenominauimus,</strong></span> <span class='ocrx_word' id='word_1_296' title='bbox 1059 3169 1250 3248; x_wconf 89' lang='lat' dir='ltr'><strong>potestatem</strong></span> <span class='ocrx_word' id='word_1_297' title='bbox 1267 3160 1386 3226; x_wconf 86' lang='lat' dir='ltr'><strong>habeat</strong></span> <span class='ocrx_word' id='word_1_298' title='bbox 1400 3161 1476 3226; x_wconf 90' lang='lat' dir='ltr'><strong>inde</strong></span> <span class='ocrx_word' id='word_1_299' title='bbox 1499 3161 1664 3248; x_wconf 90' lang='lat' dir='ltr'><strong>quippiam</strong></span> <span class='ocrx_word' id='word_1_300' title='bbox 1688 3159 1886 3244; x_wconf 87' lang='lat' dir='ltr'><strong>abstrahere,</strong></span> <span class='ocrx_word' id='word_1_301' title='bbox 1909 3161 1967 3226; x_wconf 87' lang='lat' dir='ltr'><strong>sed</strong></span> 
     </span>
     <span class='ocr_line' id='line_1_27' title="bbox 286 3263 1967 3361; baseline -0.005 -23"><span class='ocrx_word' id='word_1_302' title='bbox 286 3295 344 3361; x_wconf 90' lang='lat' dir='ltr'><strong>per</strong></span> <span class='ocrx_word' id='word_1_303' title='bbox 367 3273 430 3338; x_wconf 90' lang='lat' dir='ltr'><strong>hoc</strong></span> <span class='ocrx_word' id='word_1_304' title='bbox 452 3280 582 3336; x_wconf 87' lang='lat' dir='ltr'><strong>nostrae</strong></span> <span class='ocrx_word' id='word_1_305' title='bbox 605 3270 805 3336; x_wconf 86' lang='lat' dir='ltr'><strong>auctoritatis</strong></span> <span class='ocrx_word' id='word_1_306' title='bbox 829 3277 1045 3354; x_wconf 87' lang='lat' dir='ltr'><strong>praeceptum,</strong></span> <span class='ocrx_word' id='word_1_307' title='bbox 1070 3269 1153 3332; x_wconf 89' lang='lat' dir='ltr'><strong>sicut</strong></span> <span class='ocrx_word' id='word_1_308' title='bbox 1188 3267 1420 3354; x_wconf 76' lang='lat' dir='ltr'><strong>praediximus,</strong></span> <span class='ocrx_word' id='word_1_309' title='bbox 1441 3265 1485 3330; x_wconf 91' lang='lat' dir='ltr'><strong>ad</strong></span> <span class='ocrx_word' id='word_1_310' title='bbox 1508 3266 1707 3353; x_wconf 87' lang='lat' dir='ltr'><strong>praedictum</strong></span> <span class='ocrx_word' id='word_1_311' title='bbox 1732 3263 1839 3330; x_wconf 90' lang='lat' dir='ltr'><strong>locum</strong></span> <span class='ocrx_word' id='word_1_312' title='bbox 1863 3267 1967 3330; x_wconf 88' lang='lat' dir='ltr'><strong>sancti</strong></span> 
     </span>
     <span class='ocr_line' id='line_1_28' title="bbox 285 3370 1968 3460; baseline -0.005 -16"><span class='ocrx_word' id='word_1_313' title='bbox 285 3381 378 3446; x_wconf 88' lang='lat' dir='ltr'><strong>Petri</strong></span> <span class='ocrx_word' id='word_1_314' title='bbox 402 3389 434 3444; x_wconf 91' lang='lat' dir='ltr'><strong>et</strong></span> <span class='ocrx_word' id='word_1_315' title='bbox 457 3379 559 3443; x_wconf 89' lang='lat' dir='ltr'><strong>sancti</strong></span> <span class='ocrx_word' id='word_1_316' title='bbox 582 3373 761 3456; x_wconf 89' lang='lat' dir='ltr'><strong>Routbcrti,</strong></span> <span class='ocrx_word' id='word_1_317' title='bbox 788 3373 844 3440; x_wconf 90' lang='lat' dir='ltr'><strong>ubi</strong></span> <span class='ocrx_word' id='word_1_318' title='bbox 865 3373 968 3438; x_wconf 92' lang='lat' dir='ltr'><strong>eciam</strong></span> <span class='ocrx_word' id='word_1_319' title='bbox 990 3395 1123 3460; x_wconf 88' lang='lat' dir='ltr'><strong>corpore</strong></span> <span class='ocrx_word' id='word_1_320' title='bbox 1146 3375 1320 3459; x_wconf 87' lang='lat' dir='ltr'><strong>requiescit</strong></span> <span class='ocrx_word' id='word_1_321' title='bbox 1342 3374 1375 3436; x_wconf 91' lang='lat' dir='ltr'><strong>in</strong></span> <span class='ocrx_word' id='word_1_322' title='bbox 1398 3370 1577 3458; x_wconf 87' lang='lat' dir='ltr'><strong>Salnpurch</strong></span> <span class='ocrx_word' id='word_1_323' title='bbox 1599 3373 1740 3454; x_wconf 90' lang='lat' dir='ltr'><strong>ciuitate,</strong></span> <span class='ocrx_word' id='word_1_324' title='bbox 1763 3371 1889 3457; x_wconf 85' lang='lat' dir='ltr'><strong>absque</strong></span> <span class='ocrx_word' id='word_1_325' title='bbox 1910 3370 1968 3436; x_wconf 89' lang='lat' dir='ltr'><strong>ali·</strong></span> 
     </span>
     <span class='ocr_line' id='line_1_29' title="bbox 287 3477 1967 3568; baseline -0.004 -17"><span class='ocrx_word' id='word_1_326' title='bbox 287 3488 379 3552; x_wconf 89' lang='lat' dir='ltr'><strong>euius</strong></span> <span class='ocrx_word' id='word_1_327' title='bbox 402 3484 551 3550; x_wconf 88' lang='lat' dir='ltr'><strong>molestia</strong></span> <span class='ocrx_word' id='word_1_328' title='bbox 573 3481 627 3548; x_wconf 87' lang='lat' dir='ltr'><strong>vel</strong></span> <span class='ocrx_word' id='word_1_329' title='bbox 651 3480 874 3568; x_wconf 89' lang='lat' dir='ltr'><strong>inquietudine</strong></span> <span class='ocrx_word' id='word_1_330' title='bbox 899 3481 972 3544; x_wconf 91' lang='lat' dir='ltr'><strong>sint.</strong></span> <span class='ocrx_word' id='word_1_331' title='bbox 1004 3479 1047 3544; x_wconf 86' lang='lat' dir='ltr'><strong>Et</strong></span> <span class='ocrx_word' id='word_1_332' title='bbox 1069 3491 1105 3544; x_wconf 91' lang='lat' dir='ltr'><strong>ut</strong></span> <span class='ocrx_word' id='word_1_333' title='bbox 1126 3479 1206 3545; x_wconf 90' lang='lat' dir='ltr'><strong>haec</strong></span> <span class='ocrx_word' id='word_1_334' title='bbox 1227 3481 1401 3544; x_wconf 87' lang='lat' dir='ltr'><strong>auctoritas</strong></span> <span class='ocrx_word' id='word_1_335' title='bbox 1425 3477 1611 3562; x_wconf 84' lang='lat' dir='ltr'><strong>largicionis</strong></span> <span class='ocrx_word' id='word_1_336' title='bbox 1642 3500 1682 3542; x_wconf 88' lang='lat' dir='ltr'><strong>ao</strong></span> <span class='ocrx_word' id='word_1_337' title='bbox 1707 3477 1967 3544; x_wconf 86' lang='lat' dir='ltr'><strong>confirmacionis</strong></span> 
     </span>
     <span class='ocr_line' id='line_1_30' title="bbox 285 3581 1967 3676; baseline -0.007 -18"><span class='ocrx_word' id='word_1_338' title='bbox 285 3602 397 3658; x_wconf 88' lang='lat' dir='ltr'><strong>nostra</strong></span> <span class='ocrx_word' id='word_1_339' title='bbox 417 3591 540 3656; x_wconf 90' lang='lat' dir='ltr'><strong>firmior</strong></span> <span class='ocrx_word' id='word_1_340' title='bbox 563 3590 728 3670; x_wconf 89' lang='lat' dir='ltr'><strong>habeatur,</strong></span> <span class='ocrx_word' id='word_1_341' title='bbox 749 3599 783 3653; x_wconf 88' lang='lat' dir='ltr'><strong>et</strong></span> <span class='ocrx_word' id='word_1_342' title='bbox 804 3611 863 3676; x_wconf 91' lang='lat' dir='ltr'><strong>per</strong></span> <span class='ocrx_word' id='word_1_343' title='bbox 878 3586 984 3651; x_wconf 86' lang='lat' dir='ltr'><strong>futura</strong></span> <span class='ocrx_word' id='word_1_344' title='bbox 1007 3596 1153 3672; x_wconf 88' lang='lat' dir='ltr'><strong>tempora</strong></span> <span class='ocrx_word' id='word_1_345' title='bbox 1175 3609 1194 3650; x_wconf 89' lang='lat' dir='ltr'><strong>a</strong></span> <span class='ocrx_word' id='word_1_346' title='bbox 1217 3584 1367 3652; x_wconf 88' lang='lat' dir='ltr'><strong>fidelibus</strong></span> <span class='ocrx_word' id='word_1_347' title='bbox 1387 3585 1505 3650; x_wconf 90' lang='lat' dir='ltr'><strong>nostris</strong></span> <span class='ocrx_word' id='word_1_348' title='bbox 1529 3584 1636 3646; x_wconf 90' lang='lat' dir='ltr'><strong>verius</strong></span> <span class='ocrx_word' id='word_1_349' title='bbox 1661 3581 1819 3665; x_wconf 90' lang='lat' dir='ltr'><strong>credatur,</strong></span> <span class='ocrx_word' id='word_1_350' title='bbox 1841 3592 1874 3647; x_wconf 92' lang='lat' dir='ltr'><strong>et</strong></span> <span class='ocrx_word' id='word_1_351' title='bbox 1897 3582 1967 3648; x_wconf 91' lang='lat' dir='ltr'><strong>dili·</strong></span> 
     </span>
     <span class='ocr_line' id='line_1_31' title="bbox 286 3687 1965 3786; baseline -0.007 -22"><span class='ocrx_word' id='word_1_352' title='bbox 286 3699 420 3786; x_wconf 84' lang='lat' dir='ltr'><strong>gencius</strong></span> <span class='ocrx_word' id='word_1_353' title='bbox 440 3697 641 3777; x_wconf 88' lang='lat' dir='ltr'><strong>obseruator,</strong></span> <span class='ocrx_word' id='word_1_354' title='bbox 666 3715 763 3758; x_wconf 89' lang='lat' dir='ltr'><strong>manu</strong></span> <span class='ocrx_word' id='word_1_355' title='bbox 788 3693 919 3779; x_wconf 87' lang='lat' dir='ltr'><strong>propria</strong></span> <span class='ocrx_word' id='word_1_356' title='bbox 941 3701 1051 3756; x_wconf 87' lang='lat' dir='ltr'><strong>nostra</strong></span> <span class='ocrx_word' id='word_1_357' title='bbox 1074 3690 1185 3755; x_wconf 90' lang='lat' dir='ltr'><strong>subter</strong></span> <span class='ocrx_word' id='word_1_358' title='bbox 1208 3711 1278 3756; x_wconf 89' lang='lat' dir='ltr'><strong>eam</strong></span> <span class='ocrx_word' id='word_1_359' title='bbox 1302 3690 1512 3771; x_wconf 86' lang='lat' dir='ltr'><strong>firmauimus,</strong></span> <span class='ocrx_word' id='word_1_360' title='bbox 1537 3697 1568 3753; x_wconf 91' lang='lat' dir='ltr'><strong>et</strong></span> <span class='ocrx_word' id='word_1_361' title='bbox 1592 3687 1681 3756; x_wconf 87' lang='lat' dir='ltr'><strong>anuli</strong></span> <span class='ocrx_word' id='word_1_362' title='bbox 1709 3690 1810 3753; x_wconf 86' lang='lat' dir='ltr'><strong>nostri</strong></span> <span class='ocrx_word' id='word_1_363' title='bbox 1831 3689 1965 3774; x_wconf 89' lang='lat' dir='ltr'><strong>impres-</strong></span> 
     </span>
    </p>
   </div>
   <div class='ocr_carea' id='block_1_3' title="bbox 287 3802 744 3888">
    <p class='ocr_par' dir='ltr' id='par_1_3' title="bbox 287 3802 744 3888">
     <span class='ocr_line' id='line_1_32' title="bbox 287 3802 744 3888; baseline -0.013 -19"><span class='ocrx_word' id='word_1_364' title='bbox 287 3809 376 3870; x_wconf 88' lang='lat' dir='ltr'><strong>sione</strong></span> <span class='ocrx_word' id='word_1_365' title='bbox 399 3803 558 3888; x_wconf 85' lang='lat' dir='ltr'><strong>assignari</strong></span> <span class='ocrx_word' id='word_1_366' title='bbox 581 3802 744 3866; x_wconf 88' lang='lat' dir='ltr'><strong>iussimus.</strong></span> 
     </span>
    </p>
   </div>
   <div class='ocr_carea' id='block_1_4' title="bbox 287 3985 1966 4176">
    <p class='ocr_par' dir='ltr' id='par_1_4' title="bbox 287 3985 1966 4176">
     <span class='ocr_line' id='line_1_33' title="bbox 287 3985 1966 4078; baseline -0.004 -20"><span class='ocrx_word' id='word_1_367' title='bbox 287 3991 421 4078; x_wconf 84' lang='lat' dir='ltr'><strong>Signum</strong></span> <span class='ocrx_word' id='word_1_368' title='bbox 446 3990 557 4058; x_wconf 90' lang='lat' dir='ltr'><strong>domni</strong></span> <span class='ocrx_word' id='word_1_369' title='bbox 586 3987 715 4056; x_wconf 89' lang='lat' dir='ltr'><strong>Arnolfi</strong></span> <span class='ocrx_word' id='word_1_370' title='bbox 739 3991 938 4054; x_wconf 85' lang='lat' dir='ltr'><strong>serenissimi</strong></span> <span class='ocrx_word' id='word_1_371' title='bbox 961 3990 1174 4076; x_wconf 84' lang='lat' dir='ltr'><strong>imperatoris.</strong></span> <span class='ocrx_word' id='word_1_372' title='bbox 1200 3986 1315 4075; x_wconf 84' lang='lat' dir='ltr'><strong>(Sliedi</strong></span> <span class='ocrx_word' id='word_1_373' title='bbox 1346 3987 1455 4054; x_wconf 82' lang='lat' dir='ltr'><strong>velika</strong></span> <span class='ocrx_word' id='word_1_374' title='bbox 1488 3986 1629 4052; x_wconf 73' lang='lat' dir='ltr'><strong>roddens</strong></span> <span class='ocrx_word' id='word_1_375' title='bbox 1656 3990 1752 4072; x_wconf 77' lang='lat' dir='ltr'><strong>pedat</strong></span> <span class='ocrx_word' id='word_1_376' title='bbox 1783 3985 1885 4052; x_wconf 92' lang='lat' dir='ltr'><strong>dobro</strong></span> <span class='ocrx_word' id='word_1_377' title='bbox 1918 4009 1966 4052; x_wconf 85' lang='lat' dir='ltr'><strong>sa·</strong></span> 
     </span>
     <span class='ocr_line' id='line_1_34' title="bbox 1048 4093 1198 4176; baseline 0.007 -19"><span class='ocrx_word' id='word_1_378' title='bbox 1048 4093 1198 4176; x_wconf 76' lang='lat' dir='ltr'><strong>durana).</strong></span> 
     </span>
    </p>
   </div>
   <div class='ocr_carea' id='block_1_5' title="bbox 284 4281 1965 4688">
    <p class='ocr_par' dir='ltr' id='par_1_5' title="bbox 284 4281 1965 4688">
     <span class='ocr_line' id='line_1_35' title="bbox 442 4281 1965 4373; baseline 0 -21"><span class='ocrx_word' id='word_1_379' title='bbox 442 4284 675 4352; x_wconf 87' lang='lat' dir='ltr'><strong>Hebarhardus</strong></span> <span class='ocrx_word' id='word_1_380' title='bbox 699 4285 841 4350; x_wconf 90' lang='lat' dir='ltr'><strong>notarius</strong></span> <span class='ocrx_word' id='word_1_381' title='bbox 865 4283 906 4348; x_wconf 93' lang='lat' dir='ltr'><strong>ad</strong></span> <span class='ocrx_word' id='word_1_382' title='bbox 931 4285 1036 4349; x_wconf 87' lang='lat' dir='ltr'><strong>uicem</strong></span> <span class='ocrx_word' id='word_1_383' title='bbox 1059 4282 1220 4348; x_wconf 85' lang='lat' dir='ltr'><strong>Grimaldi</strong></span> <span class='ocrx_word' id='word_1_384' title='bbox 1242 4281 1493 4371; x_wconf 86' lang='lat' dir='ltr'><strong>archicapellani</strong></span> <span class='ocrx_word' id='word_1_385' title='bbox 1525 4288 1699 4370; x_wconf 84' lang='lat' dir='ltr'><strong>recognoui</strong></span> <span class='ocrx_word' id='word_1_386' title='bbox 1723 4294 1754 4350; x_wconf 91' lang='lat' dir='ltr'><strong>et</strong></span> <span class='ocrx_word' id='word_1_387' title='bbox 1778 4285 1965 4373; x_wconf 90' lang='lat' dir='ltr'><strong>subscripsi.</strong></span> 
     </span>
     <span class='ocr_line' id='line_1_36' title="bbox 286 4388 1965 4472; baseline -0.001 -14"><span class='ocrx_word' id='word_1_388' title='bbox 286 4393 373 4460; x_wconf 89' lang='lat' dir='ltr'><strong>Data</strong></span> <span class='ocrx_word' id='word_1_389' title='bbox 396 4392 473 4456; x_wconf 82' lang='lat' dir='ltr'><strong>XII.</strong></span> <span class='ocrx_word' id='word_1_390' title='bbox 496 4389 563 4458; x_wconf 86' lang='lat' dir='ltr'><strong>kal.</strong></span> <span class='ocrx_word' id='word_1_391' title='bbox 588 4388 791 4472; x_wconf 88' lang='lat' dir='ltr'><strong>Decembris,</strong></span> <span class='ocrx_word' id='word_1_392' title='bbox 815 4412 900 4454; x_wconf 87' lang='lat' dir='ltr'><strong>anno</strong></span> <span class='ocrx_word' id='word_1_393' title='bbox 925 4388 1047 4454; x_wconf 81' lang='lat' dir='ltr'><strong>Christi</strong></span> <span class='ocrx_word' id='word_1_394' title='bbox 1070 4389 1300 4454; x_wconf 87' lang='lat' dir='ltr'><strong>incarnationis</strong></span> <span class='ocrx_word' id='word_1_395' title='bbox 1317 4427 1689 4439; x_wconf 82' lang='lat'><em>——————</em></span> <span class='ocrx_word' id='word_1_396' title='bbox 1706 4389 1815 4456; x_wconf 90' lang='lat' dir='ltr'><strong>domni</strong></span> <span class='ocrx_word' id='word_1_397' title='bbox 1838 4391 1965 4458; x_wconf 82' lang='lat' dir='ltr'><strong>Arnolfi</strong></span> 
     </span>
     <span class='ocr_line' id='line_1_37' title="bbox 285 4493 1964 4583; baseline -0.001 -19"><span class='ocrx_word' id='word_1_398' title='bbox 285 4500 484 4564; x_wconf 86' lang='lat' dir='ltr'><strong>serenissimi</strong></span> <span class='ocrx_word' id='word_1_399' title='bbox 508 4495 644 4582; x_wconf 81' lang='lat' dir='ltr'><strong>(bliedo)</strong></span> <span class='ocrx_word' id='word_1_400' title='bbox 668 4498 701 4560; x_wconf 90' lang='lat' dir='ltr'><strong>in</strong></span> <span class='ocrx_word' id='word_1_401' title='bbox 718 4495 888 4582; x_wconf 85' lang='lat' dir='ltr'><strong>origentali</strong></span> <span class='ocrx_word' id='word_1_402' title='bbox 903 4495 1043 4560; x_wconf 85' lang='lat' dir='ltr'><strong>Francia</strong></span> <span class='ocrx_word' id='word_1_403' title='bbox 1067 4505 1232 4580; x_wconf 87' lang='lat' dir='ltr'><strong>regnante.</strong></span> <span class='ocrx_word' id='word_1_404' title='bbox 1248 4495 1429 4562; x_wconf 83' lang='lat' dir='ltr'><strong>ludiciione</strong></span> <span class='ocrx_word' id='word_1_405' title='bbox 1442 4493 1550 4562; x_wconf 88' lang='lat' dir='ltr'><strong>VIIII.</strong></span> <span class='ocrx_word' id='word_1_406' title='bbox 1576 4493 1660 4583; x_wconf 90' lang='lat' dir='ltr'><strong>(Vl).</strong></span> <span class='ocrx_word' id='word_1_407' title='bbox 1685 4495 1803 4562; x_wconf 88' lang='lat' dir='ltr'><strong>Actum</strong></span> <span class='ocrx_word' id='word_1_408' title='bbox 1827 4497 1964 4564; x_wconf 88' lang='lat' dir='ltr'><strong>Mattah-</strong></span> 
     </span>
     <span class='ocr_line' id='line_1_38' title="bbox 284 4591 1192 4688; baseline -0.002 -18"><span class='ocrx_word' id='word_1_409' title='bbox 284 4591 392 4672; x_wconf 86' lang='lat' dir='ltr'><strong>houua</strong></span> <span class='ocrx_word' id='word_1_410' title='bbox 415 4601 492 4670; x_wconf 86' lang='lat' dir='ltr'><strong>villa</strong></span> <span class='ocrx_word' id='word_1_411' title='bbox 511 4605 611 4688; x_wconf 87' lang='lat' dir='ltr'><strong>regia,</strong></span> <span class='ocrx_word' id='word_1_412' title='bbox 634 4604 668 4667; x_wconf 94' lang='lat' dir='ltr'><strong>in</strong></span> <span class='ocrx_word' id='word_1_413' title='bbox 686 4601 738 4667; x_wconf 91' lang='lat' dir='ltr'><strong>dei</strong></span> <span class='ocrx_word' id='word_1_414' title='bbox 761 4603 889 4668; x_wconf 90' lang='lat' dir='ltr'><strong>nomine</strong></span> <span class='ocrx_word' id='word_1_415' title='bbox 912 4601 1059 4667; x_wconf 87' lang='lat' dir='ltr'><strong>feliciter.</strong></span> <span class='ocrx_word' id='word_1_416' title='bbox 1076 4601 1192 4668; x_wconf 89' lang='lat' dir='ltr'><strong>Amen.</strong></span> 
     </span>
    </p>
   </div>
   <div class='ocr_carea' id='block_1_6' title="bbox 284 4723 1963 5008">
    <p class='ocr_par' dir='ltr' id='par_1_6' title="bbox 284 4723 1963 5008">
     <span class='ocr_line' id='line_1_39' title="bbox 442 4723 1959 4832; baseline -0.002 -15"><span class='ocrx_word' id='word_1_417' title='bbox 442 4761 571 4817; x_wconf 80' lang='lat' dir='ltr'><strong>Iavornilr</strong></span> <span class='ocrx_word' id='word_1_418' title='bbox 592 4779 630 4817; x_wconf 88' lang='lat' dir='ltr'><strong>na</strong></span> <span class='ocrx_word' id='word_1_419' title='bbox 648 4760 755 4831; x_wconf 81' lang='lat' dir='ltr'><strong>velikoj</strong></span> <span class='ocrx_word' id='word_1_420' title='bbox 772 4759 936 4832; x_wconf 79' lang='lat' dir='ltr'><strong>pergameni</strong></span> <span class='ocrx_word' id='word_1_421' title='bbox 958 4777 978 4814; x_wconf 90' lang='lat' dir='ltr'><strong>u</strong></span> <span class='ocrx_word' id='word_1_422' title='bbox 1001 4775 1025 4814; x_wconf 92' lang='lat' dir='ltr'><strong>c.</strong></span> <span class='ocrx_word' id='word_1_423' title='bbox 1049 4757 1092 4814; x_wconf 83' lang='lat' dir='ltr'><strong>kr.</strong></span> <span class='ocrx_word' id='word_1_424' title='bbox 1112 4757 1263 4815; x_wconf 84' lang='lat' dir='ltr'><strong>dvorskom</strong></span> <span class='ocrx_word' id='word_1_425' title='bbox 1278 4757 1377 4814; x_wconf 81' lang='lat' dir='ltr'><strong>arliuu</strong></span> <span class='ocrx_word' id='word_1_426' title='bbox 1393 4775 1412 4812; x_wconf 91' lang='lat' dir='ltr'><strong>u</strong></span> <span class='ocrx_word' id='word_1_427' title='bbox 1428 4757 1514 4814; x_wconf 81' lang='lat' dir='ltr'><strong>Beda.</strong></span> <span class='ocrx_word' id='word_1_428' title='bbox 1531 4757 1677 4831; x_wconf 73' lang='lat' dir='ltr'><strong>salzburg.</strong></span> <span class='ocrx_word' id='word_1_429' title='bbox 1690 4758 1759 4816; x_wconf 81' lang='lat' dir='ltr'><strong>Kas.</strong></span> <span class='ocrx_word' id='word_1_430' title='bbox 1776 4723 1850 4815; x_wconf 76' lang='lat' dir='ltr'><strong>eoo.</strong></span> <span class='ocrx_word' id='word_1_431' title='bbox 1871 4759 1906 4816; x_wconf 84' lang='lat' dir='ltr'><strong>L.</strong></span> <span class='ocrx_word' id='word_1_432' title='bbox 1931 4761 1959 4814; x_wconf 82' lang='lat' dir='ltr'><strong>t.</strong></span> 
     </span>
     <span class='ocr_line' id='line_1_40' title="bbox 441 4841 1963 4920; baseline -0.003 -14"><span class='ocrx_word' id='word_1_433' title='bbox 441 4851 487 4906; x_wconf 87' lang='lat' dir='ltr'><strong>Tu</strong></span> <span class='ocrx_word' id='word_1_434' title='bbox 509 4851 567 4906; x_wconf 80' lang='lat' dir='ltr'><strong>ima</strong></span> <span class='ocrx_word' id='word_1_435' title='bbox 589 4850 599 4906; x_wconf 89' lang='lat' dir='ltr'><strong>i</strong></span> <span class='ocrx_word' id='word_1_436' title='bbox 621 4849 756 4906; x_wconf 82' lang='lat' dir='ltr'><strong>starinski</strong></span> <span class='ocrx_word' id='word_1_437' title='bbox 776 4849 871 4920; x_wconf 88' lang='lat' dir='ltr'><strong>prepis</strong></span> <span class='ocrx_word' id='word_1_438' title='bbox 900 4865 936 4904; x_wconf 85' lang='lat' dir='ltr'><strong>na</strong></span> <span class='ocrx_word' id='word_1_439' title='bbox 967 4847 1140 4920; x_wconf 86' lang='lat' dir='ltr'><strong>pergameni,</strong></span> <span class='ocrx_word' id='word_1_440' title='bbox 1164 4865 1178 4900; x_wconf 89' lang='lat' dir='ltr'><strong>s</strong></span> <span class='ocrx_word' id='word_1_441' title='bbox 1201 4844 1391 4902; x_wconf 70' lang='lat' dir='ltr'><strong>nuncianum</strong></span> <span class='ocrx_word' id='word_1_442' title='bbox 1419 4846 1597 4920; x_wconf 79' lang='lat' dir='ltr'><strong>pogrieinom</strong></span> <span class='ocrx_word' id='word_1_443' title='bbox 1622 4847 1768 4920; x_wconf 82' lang='lat' dir='ltr'><strong>godinom:</strong></span> <span class='ocrx_word' id='word_1_444' title='bbox 1792 4841 1881 4908; x_wconf 88' lang='lat' dir='ltr'><strong>Anno</strong></span> <span class='ocrx_word' id='word_1_445' title='bbox 1897 4849 1963 4920; x_wconf 88' lang='lat' dir='ltr'><strong>Xpi.</strong></span> 
     </span>
     <span class='ocr_line' id='line_1_41' title="bbox 284 4933 1436 5008; baseline -0.006 -12"><span class='ocrx_word' id='word_1_446' title='bbox 284 4939 483 4997; x_wconf 80' lang='lat' dir='ltr'><strong>incarnationis</strong></span> <span class='ocrx_word' id='word_1_447' title='bbox 506 4937 754 4996; x_wconf 79' lang='lat' dir='ltr'><strong>Dcccnxxxv.</strong></span> <span class='ocrx_word' id='word_1_448' title='bbox 779 4937 847 5008; x_wconf 79' lang='lat' dir='ltr'><strong>lroja</strong></span> <span class='ocrx_word' id='word_1_449' title='bbox 865 4937 896 5007; x_wconf 89' lang='lat' dir='ltr'><strong>ja</strong></span> <span class='ocrx_word' id='word_1_450' title='bbox 918 4935 1099 4990; x_wconf 84' lang='lat' dir='ltr'><strong>uiavorniku</strong></span> <span class='ocrx_word' id='word_1_451' title='bbox 1121 4933 1261 4991; x_wconf 87' lang='lat' dir='ltr'><strong>izbrisana</strong></span> <span class='ocrx_word' id='word_1_452' title='bbox 1283 4933 1436 4991; x_wconf 85' lang='lat' dir='ltr'><strong>blicdilom.</strong></span> 
     </span>
    </p>
   </div>
   <div class='ocr_carea' id='block_1_7' title="bbox 0 0 2160 5914">
    <p class='ocr_par' dir='ltr' id='par_1_7' title="bbox 0 0 2160 5914">
     <span class='ocr_line' id='line_1_42' title="bbox 0 0 2160 5914; baseline 0 0"><span class='ocrx_word' id='word_1_453' title='bbox 0 0 2160 5914; x_wconf 95' lang='lat' dir='ltr'><strong> </strong></span> 
     </span>
    </p>
   </div>
  </div>
 </body>
</html>
