4300 5930
345 415 408 492 iss

343 617 519 704 responsio.
545 614 708 700 Imprimis
731 613 883 678 videlieet
906 615 933 678 si
957 613 1085 679 fortuna
1105 611 1137 679 'si
1159 615 1327 681 susidente
1350 614 1527 700 Rugusium
1550 617 1671 682 intrare
1703 614 1855 696 vetuerit,
1886 618 2019 704 promit·

343 726 439 788 timus
463 723 532 784 sine
556 719 668 784 fraude
692 719 781 783 salue
807 699 897 783 iilum
921 723 1075 806 recipere,
1099 719 1140 784 ad
1165 730 1308 786 nostrum
1333 743 1437 808 posse,
1462 731 1494 784 et
1518 745 1569 786 rss
1593 721 1680 788 illius
1710 731 1743 786 et
1766 722 1916 787 homines
1946 724 2018 788 eius

342 839 377 892 ut
400 839 524 891 nostras
549 847 713 912 personas,
738 824 814 888 dum
839 825 871 888 in
894 826 1024 890 ciuitate
1048 835 1157 889 nostra
1181 827 1313 907 steterit,
1337 824 1426 890 nullo
1451 825 1580 912 quidem
1603 825 1898 892 iustitiafaoiendo.
1922 826 2017 890 Etsi

342 935 537 1000 eontrarium
560 955 603 996 ex
626 929 805 1017 proditione
829 931 968 995 ciuitatis
991 929 1166 994 adusserit.
1192 929 1401 996 Consilisndo
1434 929 1564 996 insimul
1594 953 1701 996 eomes
1734 929 1913 997 Geruusins
1943 950 2018 998 oum
2122 957 2124 1012 1

341 1037 503 1104 nobilibus
525 1039 604 1118 suis,
629 1035 776 1100 similiter
799 1045 832 1100 et
854 1057 962 1100 eomes
995 1034 1189 1100 Miroslauus
1224 1058 1296 1101 enm
1330 1035 1495 1102 nobilibus
1529 1037 1606 1116 suis,
1641 1037 1856 1123 promittimus
1889 1047 2019 1122 portare

342 1147 447 1231 ipsum
470 1145 539 1206 sine
562 1141 675 1206 fraude
700 1163 773 1206 eum
796 1141 893 1206 rebus
918 1150 950 1205 et
972 1140 1156 1206 hominibus
1181 1144 1247 1208 suis
1271 1164 1334 1228 quo
1358 1141 1506 1223 vuluerit,
1530 1163 1603 1206 eum
1624 1164 1686 1212 ¹suo
1708 1141 1880 1228 expendis,
1900 1143 1909 1180 ¹
1933 1145 2020 1206 siout

341 1259 373 1314 et
395 1251 478 1313 inter
500 1269 558 1311 nos
583 1246 847 1312 consuetudinem
871 1244 1037 1310 habemus.
1073 1245 1116 1309 Et
1138 1248 1164 1312 si
1191 1247 1299 1312 redire
1333 1246 1377 1312 sd
1408 1249 1571 1312 uiuitatem
1608 1257 1751 1311 nostram
1786 1248 1936 1328 voluerit,
1974 1245 2017 1312 ad

340 1373 436 1440 posse
459 1362 603 1419 nostrum
628 1353 841 1438 promittimus
867 1350 954 1416 illum
980 1361 1052 1417 o'um
1085 1353 1182 1417 rebus
1218 1363 1250 1417 et
1286 1352 1469 1418 hominibus
1505 1355 1571 1418 suis
1604 1354 1673 1416 sine
1707 1351 1821 1416 fraude
1859 1355 2017 1436 recipere.
2122 1337 2124 1412 J

340 1461 464 1525 Tamen
487 1468 523 1522 ut
545 1479 631 1522 nune
656 1459 725 1544 ipse
748 1459 902 1521 iustitiam
928 1457 1026 1521 faeiat
1048 1458 1206 1542 Raguseis
1230 1459 1300 1522 sine
1321 1457 1444 1538 fraude,
1471 1457 1583 1522 electis
1606 1479 1649 1522 ex
1674 1466 1810 1542 utraque
1826 1467 1917 1543 parte
1934 1457 2018 1522 iudi·
2123 1441 2124 1454 Τ

340 1565 441 1646 uibus,
467 1574 539 1628 ante
564 1585 699 1651 quorum
723 1564 917 1648 presentiam
931 1563 1065 1626 'iustitia
1087 1562 1264 1627 seeundum
1279 1563 1484 1648 antiquorum
1502 1583 1607 1626 mores
1623 1561 1781 1627 firmatur.
1805 1561 1848 1626 Et
1864 1563 1892 1626 si
1907 1561 2017 1628 faeere

339 1670 428 1735 illam
451 1691 535 1734 nune
558 1691 621 1732 non
644 1669 793 1753 potuerit,
821 1689 893 1732 uum
917 1667 1049 1731 redierit
1072 1669 1103 1731 in
1127 1679 1303 1748 terrenus,
1327 1667 1472 1732 fauturus
1496 1669 1538 1731 sit
1567 1667 1665 1732 illam.
1695 1666 1740 1731 Et
1761 1666 1825 1732 hoo
1855 1669 2017 1752 promitti·

340 1797 411 1840 mus
435 1773 573 1839 fideliter
595 1773 729 1859 implere
753 1772 842 1838 saluo
867 1783 1068 1837 sacramento
1090 1772 1213 1836 domini
1238 1774 1338 1836 nostri
1361 1773 1446 1858 regis
1470 1772 1634 1838 Teneredi
1656 1783 1689 1837 et
1711 1775 1890 1838 iuramento
1915 1774 2015 1858 pacis,
2122 1781 2124 1842 1

339 1880 514 1946 defendere
534 1878 623 1943 illum
646 1878 688 1942 ab
711 1878 860 1942 omnibus
884 1879 952 1941 sine
977 1876 1090 1941 frende
1113 1887 1145 1942 et
1168 1875 1252 1941 malo
1276 1879 1415 1960 ingenio.
1446 1875 1499 1942 Sis
1521 1901 1579 1942 nos
1603 1877 1683 1944 deus
1718 1877 1852 1944 adiuuet
1885 1889 1918 1946 et
1953 1875 2015 1942 hen

341 1995 453 2050 saneta
476 1983 553 2049 illl.
577 1982 754 2068 euangelia.

2122 2049 2124 2060 t

2123 2067 2124 2076 r

485 2093 507 2170 †
531 2089 602 2174 Ego
618 2087 794 2152 Geruasius
807 2108 913 2152 eomes
930 2088 1063 2173 Rugusii
1085 2091 1117 2152 in
1131 2086 1191 2152 hoe
1204 2087 1316 2152 ordine
1334 2089 1404 2152 iuro
1420 2099 1452 2154 et
1470 2111 1580 2154 omnes
1597 2098 1769 2176 sequentes
1783 2088 1869 2156 idem
1884 2090 2011 2154 iurant:
2122 2077 2124 2170 Τ

487 2199 509 2275 Τ
531 2194 645 2262 Vitalis
670 2194 832 2260 Bodaeie.'

486 2305 507 2384 †
531 2300 652 2365 Siabba
675 2299 802 2381 Luoari,
827 2299 935 2364 iudex.

487 2411 508 2488 †
531 2405 729 2470 Dersimirus
750 2401 859 2468 iudex.

485 2515 506 2594 †
528 2511 673 2575 Lucanus
697 2507 833 2593 Pndisij.

488 2615 676 2700 †Luoarus
700 2633 809 2677 eomes
827 2610 919 2675 'filius
943 2609 1089 2696 Nicolay.

484 2726 506 2804 †
530 2721 645 2786 Petrus
668 2719 774 2805 depdi.
800 2715 1003 2804 (Dependi‘ij

488 2829 510 2910 †
535 2825 713 2891 Miehsoius
735 2827 887 2889 vicarius.
1029 2846 1032 2852 ·

485 2935 506 3014 †
529 2932 643 2996 Petrus
667 2929 836 2994 Bubanne.

486 3040 506 3118 †
530 3033 669 3100 Miohael
693 3032 878 3119 Voyslaui⁵¹

485 3146 507 3223 †
530 3137 644 3203 vitalis
668 3137 794 3224 Vulpis.

484 3243 666 3328 †Miobael
690 3245 758 3306 eius
783 3264 891 3328 nepos.

485 3355 507 3432 †
530 3349 668 3415 Grosins
692 3347 859 3434 Goyslaui.

484 3460 505 3538 †
527 3455 717 3520 Theodorus
742 3447 917 3518 Destitus³

385 3579 389 3587 '
483 3560 783 3647 †Arehidiaounus
807 3556 963 3622 Marinus.

484 3674 505 3751 †
527 3668 696 3733 Johsnnes
716 3663 863 3729 Manane.

485 3777 507 3855 †
528 3773 697 3836 Dimitrius
717 3771 840 3834 Rosini.

484 3883 505 3960 †
529 3877 639 3942 Simon
663 3875 830 3961 Stephani.

483 3986 502 4064 †
526 3981 715 4046 Theodorus
739 3981 894 4045 Domune.

483 4093 504 4170 †
528 4089 620 4152 Vitus
644 4085 785 4172 Lampri.

483 4199 504 4275 †
526 4192 700 4275 Pizinagus
721 4191 863 4258 Berisne.

483 4302 504 4380 †
527 4297 630 4362 Vrsus
654 4295 746 4360 Beni.

483 4407 505 4484 Τ
527 4401 665 4468 Sauinus
691 4401 813 4466 Bonde.

483 4512 504 4590 †
527 4508 670 4573 Marinus
693 4503 833 4572 Derasti.

483 4616 505 4696 Τ.
524 4612 716 4679 Laurentius
739 4612 849 4678 Pisini.

483 4725 503 4802 †
527 4718 661 4784 Binzola
683 4717 857 4784 Valentini.

483 4828 502 4906 †
526 4825 658 4909 Sergius
679 4824 858 4891 Bladimiri.

481 4929 663 5014 †Sauinus
687 4929 823 4995 Manole.

332 5096 594 5116 Μ

333 5267 473 5344 Soudeta,
494 5264 504 5318 i
526 5261 626 5317 satiem
648 5256 738 5316 Felix,

1321 2197 1342 2274 †
1365 2192 1547 2259 Germanus
1570 2194 1728 2260 Miohatii.

1323 2297 1532 2376 †Johannes
1557 2298 1680 2386 Calepi.

1248 2413 1253 2424 '
1320 2405 1340 2482 †
1363 2402 1553 2468 Theodorus
1575 2401 1761 2490 Caputassi.

1321 2508 1532 2587 †Dabrisius
1555 2507 1685 2574 Mathai.

1319 2617 1341 2695 †
1361 2613 1528 2678 Johannes
1553 2611 1742 2678 Gondole.⁴

1324 2722 1345 2799 †
1367 2717 1465 2782 Felix
1488 2717 1649 2784 Translle.

1321 2826 1342 2903 Τ
1364 2823 1566 2888 Panerssnus
1589 2823 1724 2890 Pesane.

1320 2931 1341 3010 †
1365 2927 1503 2994 Miohael
1528 2927 1696 2994 Chunniis.

1322 3037 1343 3114 †
1367 3033 1455 3118 Stepi
1480 3033 1654 3102 Demacoa.

1323 3138 1512 3220 †Tessoins
1536 3139 1704 3225 Derigins.

1321 3249 1343 3326 †
1366 3245 1495 3310 Priasus
1519 3245 1665 3312 Berisne.

1321 3353 1342 3430 †
1364 3349 1479 3416 Petrus
1502 3351 1644 3418 Derasti.

1318 3457 1339 3536 †
1362 3455 1534 3520 Miohatius
1557 3456 1709 3522 Berserii.
1765 3505 1768 3516 .

1320 3563 1341 3639 Τ
1364 3559 1503 3625 Miohael
1527 3561 1709 3646 Mangunis.

1321 3669 1342 3745 †
1365 3662 1527 3750 Georgius
1549 3666 1734 3732 Clementis.

1321 3768 1529 3850 †Johannes
1553 3770 1689 3837 Ursaeii.

1321 3879 1341 3956 †
1364 3873 1501 3939 Miohael
1525 3875 1644 3941 Boutii.

1317 3983 1338 4061 †
1359 3979 1525 4044 Johannes
1545 3979 1708 4049 Petraeoe.

1319 4084 1575 4172 †Lampredius
1600 4086 1726 4152 Vitatis.

1320 4189 1467 4274 †Vrsus
1491 4191 1583 4256 Belli.

1320 4299 1341 4378 †
1364 4295 1513 4361 Andreas
1537 4296 1639 4364 Pauli.

1319 4405 1340 4482 †
1364 4399 1502 4468 Miohael
1527 4400 1662 4468 Ursane.

1322 4509 1344 4588 Τ
1366 4507 1481 4572 Petrus
1504 4507 1659 4573 Domane.

1274 4657 1283 4678 .
1319 4616 1340 4694 †
1363 4613 1508 4678 Marinus
1529 4611 1650 4680 Grobe.

1320 4721 1339 4796 †
1363 4717 1481 4782 Vitsna
1505 4717 1594 4783 Vitii.

1320 4823 1342 4905 †
1367 4824 1558 4888 Laurentius
1576 4824 1717 4891 Auelini.
1851 4897 1853 4908 ,

1315 4931 1337 5009 Τ
1359 4927 1525 5014 Mengatis
1546 4929 1673 5018 Booinj.

486 5171 643 5229 ¹Listins:
666 5167 823 5240 dispendio.
871 5159 1032 5220 ⁹11istine:
1056 5163 1194 5221 Gorsluvi.
1242 5158 1382 5220 ⁸Ulist.
1406 5163 1528 5222 Destitu.
1569 5158 1583 5197 ⁴
1614 5163 1745 5222 Ueien.
1770 5165 1827 5224 list.
1851 5167 1998 5240 ispuMenu
