4300 5930
1729 369 1863 450 165*

102 579 249 665 negabat
273 579 391 644 debere
415 577 610 664 persoluere,
631 585 663 642 et
683 575 725 641 ad
748 598 786 640 ea
809 573 1016 662 persoluendi
1040 596 1074 639 se
1098 573 1186 639 nulla
1209 575 1331 638 ratione
1353 577 1454 640 teneri
1480 577 1650 660 negatione
1686 577 1781 662 perti·

105 685 283 749 nacissima
305 684 479 748 astruebat.
504 682 570 747 Nos
593 681 712 746 auditis
737 681 812 746 binc
835 678 910 744 inde
933 678 1123 760 rationibus,
1149 678 1372 744 certitudinem
1398 681 1437 744 de
1455 679 1539 778 facto
1564 680 1783 766 plenissimam

107 789 311 874 colligentes,
328 790 490 854 actionem
515 786 732 853 archidiaconi
757 794 789 850 et
811 785 1050 864 canonicorum,
1074 784 1127 868 qui
1153 785 1185 847 in
1209 805 1282 847 eum
1306 785 1355 848 ius
1387 785 1502 870 agendi
1528 787 1596 871 pari
1621 808 1782 851 consensu

107 894 314 958 contulerant
354 893 576 958 rationabilem
609 915 681 958 esse
716 893 864 956 nouimus
899 900 931 955 et
973 888 1150 954 honestam.
1194 889 1337 974 Ideoque
1380 888 1477 953 finem
1517 892 1653 975 negocio
1697 893 1788 956 iuxta

109 997 227 1062 libram
252 999 382 1064 rationis
406 1009 438 1062 et
454 997 632 1062 iudicialem
658 995 816 1061 calculum
840 997 1050 1082 imponentes,
1069 979 1277 1058 dilectissimo
1304 993 1392 1060 fratri
1410 1005 1518 1060 nostro
1534 995 1697 1082 sepedicto
1722 998 1787 1083 epi·

110 1125 214 1190 scopo
230 1107 307 1196 iuris
324 1105 445 1169 ratione
462 1103 602 1168 dictante
619 1103 820 1189 precepimus
840 1152 846 1168 .
865 1149 872 1164 .
890 1101 990 1187 possit
1008 1099 1196 1184 religionem
1221 1098 1438 1182 iurisiurandi,
1462 1121 1558 1186 quam
1574 1102 1606 1165 in
1627 1103 1791 1187 presentia

108 1219 221 1274 nostra
242 1207 283 1273 ad
308 1207 403 1274 fidem
428 1207 607 1273 faciendam
633 1208 760 1272 veritati
784 1205 1029 1270 archidiaconns
1052 1203 1152 1268 subiit
1175 1211 1371 1289 pretaxatus,
1396 1205 1428 1268 in
1456 1203 1600 1290 qnalibet
1632 1204 1684 1270 die
1716 1207 1788 1270 aab·

105 1314 172 1379 bati
201 1325 275 1402 post
296 1337 449 1401 vesperas
473 1318 517 1380 ita
538 1317 665 1380 comuni
691 1312 831 1401 capitulo
855 1321 965 1400 potum
990 1311 1135 1376 debitum
1160 1320 1192 1374 et
1224 1308 1541 1375 consuetudinarium
1575 1309 1787 1392 administret,

105 1420 194 1506 quod
220 1443 282 1486 non
306 1420 405 1486 semel
429 1421 475 1485 eis
499 1419 596 1486 cilum
618 1420 737 1506 porrigi
762 1421 805 1484 sit
820 1425 999 1497 contentus,
1020 1415 1077 1482 sed
1092 1412 1167 1503 post
1183 1417 1297 1480 trinam
1315 1415 1511 1500 potationem
1538 1417 1567 1479 ei
1584 1414 1670 1480 nulla
1686 1416 1788 1501 impo·
1854 1483 1856 1496 ¹

106 1537 202 1589 natur
228 1527 402 1590 necessitas
424 1525 626 1612 propinandi.
652 1523 887 1590 Nichilominus
911 1525 1006 1587 etiam
1032 1523 1065 1588 in
1089 1519 1226 1586 eundem
1251 1521 1440 1606 episcopum
1475 1521 1668 1584 sententiam
1700 1519 1788 1585 diffi-

107 1631 244 1694 nitiuam
270 1631 352 1696 sicut
376 1630 584 1694 inanteriori
608 1651 684 1694 casu
710 1629 916 1708 dietanimus,
940 1628 1025 1712 quod
1051 1630 1083 1691 in
1107 1625 1251 1713 qualibet
1274 1625 1435 1690 dominica
1467 1625 1519 1689 die
1552 1625 1656 1691 tribus
1687 1624 1786 1690 ebdo-

107 1735 264 1800 madariis
285 1735 428 1802 eiusdem
453 1737 599 1817 ecclesie,
624 1734 804 1822 presbitero
828 1733 990 1814 videlicet,
1015 1731 1173 1798 diachono
1197 1739 1229 1796 et
1253 1729 1475 1796 subdiachono
1501 1732 1670 1816 prandium
1698 1730 1788 1796 exbi-

20 1869 21 1872 ¹
108 1840 184 1904 heat
209 1851 428 1928 conpetenter.
452 1840 593 1906 Demum
618 1851 652 1905 nt
675 1852 747 1926 post
769 1839 965 1908 decisionem
991 1849 1131 1904 nostram
1156 1837 1274 1924 aliquis
1299 1835 1512 1902 dubitationis
1533 1835 1703 1922 scrupulus
1722 1858 1787 1926 pon

107 1957 264 2030 emergat,
288 1947 343 2033 qui
368 1945 455 2012 litem
480 1947 625 2033 sopitam,
652 1947 749 2009 iinmo
773 1949 879 2031 potius
903 1941 1061 2042 sepultam
1087 1943 1195 2008 valeat
1210 1943 1377 2026 suscitare,
1402 1943 1572 2028 omnisque
1592 1940 1789 2028 improbitati

109 2052 375 2116 calumniantium
400 2050 591 2117 obtrudatur
613 2053 795 2137 ingressum
829 2049 891 2115 boc
921 2049 1074 2144 dussimus
1106 2046 1358 2130 adnectendum,
1390 2055 1425 2112 ut
1459 2049 1485 2110 si
1520 2068 1578 2133 per
1607 2046 1787 2112 absentiam

107 2157 255 2242 episcopi
278 2157 331 2222 vel
355 2155 396 2220 cb
420 2157 650 2242 cuiuscumque
682 2179 776 2221 casus
806 2165 955 2221 euentum
988 2153 1103 2219 solutio
1127 2153 1303 2218 cessauerit
1336 2151 1563 2239 predictorum,
1597 2153 1642 2216 ita
1670 2162 1704 2216 ut
1735 2149 1789 2216 vel

111 2263 285 2345 potationis
307 2261 415 2326 debite
438 2261 488 2325 vel
514 2261 639 2348 prandii
666 2261 857 2344 obnoxietas
892 2258 1066 2326 exhibendi
1099 2257 1344 2322 diminutionem
1372 2258 1405 2321 in
1438 2255 1546 2342 aliquo
1574 2257 1723 2342 patiatur,
1754 2257 1787 2320 in

20 2359 22 2438 ,
108 2368 255 2453 episcopi
279 2369 439 2452 presentia
464 2367 549 2453 qnod
575 2366 772 2432 subtractum
796 2365 857 2430 fuit
885 2364 1071 2452 plenissime
1097 2372 1307 2428 restauretur.
1342 2361 1496 2426 Preterea
1531 2361 1616 2448 quod
1655 2383 1786 2427 venera·

20 2503 22 2524 2
107 2469 182 2535 bilis
207 2471 310 2536 frater
330 2481 438 2537 noster
461 2470 501 2538 G.
525 2472 565 2536 de
590 2472 708 2538 Sancto
732 2471 887 2557 apostolo,
913 2479 1024 2536 sancte
1048 2468 1149 2534 Maris
1163 2469 1207 2533 'in
1226 2467 1357 2533 Porticu
1380 2466 1562 2551 cardinalis,
1587 2483 1685 2548 snper·
1710 2465 1787 2531 duo·

20 2567 22 2604 ³
73 2605 75 2608 ’
111 2574 170 2640 bus
194 2578 341 2663 perperis
365 2575 506 2660 landum,
532 2599 594 2642 nno
619 2579 651 2641 in
675 2575 805 2663 pascha,
831 2573 894 2640 alio
918 2576 951 2639 in
976 2573 1129 2638 natalitiis
1152 2573 1488 2660 persolvendasnper
1504 2571 1638 2660 prandio
1656 2573 1688 2636 in
1705 2571 1787 2638 festo

110 2681 193 2745 beati
220 2681 385 2746 Laurentii
411 2693 443 2746 et
464 2704 560 2768 snper
584 2704 664 2747 cena
687 2693 719 2748 et
744 2680 894 2745 mandato
917 2681 949 2744 in
975 2681 1194 2744 sacratissima
1216 2677 1310 2744 Jouis
1334 2677 1387 2744 die
1410 2681 1538 2744 comuni
1567 2675 1707 2764 capitulo
1731 2698 1787 2742 ex·

20 2843 24 2872 ,
109 2785 270 2866 bibendis,
294 2791 326 2850 in
352 2810 489 2874 persona
512 2789 655 2874 episcopi
681 2797 712 2851 et
733 2807 956 2851 successorum
984 2789 1052 2849 eius
1077 2785 1253 2867 constituit,
1285 2792 1389 2848 ratum
1424 2782 1543 2849 habere
1574 2781 1724 2848 volumus
1756 2791 1788 2846 et

108 2891 301 2956 inconuulsa
326 2892 513 2958 stabilitatis
537 2892 653 2957 robore
684 2891 888 2956 decernimus
926 2911 997 2956 esse
1034 2890 1219 2956 subnixum.
1257 2887 1303 2954 Ut
1339 2897 1446 2954 autem
1485 2888 1579 2954 huius
1614 2888 1788 2953 decisionis

20 3057 21 3060 ,
110 2999 229 3081 pagina
254 2996 381 3081 plenum
408 2997 450 3061 ab
475 2997 674 3063 auctoritatis
697 3005 806 3061 nostre
828 2993 968 3081 presidio
992 2994 1091 3060 robur
1107 2993 1226 3060 habeat
1242 3003 1274 3059 et
1290 2995 1463 3076 munimen,
1484 3017 1553 3060 eam
1571 2993 1668 3080 sigilli
1685 2993 1786 3058 nosbi

109 3112 284 3180 caractere,
308 3111 345 3166 nt
366 3104 434 3166 eins
458 3103 612 3166 memoria
635 3100 829 3166 extendatur
851 3102 883 3165 in
908 3121 1013 3177 enum,
1046 3101 1158 3165 merito
1193 3099 1346 3165 duximus
1369 3097 1598 3176 roborandam,
1631 3099 1682 3164 cni
1714 3098 1787 3184 qui·

113 3230 242 3294 cunque
266 3229 346 3273 ausu
368 3211 537 3272 temerario
561 3209 793 3294 presumpserit
816 3207 958 3288 obuiare,
983 3204 1035 3270 vel
1060 3203 1146 3292 qnod
1170 3213 1256 3270 recte
1285 3205 1462 3270 iudicatum
1494 3214 1543 3270 est
1579 3203 1786 3269 calumniosis

112 3313 399 3400 inquietationibus
423 3323 622 3398 attemptare,
647 3311 781 3378 celestes
805 3311 989 3376 iracundias
1009 3319 1041 3374 et
1075 3308 1330 3396 indignationem
1365 3308 1543 3374 beatissimi
1581 3307 1723 3391 Domnii,
1755 3316 1787 3372 et

20 3429 21 3434 ’
111 3431 256 3484 nostranr
278 3441 313 3484 se
336 3419 463 3484 nouerit
485 3421 698 3483 incursurum.
722 3417 836 3484 Testes
858 3427 965 3482 antem
989 3417 1044 3503 qui
1068 3414 1143 3480 hnic
1175 3423 1284 3479 nostm
1319 3413 1532 3480 interfuerunt
1567 3414 1705 3494 decreto,
1738 3411 1783 3476 hii

109 3533 199 3590 sunt:
228 3523 368 3590 Dnimus
391 3526 592 3610 primicerius
615 3523 750 3589 ecclesie
767 3523 869 3588 sancti
886 3519 1026 3586 Domnii.
1043 3519 1180 3586 Mirreus
1197 3519 1414 3585 subdiaconus
1433 3567 1440 3583 .
1458 3568 1466 3584 .
1484 3569 1491 3584 .
1508 3517 1628 3584 caldus.
1644 3515 1784 3583 Michael

111 3629 300 3696 diachonus.
324 3627 517 3716 Grupchins.
542 3629 634 3694 Rada
657 3626 817 3694 sacerdos.
841 3625 930 3692 Vitta
953 3625 1098 3704 clericus,
1121 3626 1177 3711 qui
1199 3647 1311 3690 omnes
1334 3627 1367 3689 in
1390 3624 1528 3690 ecclesia
1557 3623 1782 3708 gloriosissimi

111 3735 249 3800 martiris
272 3733 412 3813 Domnii,
436 3734 611 3819 gloriosum
647 3743 831 3798 mernerunt
858 3736 1065 3797 canonicatus
1089 3729 1281 3796 vocabulum
1315 3731 1472 3797 obtinere.
1511 3729 1629 3794 Datum
1663 3727 1785 3814 Spalati

109 3864 193 3904 anno
219 3841 262 3908 ab
286 3843 504 3905 incarnatione
529 3841 650 3905 domini
673 3840 717 3904 M.
743 3839 770 3905 C
804 3837 909 3903 XCII.
934 3837 1114 3902 Indictione
1139 3835 1182 3900 X.
1216 3835 1308 3900 XVI.
1343 3835 1499 3900 kalendas
1536 3837 1621 3899 maii.
1647 3832 1784 3918 Aposto-

20 3945 22 3976 r
112 3945 193 4011 latus
217 3941 372 4018 Celestini
399 3945 446 4010 111
469 3965 554 4010 anno
576 3944 729 4021 secundo.
752 3943 912 4029 Gregorio
935 3943 976 4008 de
999 3941 1117 4008 Sancto
1143 3939 1298 4027 Apostolo
1323 3952 1402 4007 tnnc
1435 3941 1589 4026 fungente
1615 3939 1785 4024 legationis

20 4071 21 4112 3
111 4051 228 4117 officio.
253 4050 289 4114 ln
312 4073 412 4135 regno
437 4050 604 4134 Hungarie
617 4051 823 4116 serenissimo
848 4072 923 4134 rege
947 4047 1023 4114 Beln
1048 4047 1152 4113 sidem
1177 4045 1344 4131 Hungarie
1367 4068 1428 4111 nec
1451 4068 1514 4110 non
1550 4043 1689 4125 Oroatis,
1706 4039 1785 4114 Dal·

20 4195 21 4206 .
112 4159 212 4221 macie
228 4155 549 4252 Ramequefeliciter
564 4157 750 4240 imperante,
772 4176 829 4241 per
851 4177 980 4219 manum
1004 4155 1149 4238 magistri
1164 4151 1318 4216 Falconis
1342 4162 1374 4218 st
1395 4155 1556 4237 signatum
1573 4161 1606 4216 et
1620 4149 1784 4214 traditum.

263 4304 306 4360 Od
326 4304 409 4358 adela
432 4321 469 4358 nn
490 4303 567 4373 tutoj
591 4302 601 4356 i
621 4303 734 4372 crrenoj
758 4301 822 4356 asili
845 4301 926 4356 risile
949 4319 981 4355 sn
1003 4301 1067 4355 dvie
1091 4299 1191 4370 petati,
1214 4299 1284 4354 sada
1306 4299 1426 4355 obadvie
1456 4297 1624 4370 ingule'ens.
1667 4297 1785 4378 laverna

111 4394 221 4464 pcrslja
246 4392 347 4462 pisana
368 4410 406 4446 na
427 4391 599 4464 pergameni,
623 4389 716 4445 nalazi
738 4406 769 4444 se
791 4407 808 4443 n
834 4388 967 4460 injitnici
988 4387 1146 4458 akadsmije
1165 4387 1272 4460 jagaal.

737 4679 899 4763 CCXX.
928 4678 1030 4762 (iod.
1060 4676 1167 4760 1192.

238 4845 334 4904 Potor
356 4839 526 4917 nanterus
548 4843 699 4920 admeti,
725 4841 857 4916 tonnae
879 4841 970 4914 njetu
992 4841 1099 4914 semna
1122 4837 1230 4912 Abala,
1252 4843 1426 4901 somoatonn
1448 4839 1653 4912 talamannia

738 4964 780 5007 sa.
805 4945 973 5006 Beneditto
995 4963 1016 5004 a
1039 4944 1162 5018 Spijetn.

260 5101 298 5167 In
324 5099 444 5167 Christi
468 5103 607 5167 nomine.
633 5101 728 5166 Anno
752 5101 912 5167 dominice
935 5101 1170 5166 incarnacionis
1191 5097 1363 5164 millesimo
1381 5099 1558 5163 centesimo
1574 5097 1783 5183 nonagesimo

20 5199 22 5296 ζ
88 5279 94 5286 ,
115 5205 155 5284 II,
180 5207 364 5273 indiccione
387 5228 464 5272 vero
487 5205 529 5272 X.
554 5207 713 5293 Tempore
737 5205 901 5272 Grubesse
914 5207 1040 5271 comitis
1058 5215 1090 5270 et
1106 5206 1138 5269 in
1154 5204 1310 5270 bucaratu
1325 5204 1383 5268 filii
1400 5201 1584 5284 Oaruchuli,
1602 5201 1662 5268 boc
1677 5209 1783 5267 actum

20 5297 22 5308 ι

20 5333 22 5346 Ι

20 5353 22 5394 Ι

20 5397 22 5418 l

20 5503 21 5522 l

20 5655 22 5674 l
