4236 5926
13 2 357 403 Γ

1740 467 1805 534 203
1913 413 1916 418 ¹

13 719 15 750 ÷
135 643 221 726 restis
243 661 414 746 Ratpotoni
447 661 573 725 comitis
598 681 632 724 se
655 660 697 725 ab
719 647 781 726 isto
805 661 967 748 disiungit,
985 672 1016 726 et
1039 665 1071 728 in
1093 661 1266 749 aquilonali
1292 669 1381 748 parte
1406 661 1446 726 de
1467 662 1571 727 riuulo
1599 659 1803 749 'l'inilinpach

13 783 14 786 ’
134 768 278 853 usquein
302 768 519 832 summitatem
543 768 659 832 montis
696 765 874 833 Oiruancus
900 771 1061 850 nominati,
1087 779 1119 832 et
1152 769 1278 833 daiam
1310 768 1396 834 dicto
1427 777 1533 832 monte
1564 767 1805 855 Uuassinperch

135 895 229 960 usque
259 873 301 938 ad
332 873 511 960 praefatum
534 873 741 939 monticulum
770 875 955 956 Nochstein,
982 876 1035 940 illa
1060 885 1211 940 montana
1233 878 1350 957 omnia,
1375 897 1457 962 quae
1482 877 1514 939 in
1539 884 1695 962 potestate
1719 885 1806 939 ante-

133 1003 288 1046 cessorum
322 990 501 1046 nostrorum
525 981 664 1064 fuerunt,
689 991 721 1045 et
745 992 863 1064 nostra,
887 983 1013 1046 odiam
1037 983 1157 1047 dictum
1181 983 1407 1046 monasterium
1435 982 1611 1046 firmamus.
1636 980 1688 1045 Ad
1710 979 1805 1045 Obie-

132 1088 224 1152 misse
247 1085 418 1152 abbaciam
435 1109 507 1151 cum
524 1088 650 1152 omibus
670 1088 709 1153 ad
728 1088 863 1154 eandem
887 1089 1055 1154 abbaciam
1079 1092 1161 1153 iuste
1184 1113 1223 1152 ac
1240 1088 1385 1176 legaliter
1402 1089 1647 1175 pertinentibus.
1673 1086 1804 1152 Ourtem

13 1245 14 1252 ,
100 1213 254 1280 ,quoque
270 1193 312 1258 ad
332 1193 559 1273 Piscofesd'ori,
584 1215 657 1260 cum
694 1194 843 1276 omnibus
866 1197 949 1261 iuste
975 1196 1015 1260 ad
1041 1195 1175 1260 eandem
1200 1204 1322 1259 curtem
1346 1194 1591 1280 pertinentibus,
1621 1204 1717 1282 atque
1742 1195 1804 1280 pis-

13 1337 15 1364 ·
130 1299 284 1364 sationem
307 1300 341 1363 in
373 1298 444 1364 lacu
477 1300 617 1365 Atarseo
642 1303 791 1384 vocitato,
824 1304 893 1366 sine
923 1301 1057 1368 alicuius
1088 1299 1227 1368 hominis
1259 1299 1520 1382 contradictione,
1556 1300 1804 1386 illosquondam

13 1381 15 1402 Ι
130 1404 308 1491 praedictos
351 1405 417 1470 XII
450 1409 593 1493 priuatos
628 1415 761 1486 tractus,
791 1409 875 1472 sicut
909 1407 1109 1473 dominicalis
1144 1417 1229 1473 terra
1257 1429 1291 1472 se
1321 1406 1362 1471 ad
1392 1407 1606 1493 Poumgarten
1639 1408 1709 1492 ipso
1734 1404 1806 1469 lacu

13 1571 15 1592 ,
128 1509 289 1596 adiungit,
311 1512 381 1575 sine
404 1509 468 1576 olis
501 1517 663 1578 communi
697 1515 879 1600 piscacione
903 1515 935 1578 in
966 1515 1114 1598 Atarseo,
1145 1513 1186 1579 ad
1219 1513 1360 1579 Atarhof
1380 1515 1560 1600 pertinenti,
1585 1513 1624 1578 de
1650 1521 1806 1599 potestate

128 1627 238 1682 nostra
258 1617 426 1682 firmamus
457 1619 551 1683 etiam
577 1621 655 1684 istas
691 1629 797 1685 curtes
821 1623 853 1684 in
892 1623 1073 1708 proprium,
1107 1643 1190 1708 quae
1224 1629 1298 1686 ants
1327 1621 1406 1685 inibi
1447 1620 1638 1686 beneficium
1663 1623 1731 1685 siue
1765 1641 1807 1684 ex

127 1732 215 1811 perte
246 1725 484 1790 antecessorum
504 1735 685 1791 nostrorum
704 1727 773 1792 siue
790 1749 830 1792 ex
847 1726 978 1792 alterius
995 1727 1166 1794 cuiuslibet
1181 1736 1271 1814 parte
1287 1726 1496 1792 beneficiatae
1513 1726 1658 1808 fuissent,
1673 1747 1807 1814 quarum

128 1830 205 1896 haec
227 1833 360 1896 nomina
382 1843 477 1894 sunt:
498 1832 539 1896 ad
563 1831 754 1898 Sessarafelt
771 1843 891 1898 curtem
910 1844 941 1898 et
957 1833 1127 1898 ecclesiam
1154 1857 1226 1898 cum
1253 1833 1387 1914 decima,
1411 1843 1443 1897 et
1468 1834 1552 1898 sicut
1574 1831 1628 1897 illc
1652 1833 1808 1897 terminus

127 1939 157 2002 in
180 1937 315 2003 australi
340 1947 431 2025 parte
445 1925 566 2024 incipit,
584 1941 639 2026 qui
663 1939 841 2025 Uuagreini
869 1941 995 2022 dicitur,
1012 1940 1096 2006 ultra
1120 1941 1250 2028 lpisam,
1278 1949 1309 2005 et
1335 1942 1367 2004 in
1393 1938 1582 2004 occidentali
1607 1961 1708 2025 usque
1732 1937 1808 2002 dum

13 2067 15 2116 ι
127 2043 263 2118 ducitur,
287 2042 342 2109 ubi
364 2042 468 2110 Urula
490 2067 525 2110 se
549 2045 680 2110 dimittit
712 2047 744 2110 in
768 2046 947 2133 praefatum
980 2069 1117 2129 amnem,
1149 2057 1181 2111 et
1214 2046 1367 2134 quicquid
1390 2047 1421 2111 in
1447 2043 1594 2110 orientali
1618 2054 1708 2130 parte
1742 2046 1806 2109 iam

13 2155 15 2190 r
127 2150 203 2215 dicti
239 2149 381 2215 fluminis
404 2149 525 2216 habere
540 2151 698 2235 videmur,
717 2163 817 2218 totum
842 2152 883 2218 ad
900 2154 1097 2240 praedictum
1124 2155 1351 2218 monasterium
1392 2152 1631 2232 confirmamus,
1650 2153 1810 2238 ‘exceptis

128 2255 255 2322 duobus
286 2257 517 2344 piscatoribus,
548 2281 620 2325 cum
650 2281 759 2326 eorum
797 2260 924 2324 ruribus
952 2261 984 2324 in
1016 2259 1189 2346 aquilonali
1223 2268 1322 2346 parte.
1355 2257 1406 2323 Ad
1439 2256 1644 2343 Magilicham
1676 2259 1809 2322 terciam

127 2373 253 2446 partem
296 2364 445 2446 ciuitatis,
478 2374 511 2429 et
539 2367 622 2430 sicut
644 2364 699 2430 ille
730 2367 885 2430 terminus
910 2389 944 2430 se
975 2366 1141 2452 disiungit,
1165 2365 1205 2430 de
1229 2364 1293 2428 illis
1316 2364 1413 2430 rebus
1438 2365 1469 2427 in
1494 2363 1685 2429 occidentali
1710 2371 1809 2450 parte,

127 2491 206 2556 quas
237 2468 399 2556 quondam
415 2469 457 2534 ad
475 2479 618 2535 sanctum
646 2471 886 2538 Emmeramum
904 2481 1124 2537 antecessores
1141 2473 1241 2536 nostri
1258 2470 1468 2552 tradiderunt,
1492 2479 1592 2534 totum
1616 2472 1648 2534 in
1673 2470 1810 2534 termino

126 2575 294 2641 orientalis
317 2574 358 2639 ad
381 2574 561 2662 praefatum
585 2579 813 2643 monasterium
838 2579 1073 2662 confirmamus,
1098 2579 1242 2666 exceptis
1266 2577 1359 2643 hobis
1391 2577 1504 2642 tribus.
1528 2575 1581 2641 Ad
1613 2575 1804 2657 Arnesdorf,

127 2681 223 2746 idest
243 2681 284 2746 ad
305 2681 547 2764 Uuachauuam,
572 2684 724 2770 quicquid
749 2683 793 2748 ibi
823 2683 1002 2760 habuimus,
1028 2707 1100 2749 cum
1125 2687 1227 2749 vineis
1251 2695 1283 2750 et
1306 2683 1512 2768 saginacione
1536 2689 1568 2746 et
1586 2690 1693 2746 monte
1717 2703 1810 2768 quer·

127 2797 230 2870 cesto,
261 2789 427 2875 pratisque
466 2790 550 2853 inter
585 2791 688 2875 ipsum
732 2801 942 2877 querceatum
979 2801 1118 2856 montem
1149 2793 1300 2872 sittace
1331 2791 1414 2854 inter
1446 2788 1559 2853 siluam
1592 2787 1726 2870 Paltam,
1757 2785 1811 2850 vel

127 2892 284 2981 quicquid
307 2895 340 2958 in
363 2878 443 2980 ipsis
467 2893 558 2958 siluis
592 2891 770 2976 habuimus,
802 2905 904 2960 totum
929 2897 962 2960 in
986 2921 1077 2962 usum
1103 2897 1257 2986 praedicti
1289 2897 1475 2961 monasterii
1500 2893 1734 2959 confirmamus.
1759 2891 1810 2957 Ad

128 2999 321 3067 Grunaitam
346 3002 499 3089 quicquid
532 3001 690 3088 superfuit
721 3002 814 3068 hobis
838 3001 877 3068 V.
902 3025 982 3091 quas
1004 3005 1091 3072 fideli
1115 3027 1173 3070 suo
1198 3003 1354 3087 Districo,
1386 3012 1606 3068 antecessores
1631 2991 1730 3065 nostri
1755 2999 1810 3064 de-

127 3109 256 3188 derunt,
282 3107 344 3172 hoc
368 3117 442 3172 sunt
464 3107 548 3174 hobe
570 3108 606 3173 L.
632 3107 683 3173 Ad
719 3109 901 3192 Liubinam,
927 3110 967 3176 ad
1004 3109 1217 3198 Holunpurch
1248 3109 1380 3174 terciam
1413 3117 1534 3195 partem
1565 3108 1704 3173 ciuitatis
1738 3129 1809 3170 cum

128 3215 235 3279 vineis
259 3211 361 3278 XXX
383 3223 416 3277 et
439 3212 531 3278 hobis
556 3213 620 3278 XV
644 3215 713 3278 sine
741 3213 846 3280 curtili
875 3227 969 3282 terra.
996 3215 1049 3282 Ad
1065 3217 1257 3282 'Preisimam
1275 3217 1437 3282 ciuitatem
1460 3225 1492 3280 et
1516 3213 1684 3279 ecclesiam
1710 3216 1811 3278 sancti

127 3321 262 3387 Martini
286 3343 357 3386 cum
375 3320 509 3403 decima,
536 3331 567 3385 et
582 3343 709 3386 sursum
726 3323 758 3386 in
782 3323 914 3388 australi
932 3334 1028 3410 atque
1055 3323 1200 3390 orientali
1218 3331 1309 3410 parte
1325 3321 1466 3388 fluminis
1482 3319 1756 3408 Treisime'usque
1772 3321 1812 3384 ad

128 3427 434 3514 Potilinesprunnen
458 3435 490 3491 et
512 3429 596 3492 sicut
620 3426 886 3516 Districhcspach
904 3428 975 3494 fluit
990 3437 1102 3494 contra
1119 3429 1200 3494 duos
1216 3449 1351 3494 aceruos
1375 3429 1561 3508 exteriores,
1579 3428 1634 3513 qui
1651 3428 1683 3490 in
1708 3427 1813 3490 orien-

127 3533 185 3598 tali
208 3542 302 3622 parte¹
326 3533 430 3620 campi
454 3533 549 3619 positi
574 3544 656 3601 sunt.
689 3531 732 3598 Et
755 3534 874 3599 exinde
899 3557 1000 3622 nsque
1023 3534 1220 3618 Danubium,
1245 3557 1317 3600 cum
1342 3538 1439 3622 agris,
1463 3535 1572 3622 pratis,
1597 3531 1689 3598 cultis
1713 3541 1746 3596 et
1767 3533 1812 3595 in·

129 3639 237 3724 cultis,
261 3641 353 3723 auiis,
388 3637 468 3705 locis
491 3641 719 3725 piscacionum,
745 3663 827 3728 quae
846 3640 983 3707 diutiscc
1010 3639 1185 3706 Aricbsteti
1202 3648 1367 3722 vocantur,
1384 3651 1417 3706 et
1436 3643 1482 3705 ita
1504 3661 1631 3704 sursum
1653 3661 1754 3724 usque
1772 3637 1813 3701 sd

129 3746 219 3812 illam
237 3745 410 3831 marcham,
435 3767 518 3834 qnae
542 3747 625 3812 inter
647 3747 839 3813 Treisimam
876 3757 908 3812 et
939 3746 1152 3834 Holuopuroh
1178 3757 1331 3834 utrasque
1366 3769 1418 3810 res
1449 3743 1662 3810 discernendo
1686 3743 1812 3808 diuidit.

129 3852 182 3918 Ad
205 3851 458 3918 Penninuuanclr
482 3851 634 3940 quicquid
658 3852 703 3918 ibi
726 3853 907 3934 habuimus,
940 3853 981 3918 sd
1017 3852 1186 3919 ecclesiam
1210 3852 1364 3932 Aneonis,
1382 3851 1423 3916 ad
1450 3851 1709 3937 Uuitinesperch,
1726 3849 1813 3936 quic·

130 3959 209 4047 quid
233 3957 277 4025 ibi
301 3958 481 4042 habuimus,
506 3967 643 4045 excepto
666 3957 752 4047 quod
776 3958 1011 4045 Mosogouuoni
1029 3960 1139 4024 datum
1164 3967 1222 4041 est,
1244 3958 1306 4024 hoc
1321 3968 1370 4024 est
1385 3957 1486 4022 hobas
1503 3955 1539 4022 0.
1556 3957 1608 4021 Ad
1643 3953 1813 4021 ecclesiam

130 4064 270 4148 Ellodis,
305 4062 474 4130 ecclesiam
510 4065 685 4150 Minigonis
716 4063 906 4152 presbyteri,
932 4065 972 4128 ad
1003 4063 1286 4152 Guntpoldcsdorl'
1310 4063 1464 4152 quicquid
1493 4063 1537 4128 ibi
1569 4061 1750 4144 habuimus,
1774 4061 1814 4126 ad

129 4171 266 4258 idapem,
298 4169 340 4235 ad
371 4170 538 4236 Sabariam
567 4173 750 4254 ciuitatem,
781 4180 814 4236 et
843 4171 1012 4236 ecclesiam
1036 4193 1108 4236 cum
1141 4171 1267 4236 decima
1302 4181 1334 4235 et
1357 4169 1532 4252 theloneis,
1567 4169 1672 4254 agris,
1697 4169 1814 4256 pratis,

19 4308 24 4319 ·
133 4277 274 4365 pascois,
312 4275 495 4359 forestibus,
529 4278 699 4359 montibus,
733 4279 922 4366 cunctisque
956 4277 997 4340 ad
1029 4277 1163 4343 eandem
1196 4279 1358 4342 ciuitatem
1393 4275 1539 4362 legaliter
1569 4273 1814 4362 pertinentibus,

130 4383 172 4448 ad
196 4384 316 4448 siccam
340 4379 516 4464 Sabariam,
534 4382 575 4448 ad
593 4381 810 4466 Peninchalra,
834 4383 875 4446 ad
903 4381 1098 4448 Mossburch
1122 4377 1301 4462 abbaciam,
1332 4379 1387 4446 ubi
1423 4391 1552 4447 sanctus
1582 4381 1744 4446 Adrianus
1768 4403 1815 4444 rr.-
1849 4421 1851 4426 -

131 4491 279 4576 quiescit,
303 4490 414 4552 martir
438 4487 567 4572 Christi,
592 4512 687 4576 quam
705 4498 927 4554 antecessores
953 4490 1052 4554 nostri
1077 4488 1117 4555 ad
1141 4489 1340 4576 praedictum
1359 4491 1588 4554 monasterium
1605 4486 1816 4568 tradiderunt,

15 4635 18 4670 ,
131 4605 164 4661 ct
188 4619 248 4661 nos
271 4595 508 4662 confirmamus.
532 4595 657 4662 Nonam
682 4619 811 4684 quoque
835 4597 876 4664 dc
913 4596 1062 4662 omuibus
1085 4596 1230 4662 curtibus
1252 4599 1369 4662 nostris
1393 4597 1472 4660 inibi
1504 4619 1576 4660 cum
1611 4593 1760 4659 theloneo
1783 4595 1815 4657 in

15 4725 16 4728 ¹
131 4703 264 4768 ciuitate
288 4711 320 4768 et
342 4704 467 4789 piscina
489 4703 725 4770 confirmamus.
750 4704 802 4770 Ad
828 4703 1021 4792 Salapiugen
1047 4713 1171 4769 curtem
1197 4727 1268 4770 cum
1286 4703 1371 4772 000
1386 4705 1505 4770 mansis
1518 4711 1551 4768 et
1566 4701 1697 4768 totidem
1712 4701 1815 4766 vineis

133 4807 185 4880 vel
221 4809 372 4898 quicquid
397 4809 441 4874 ibi
458 4809 640 4878 habuimus.
672 4809 852 4876 Ecclesiam
878 4811 918 4874 ad
949 4808 1161 4891 Quarnnaha,
1184 4810 1354 4878 ecclesiam
1379 4810 1420 4874 ad
1437 4809 1547 4892 Genti,
1579 4806 1750 4874 ecclesiam
1774 4806 1815 4870 ad

15 4903 17 4950 t
133 4913 333 4998 Ternberch,
358 4917 528 4981 ecclesiam
546 4915 721 5000 Gundoldi,
737 4918 779 4984 ad
805 4917 836 4980 V
859 4918 1023 4998 ecclesias,
1044 4940 1116 4984 cum
1135 4917 1293 4982 theloneis
1312 4917 1473 4996 etvineis,
1491 4913 1674 4996 forestibus,
1692 4922 1812 4978 etcum

15 5005 17 5058 l
133 5021 306 5106 omnibus,
320 5044 403 5109 quae
418 5022 460 5088 ab
483 5024 741 5089 antecessoribus
765 5026 883 5089 nostris
919 5036 1015 5090 antea
1036 5021 1230 5090 beneficiata
1254 5031 1370 5106 essent,
1395 5022 1560 5087 firmamus
1583 5021 1615 5086 in
1641 5021 1816 5107 proprium.

134 5128 187 5192 Ad
213 5127 423 5214 Ruginesfeld
444 5129 596 5216 quicquid
614 5129 658 5196 ibi
675 5129 856 5198 habuimus.
873 5129 925 5196 Ad
950 5129 1129 5197 Durnauua
1154 5129 1322 5196 ecclesiam
1349 5149 1431 5216 quae
1449 5136 1497 5193 est
1509 5136 1693 5192 constructa
1708 5127 1739 5190 in
1763 5124 1818 5189 ho·

15 5237 17 5282 l
135 5257 214 5300 nore
234 5238 336 5302 sancti
364 5235 550 5320 Roudberti‚
575 5247 607 5302 et
629 5246 807 5304 ceterorum
839 5248 1020 5304 sanctorum
1054 5237 1362 5326 quamplurimorum
1399 5244 1587 5323 martyrum,
1610 5255 1683 5297 cum
1711 5239 1819 5294 monte

135 5341 284 5408 Paruuoa
306 5344 402 5421 dicto,
426 5367 498 5410 cum
522 5345 634 5428 vineis,
660 5348 768 5432 pratis,
801 5345 891 5410 siluis
924 5356 955 5411 et
985 5369 1057 5412 cum
1090 5344 1237 5410 omnibus
1268 5365 1351 5431 quae
1389 5340 1433 5406 ibi
1462 5349 1536 5406 sunt
1564 5341 1652 5404 circa
1679 5345 1818 5401 montem

137 5449 209 5514 sita.
232 5445 285 5514 Ad
320 5447 488 5515 Petouiam
524 5447 692 5516 ecclesiam
728 5474 800 5517 cum
831 5453 957 5518 decima
980 5463 1012 5518 et
1042 5455 1122 5518 duas
1157 5461 1262 5538 partes
1307 5449 1446 5516 ciuitatis
1479 5469 1551 5512 cum
1590 5443 1716 5526 bannis,
1751 5442 1818 5508 the-
