4276 5934
1757 408 1822 478 215

147 627 247 694 quam
272 607 351 672 deus
373 607 465 673 nohis
489 607 564 672 licet
586 608 729 692 indignis
754 607 875 691 ligandi
899 615 931 672 et
946 607 1093 672 soluendi
1107 607 1242 672 contulit
1258 615 1424 694 potestate,
1442 606 1601 689 omnibus,
1622 609 1676 693 qui
1694 606 1821 671 labores

137 713 241 778 huius*
257 715 382 777 itineris
408 716 439 776 iu
465 715 611 798 personis
636 715 776 798 propriis
799 713 958 778 subierint
981 724 1012 778 et
1034 716 1196 798 expensis,
1222 714 1398 800 plenariam
1432 722 1638 799 peccatorum
1678 734 1820 794 suorum,

137 817 177 884 de
204 819 322 904 quihus
347 819 454 884 cordis
480 834 511 883 et
535 824 599 882 oris
624 822 749 903 egerint
780 821 1020 904 poenitentiam,
1057 821 1184 884 veniam
1222 820 1438 906 indulgemus,
1475 829 1506 884 et
1541 821 1573 884 in
1609 816 1820 884 retributione

136 925 295 988 iustorum
317 925 429 988 salutis
454 935 563 988 eterne
589 923 780 1009 pollicemur
803 936 1022 1008 augmentum.
1046 924 1104 988 Eis
1129 933 1246 998 autem,
1271 927 1325 1010 qui
1350 948 1412 989 uon
1438 927 1469 988 in
1503 925 1650 1009 personis
1683 927 1821 1010 propriis

136 1027 214 1094 illuc
239 1033 444 1108 accesserint,
470 1030 526 1093 sed
550 1033 583 1093 iu
607 1031 673 1094 suis
698 1040 821 1094 tantum
847 1033 998 1116 expensis
1022 1033 1112 1094 iuxta
1129 1029 1324 1111 facultatem,
1347 1040 1378 1094 et
1401 1029 1589 1116 qualitatem
1606 1053 1708 1108 suam,
1731 1031 1821 1095 viros

139 1135 275 1201 idoneos
299 1137 491 1201 destinarint
513 1137 590 1200 illuc
611 1159 668 1222 per
691 1159 810 1200 annum
836 1147 1015 1202 moraturos
1039 1138 1080 1202 ad
1104 1139 1218 1214 miuus,
1241 1135 1359 1199 stillis
1394 1134 1550 1215 similiter,
1586 1137 1640 1220 qui
1679 1135 1754 1199 licet
1787 1137 1819 1198 in

138 1240 254 1306 alienis
275 1242 438 1327 expensis,
464 1244 494 1304 in
520 1243 658 1327 propriis
684 1253 790 1306 tamen
816 1245 963 1328 personis
979 1252 1144 1328 assumpte
1160 1242 1427 1326 peregrinationis
1444 1240 1587 1306 laborem
1605 1239 1820 1326 impleueriut,

140 1344 271 1431 plenam
295 1369 425 1411 suorum
450 1347 657 1412 concedimus
683 1351 810 1412 veniam
836 1357 1052 1434 peccatorum.
1076 1347 1183 1411 Huius
1207 1368 1335 1432 quoque
1360 1348 1559 1411 remissionis
1583 1345 1732 1410 volumus
1750 1369 1821 1412 esse

139 1453 314 1536 participes
333 1453 424 1516 iuxta
450 1455 660 1538 quantitatem
687 1452 822 1516 subsidii
847 1463 879 1518 et
903 1453 1085 1518 deuotionis
1109 1453 1260 1516 affectum
1285 1474 1406 1532 omnes,
1431 1454 1487 1537 qui
1511 1451 1552 1514 ad
1570 1449 1819 1515 subuentiouem

136 1557 240 1642 ipsius
263 1567 347 1620 terre
371 1558 412 1621 de
438 1557 530 1621 bouis
552 1559 620 1642 suis
656 1580 799 1642 congrus
836 1558 1074 1622 ministrabunt.
1113 1555 1273 1622 Pers'onas
1308 1559 1441 1642 insuper
1475 1559 1631 1642 ipsorum,
1669 1565 1701 1620 et
1736 1557 1821 1621 bona

138 1683 260 1743 eorum,
287 1685 329 1727 ex
352 1686 416 1749 quo
441 1685 569 1728 crucem
594 1667 803 1750 susceperint,
830 1663 890 1729 sub
916 1663 1001 1728 beati
1026 1663 1112 1728 Petri
1137 1673 1169 1728 et
1192 1677 1302 1727 nostra
1318 1664 1517 1749 protectione
1535 1663 1744 1749 suscipimus,
1761 1684 1822 1727 nec

138 1789 202 1830 non
227 1767 287 1831 sub
311 1768 627 1855 archiepiscoporum
654 1781 684 1832 et
709 1772 851 1834 omnium
876 1767 1070 1854 prelatorum
1095 1767 1231 1832 ecclesie
1255 1769 1305 1834 dei
1331 1769 1519 1833 defensione
1543 1770 1730 1849 consistant,
1757 1779 1821 1833 sta-

139 1882 277 1953 tuentes,
303 1885 345 1953 ut,
374 1874 477 1938 donec
502 1875 541 1938 de
565 1877 707 1960 ipsorum
733 1876 822 1940 obitu
847 1874 899 1938 vel
923 1874 1052 1938 redditu
1076 1875 1255 1938 certissime
1280 1885 1505 1960 cognoscatur,
1528 1876 1653 1959 integra
1670 1884 1821 1938 maneant

140 1986 172 2040 et
192 1981 302 2064 quieta
326 1981 513 2060 consistant.
539 1978 633 2059 Quod
658 1983 683 2042 si
709 1981 879 2066 quisquam
904 1989 1016 2043 eontra
1041 1981 1282 2065 presumpserit,
1307 2001 1363 2065 per
1384 1999 1552 2044 censuram
1568 1978 1819 2042 ecclesiasticam

137 2082 354 2168 appellatione
378 2085 556 2169 postposita
581 2093 812 2170 compescatur.
833 2085 865 2149 si
890 2086 944 2171 qui
962 2107 1038 2149 vero
1057 2085 1329 2170 proficiscentium
1348 2083 1424 2148 illuc
1440 2084 1480 2147 ad
1498 2083 1687 2170 prestandas
1706 2106 1820 2148 usuras

137 2191 320 2254 iuramento
344 2200 492 2254 tenentur
512 2191 670 2272 adstricti,
695 2215 753 2254 vos
778 2191 892 2255 fratres
916 2191 1175 2276 arschiepiscope
1197 2201 1229 2255 et
1252 2192 1404 2276 episcopi,
1438 2213 1495 2276 per
1519 2201 1644 2254 vestras
1675 2190 1821 2254 dioceses

137 2294 316 2360 creditores
342 2307 463 2377 eorum,
491 2296 617 2360 sublato
638 2296 851 2382 appelationis
875 2296 1052 2378 obstaculo,
1084 2297 1196 2361 eadem
1230 2295 1428 2361 districtione
1465 2298 1599 2381 cogatis,
1643 2303 1677 2360 ut
1713 2318 1767 2360 eos
1802 2319 1820 2359 a

137 2411 341 2465 sacramento
360 2391 487 2486 penitus
512 2401 727 2482 absoluentes,
752 2402 793 2465 ab
819 2425 989 2467 usurarum
1019 2402 1154 2467 ulterius
1178 2404 1347 2482 exactione
1371 2401 1537 2466 desistant.
1563 2400 1656 2481 Quod
1683 2404 1709 2465 si
1736 2405 1819 2488 quis·

139 2527 237 2591 quam
262 2506 456 2570 creditorum
483 2529 537 2570 eos
561 2509 602 2570 ad
627 2506 818 2572 solutionem
851 2511 993 2593 coegerit
1023 2531 1204 2587 usurarum,
1242 2532 1314 2573 eum
1351 2508 1392 2572 ad
1427 2511 1662 2573 restitutionem
1699 2531 1819 2590 earum,

140 2610 269 2675 sublato
294 2611 520 2697 appellationis
544 2613 721 2694 obstaculo,
743 2615 944 2680 districtione
968 2615 1064 2679 simili
1089 2613 1298 2700 compellatis.
1314 2613 1438 2680 Judeos
1456 2636 1533 2678 vero
1550 2613 1590 2677 ad
1610 2614 1820 2679 remittendas

139 2718 219 2800 ipsis
244 2739 357 2780 usuras
383 2740 439 2803 par
461 2719 638 2782 secularem
665 2720 815 2805 compelli
840 2722 1035 2806 precipimus
1058 2730 1258 2806 potestatem,
1281 2731 1312 2784 et
1335 2719 1439 2784 donec
1468 2743 1521 2782 eas
1555 2712 1746 2801 remiserint,
1779 2719 1820 2782 ab

139 2821 300 2884 uniuersis
315 2821 433 2886 Christi
448 2823 598 2888 fidelibus
615 2835 679 2888 tam
698 2828 730 2888 iu
745 2828 970 2908 mercimoniis,
987 2849 1083 2911 quam
1101 2825 1172 2890 aliis
1191 2849 1247 2912 per
1264 2827 1608 2890 excommunicationis
1625 2827 1819 2889 senteutiam

140 2927 186 2990 eis
211 2926 358 2990 iubemus
383 2932 639 2992 communionem
666 2931 884 2994 omnimodam
907 2931 1072 3016 denegari.
1106 2932 1229 2996 Horum
1262 2940 1369 2995 autem
1406 2953 1475 3011 vos,
1511 2929 1627 2994 fratres
1663 2929 1819 3017 archiepi-

141 3051 237 3116 scope
262 3041 295 3094 et
317 3035 470 3118 episcopi,
495 3035 639 3119 singulos
665 3037 695 3098 in
721 3039 787 3099 suis
813 3037 998 3102 diocesibus
1031 3045 1223 3101 executores
1260 3060 1331 3102 esse
1368 3037 1516 3100 volumus
1552 3045 1584 3101 ct
1618 3036 1819 3118 mandamus,

140 3157 201 3220 que
225 3147 291 3200 tam
316 3137 488 3221 diligenter
507 3151 538 3204 et
561 3141 700 3206 fideliter
723 3141 945 3227 exequamiui,
965 3153 998 3208 ut
1021 3144 1214 3208 indistricto
1238 3145 1412 3208 nouissime
1429 3144 1639 3207 discussionis
1658 3145 1819 3226 examine,

141 3262 212 3304 cum
238 3242 409 3307 adstabitis
433 3255 507 3308 ante
532 3245 675 3310 tribunal
699 3245 829 3326 Christi,
855 3249 987 3332 dignam
1013 3249 1159 3312 debeatis
1184 3247 1320 3312 reddere
1343 3251 1512 3312 rationem.

239 3363 244 3376 ⁹
291 3373 412 3438 Datum
436 3376 588 3441 Laterani
614 3379 653 3443 V.
679 3378 745 3444 kal.
770 3378 1149 3466 ianuarii,'pontificatus
1173 3383 1274 3445 nostri
1298 3402 1382 3445 anno
1405 3379 1558 3449 secundo,

300 3573 457 3630 Bullatium
480 3575 662 3649 Ragusanum
686 3579 769 3636 MSC.
793 3599 822 3652 p.
848 3581 899 3638 56.

756 3928 1071 4011 oonxxxlll.
1099 3930 1209 4011 llas.

148 4097 264 4176 Vultuu,
287 4102 368 4173 Ιεναί]Ι
392 4103 566 4174 dulrly'ouslri
596 4105 832 4182 idulnruttualri,
862 4107 989 4178 podloa'c
1022 4124 1053 4166 se
1082 4107 1221 4179 ortuenoj
1247 4108 1336 4168 alosti
1370 4109 1469 4167 statice
1504 4108 1620 4182 rimato,
1651 4105 1815 4178 jauljujatt

143 4204 251 4274 suadac
272 4207 355 4280 pupi,
380 4208 456 4265 talto
475 4212 507 4280 jc
531 4212 589 4268 buu
619 4207 759 4269 bosaasti
786 4213 881 4270 Kal-in
904 4230 940 4270 sa
961 4215 1071 4285 suojom
1094 4230 1254 4288 suprapom
1278 4216 1439 4290 isestrom,
1459 4214 1583 4274 udooom
1606 4214 1699 4272 teneto
1721 4212 1819 4269 Miro·

140 4309 235 4385 slavia,
263 4311 320 4370 luco
344 4315 355 4370 i
377 4331 411 4371 su
435 4319 573 4390 utuopimi
595 4317 710 4389 rodjooi
734 4320 745 4375 t
773 4319 889 4376 luceo
915 4299 1118 4391 polilotnitalr
1135 4319 1248 4391 primic
1282 4321 1367 4392 ujeru
1398 4319 1585 4394 hoyomtlstu,
1620 4321 1725 4392 stopa
1750 4317 1819 4374 moti

212 4433 307 4488 popu,
329 4421 405 4476 actu
424 4423 529 4493 prtsitt
552 4423 652 4494 lrrolja
676 4423 844 4495 upurstoqu
868 4425 908 4480 du
930 4425 1030 4481 reo'eae
1053 4425 1225 4495 neujeruita
1240 4426 1269 4484 ts
1284 4442 1373 4499 scopo
1395 4425 1576 4497 trabeastvo
1595 4425 1741 4496 protjcra.

291 4596 484 4663 Beatissimo
505 4613 604 4686 atque
629 4605 831 4666 sanctissimo
857 4605 938 4688 patri
963 4614 995 4667 et
1021 4603 1150 4668 domino
1176 4604 1364 4668 Innocentio
1392 4603 1442 4667 dei
1476 4607 1581 4688 gratia
1613 4613 1817 4667 sacrosancte

141 4723 273 4765 romane
297 4704 432 4769 ecclesie
457 4728 581 4770 summo
605 4709 748 4792 pontifici
774 4720 805 4771 et
830 4708 1003 4772 uniuersali
1025 4731 1117 4792 pape,
1137 4707 1309 4794 W(ulcau)
1327 4708 1440 4772 eadem
1457 4711 1562 4792 gratia
1581 4707 1704 4772 Dioclis
1720 4719 1817 4794 atque

140 4805 304 4871 Dalmatis
328 4833 395 4889 rex,
419 4809 552 4874 salutem
581 4823 612 4875 et
635 4813 815 4877 deuotionis
840 4814 999 4878 effectum.
1026 4812 1238 4878 Venientibus
1256 4815 1296 4877 ad
1314 4825 1456 4878 nostram
1477 4817 1669 4900 presentiam
1688 4815 1818 4878 domino

142 4911 287 4978 Iohanne
312 4915 476 5000 capellano
501 4926 533 4980 et
557 4917 687 4981 domino
705 4918 883 5002 Slimeone)
900 4918 1061 5004 religiosis
1078 4930 1110 4981 ct
1126 4919 1276 4982 discretis
1294 4931 1403 4984 sancte
1420 4919 1577 4984 catholice
1595 4932 1626 4984 et
1645 4919 1820 5005 apostolice

143 5017 229 5082 sedis
247 5017 371 5102 legatis,
396 5021 511 5085 amodo
529 5022 692 5085 iocondati
709 5045 836 5086 sumus:
862 5026 937 5109 quia
953 5029 1036 5087 sicut
1053 5023 1129 5086 solis
1147 5023 1301 5108 splendor
1319 5027 1349 5087 in
1368 5027 1485 5089 virtute
1503 5048 1560 5089 sua
1574 5027 1702 5089 radians
1719 5035 1819 5088 totum

140 5121 250 5188 orbem
278 5125 405 5188 videtur
426 5125 597 5206 illustrare,
623 5130 668 5191 ita
691 5126 819 5192 illorum
843 5140 954 5192 sancta
970 5140 1002 5194 et
1018 5129 1140 5194 salubri
1158 5130 1378 5216 predicatione
1398 5141 1499 5195 totum
1520 5153 1654 5214 regnum
1673 5143 1818 5194 nostrum

136 5226 280 5294 creditur
303 5229 370 5295 fore
393 5230 596 5297 illustratum.
621 5233 715 5298 Unde
740 5234 853 5297 merito
878 5233 1030 5299 dicimus:
1055 5235 1236 5302 Illustrauit
1258 5259 1317 5302 nos
1349 5239 1457 5304 orions
1490 5259 1533 5300 ex
1566 5235 1643 5302 alto.
1680 5234 1815 5301 Illorum
