4310 5918
469 621 549 685 Item
575 620 709 685 decimis
734 620 911 685 secundnm
929 621 1194 686 consuetudinem
1212 623 1375 708 antiquam
1401 621 1568 706 pagandis,
1594 621 1693 690 saluis
1718 620 1759 685 sb
1783 620 1832 684 bis
1860 623 1913 705 qui
1940 643 1996 684 eas

313 727 433 792 habent
455 727 507 793 v'el
531 729 563 790 in
588 737 682 790 antee
704 725 869 790 habebunt
895 729 925 790 in
949 724 1090 792 feudum.

471 852 551 915 Item
584 849 736 914 censibus
768 849 936 914 feudorum
973 859 1004 913 et
1033 849 1146 932 feudis,
1165 849 1251 914 villis
1279 871 1387 914 eorum
1421 854 1452 914 in
1484 851 1632 916 districtu
1666 851 1813 934 Tergesti
1839 861 1869 914 ct
1893 859 1998 930 extra,

312 958 440 1022 rusticis
465 953 685 1020 habitantibus
710 959 741 1019 in
776 957 850 1037 illis,
874 977 946 1020 cum
971 954 1063 1021 bonis
1088 958 1154 1018 suis
1185 955 1308 1020 iuribus
1332 968 1364 1019 et
1386 955 1544 1020 fructibus
1569 979 1688 1036 eorum,
1722 977 1836 1041 prose
1861 957 1940 1037 ipsis
1966 964 2000 1017 et

201 1101 208 1109 ·
312 1063 554 1129 successoribus
587 1085 698 1128 eorum
723 1064 755 1126 iu
786 1074 974 1148 perpetuum
1007 1061 1173 1144 dederunt,
1206 1062 1415 1144 tradiderunt,
1449 1071 1624 1144 cesserunt,
1657 1062 1871 1134 vendiderunt
1895 1073 1926 1125 et
1949 1084 1998 1124 re-

312 1171 550 1248 nuntiauerant,
585 1179 616 1232 et
646 1170 732 1232 omni
766 1167 860 1231 modo
892 1190 954 1252 quo
989 1167 1101 1232 melius
1133 1177 1305 1253 potuerunt
1330 1167 1486 1247 lecerunt,
1511 1177 1543 1231 et
1566 1167 1725 1230 dederunt
1748 1166 1876 1230 doinino
1900 1165 1998 1230 Petro

270 1289 275 1301 “
313 1275 474 1362 quondam
500 1275 657 1339 Bernardi
683 1275 823 1338 ciuitatis
858 1271 1005 1358 Tergesti
1042 1275 1239 1358 procuratori
1265 1281 1296 1337 et
1320 1274 1477 1337 massario
1511 1273 1615 1336 dictae
1647 1274 1786 1336 ciuitatis
1818 1273 2000 1335 communis

314 1391 346 1446 et
369 1379 486 1467 popuII,
512 1392 546 1444 ut
570 1392 657 1466 patet
687 1381 718 1443 in
751 1377 834 1444 libro
873 1380 1062 1460 communis,
1087 1400 1182 1464 quem
1207 1401 1268 1465 ego
1293 1379 1434 1442 notarius
1459 1391 1491 1442 et
1510 1389 1615 1461 partes
1640 1377 1789 1459 vidimus,
1815 1375 1941 1462 plenam
1965 1377 1999 1439 in

313 1483 394 1550 baec
416 1485 547 1550 habenti
572 1494 772 1571 potestatem,
792 1485 921 1550 nomine
945 1483 1049 1548 dictae
1067 1485 1215 1568 ciuitatis,
1234 1487 1413 1548 communis
1438 1495 1469 1548 et
1492 1483 1612 1572 populi,
1629 1493 1661 1546 et
1677 1481 1823 1548 libertate
1844 1493 2001 1570 perpetus

315 1591 422 1654 omnia
446 1592 518 1654 iura
543 1583 653 1655 eoru‘m
678 1597 710 1654 et
734 1590 904 1676 priuilegia
928 1589 1168 1670 iurisdictionis,
1193 1591 1340 1672 iustitias,
1365 1573 1516 1671 rationes,
1542 1593 1695 1671 actiones,
1710 1591 1746 1652 'si
1772 1611 1854 1675 quae
1878 1588 2001 1651 habent

211 1770 216 1776 ¹
313 1693 365 1760 vel
389 1695 421 1759 iu
445 1705 539 1759 antea
564 1695 685 1760 habere
719 1707 859 1781 possent,
890 1693 1195 1780 quomodocumque·
1215 1717 1312 1781 supra
1335 1697 1498 1760 ciuitatem
1522 1695 1670 1779 Tergesti
1695 1693 1902 1780 praedictam,
1929 1695 2000 1758 eius

314 1799 495 1881 districtum
520 1788 557 1865 in
575 1801 686 1866 eadem
711 1800 764 1865 vel
795 1799 940 1883 eandem,
965 1802 997 1863 in
1020 1797 1205 1864 hominibus
1227 1803 1378 1886 ipsorum,
1397 1799 1448 1863 vel
1467 1801 1570 1882 bouis,
1595 1803 1627 1863 in
1651 1809 1839 1885 perpetuum
1863 1800 1932 1863 siue
1957 1821 2001 1862 ex

313 1906 492 1994 priuilegiis
517 1930 720 1972 romanorum
743 1905 884 1991 regibus,
910 1905 1166 1992 imperatoribus,
1185 1907 1284 1970 siuea
1300 1904 1428 1968 domino
1454 1905 1535 1969 duee
1552 1905 1731 1986 Karintiae,
1754 1903 1806 1966 vel
1824 1927 1841 1966 a
1861 1903 1999 1967 ducibus

315 2016 383 2078 siue
407 2013 448 2078 ab
473 2011 544 2076 aliis
568 2011 824 2099 quibuscunque,
849 2013 917 2076 siue
941 2034 983 2075 ex
1016 2011 1257 2092 consuetudins,
1283 2011 1334 2074 vel
1359 2033 1428 2092 usu,
1454 2009 1504 2074 vel
1537 2033 1579 2074 ex
1614 2023 1707 2096 pacto
1740 2010 2002 2096 quibuscunque,

316 2130 347 2184 et
370 2142 463 2183 omne
489 2118 531 2200 id,
566 2129 597 2182 et
626 2128 728 2183 totum
760 2117 846 2205 quod
870 2118 917 2180 eis
941 2119 1153 2181 communiter
1188 2115 1239 2181 vel
1264 2139 1321 2202 per
1345 2139 1379 2179 se
1403 2117 1585 2201 pertineret,
1613 2115 1668 2180 vel
1692 2119 1853 2202 portinere
1879 2125 1999 2201 posset,

319 2223 417 2288 saluis
442 2222 634 2310 supradictis
659 2225 690 2286 in
716 2223 802 2287 dicta
827 2223 956 2287 ciuitate
980 2225 1101 2287 eteius
1126 2221 1272 2310 districtu
1297 2220 1492 2302 hominibus,
1518 2231 1549 2285 et
1573 2221 1676 2285 bonis.

471 2346 551 2411 ltem
569 2369 638 2410 eam
657 2357 791 2432 partem,
809 2367 892 2431 quse
908 2349 954 2409 eis
972 2347 1110 2431 pertinet
1126 2367 1190 2409 una
1207 2367 1278 2410 curu
1304 2345 1389 2409 dicto
1413 2367 1582 2410 commune
1605 2347 1637 2408 in
1655 2345 1801 2436 cudendo
1827 2355 2000 2426 monetam,

315 2455 360 2518 ita
383 2451 468 2538 quod
493 2451 633 2516 totaliter
664 2473 736 2536 pars
770 2472 879 2514 eorum
905 2452 947 2513 sit
970 2450 1046 2514 dicti
1071 2453 1250 2516 communis
1286 2449 1395 2532 solius,
1420 2461 1451 2514 et
1475 2449 1562 2514 illam
1589 2473 1645 2536 per
1669 2475 1703 2514 se
1727 2475 1746 2513 a
1772 2449 2001 2514 modo·faccre

279 2559 282 2562 ’
315 2561 425 2644 possit.
450 2556 630 2620 Tradentes
655 2555 774 2619 ibidem
808 2555 912 2619 eidem
936 2555 1066 2619 domino
1090 2554 1187 2619 Petro
1221 2559 1420 2640 procuratori
1446 2579 1503 2642 per
1526 2579 1640 2620 marrus
1662 2579 1772 2620 eurum
1797 2558 1904 2618 omnia
1928 2558 2001 2620 iura

314 2664 681 2745 corum,inst1·umenta,
707 2660 885 2746 priuilegia,
912 2683 983 2724 curn
1010 2663 1095 2724 omni
1129 2663 1247 2725 virtute
1270 2661 1463 2743 eorundem3
1492 2673 1523 2724 et
1555 2660 1726 2725 voluerunt
1758 2661 1842 2748 quod
1868 2662 1930 2724 illis
1956 2683 2000 2723 ex

315 2769 491 2833 rationibus
514 2777 669 2853 perpetuo
694 2767 795 2852 possit
816 2767 862 2830 uti
886 2776 921 2830 ut
944 2768 1004 2852 ipsi
1022 2768 1201 2852 potuissent
1224 2776 1255 2830 et
1279 2767 1461 2852 ubicunque
1485 2777 1517 2830 et
1547 2789 1653 2831 curem
1678 2787 1897 2860 quocunque

472 2890 552 2953 Item
578 2891 803 2975 promiserunt,
828 2899 918 2954 etse
942 2889 1168 2976 obligauerunt
1192 2887 1248 2976 pe'r
1272 2914 1306 2954 se
1330 2913 1469 2975 suosque
1494 2913 1698 2954 successores
1720 2893 1753 2953 in
1778 2901 1941 2976 perpetuo,
1967 2899 2004 2954 et

317 2995 488 3060 doluerunt
512 3019 554 3058 ex
578 2995 681 3076 modo,
708 2995 795 3082 quod
818 2997 843 3059 si
867 3017 929 3081 quo
955 3005 1099 3078 tempore
1124 3019 1181 3082 per
1197 2997 1337 3082 aliquem
1362 2999 1548 3082 episcopum
1575 2994 1625 3060 vel
1649 2997 1746 3060 alium
1782 2995 1822 3060 de
1858 2995 1999 3060 ecclesia

315 3102 478 3189 praedicta
513 3104 709 3186 reciperetur
743 3105 871 3164 nornine
913 3101 1018 3164 dictae
1053 3101 1211 3165 ecclesiae
1242 3101 1372 3187 aliquod
1404 3101 1619 3186 priuilegium,
1658 3103 1913 3184 instrumentum,
1947 3101 2001 3164 vel

267 3188 272 3198 ἱ
314 3211 365 3272 ius
388 3207 519 3292 aliquod
558 3207 599 3270 ab
624 3206 882 3291 imperatoribus,
915 3205 1056 3290 regibus,
1089 3206 1236 3289 ducibus,
1269 3231 1365 3293 quam
1399 3208 1471 3272 aliis
1495 3208 1741 3294 quibuscunque
1773 3231 1870 3294 supra
1894 3211 2000 3293 ipsam

239 3355 244 3364 ·
316 3317 477 3380 ciuitatem
502 3335 574 3376 cum
600 3312 757 3394 districtu,
783 3311 834 3375 vel
858 3313 890 3375 in
913 3314 991 3396 ipsa,
1017 3311 1069 3376 vcl
1094 3314 1126 3376 ln
1150 3313 1296 3376 homines
1331 3313 1486 3394 eiusdem,
1512 3313 1563 3377 vel
1588 3316 1620 3377 in
1645 3313 1747 3394 bonis,
1773 3312 1824 3377 vel
1849 3315 1880 3376 in
1907 3337 2000 3398 prae·

315 3421 479 3498 iudicium,
506 3418 556 3482 vel
581 3421 775 3503 vituperium
802 3417 986 3496 eorundem,
1012 3416 1062 3480 vel
1088 3422 1183 3482 etiam
1221 3441 1277 3504 pro
1302 3418 1422 3484 honore
1447 3431 1478 3482 et
1503 3419 1638 3483 utilitate
1661 3419 1767 3484 dictae
1791 3421 1941 3500 ciuitatis,
1966 3429 2002 3483 et

317 3527 489 3606 hominum,
514 3524 600 3610 quod
625 3523 680 3586 illa
712 3523 892 3608 prinilegia,
927 3524 1138 3588 instrumenta
1173 3535 1203 3587 ot
1228 3527 1298 3588 iura
1331 3527 1394 3588 sint
1417 3525 1493 3589 dicti
1519 3527 1707 3605 ciirumunis,
1733 3535 1765 3588 et
1788 3527 1938 3605 ciuitatis,
1964 3535 1999 3588 et
2048 3566 2059 3580 ·

316 3655 373 3718 per
393 3633 462 3716 ipsa
487 3633 552 3694 sint
572 3630 766 3715 supradicta,
793 3641 920 3693 etcum
956 3629 1160 3714 supradietis.
1185 3629 1228 3692 Et
1251 3630 1337 3716 quod
1362 3630 1415 3694 ille
1437 3634 1617 3714 episcopus,
1650 3627 1701 3692 vel
1732 3629 1815 3694 alius
1837 3633 1891 3715 qui
1916 3631 2000 3694 obti-

316 3738 430 3818 nuerit,
455 3745 602 3799 teneatur
626 3735 704 3798 dare
727 3729 821 3813 illud,
846 3747 878 3797 et
903 3733 966 3816 illa,
985 3734 1071 3799 dicto
1085 3738 1246 3798 communi
1264 3747 1298 3799 ut
1314 3759 1380 3802 sua⁴
1398 3735 1572 3799 dummodo
1591 3757 1759 3798 commune
1777 3735 1880 3800 eidem
1906 3738 2000 3798 satis·

317 3842 414 3906 faciat
436 3841 476 3905 de
501 3843 652 3926 expensis
677 3840 769 3904 factis
789 3839 831 3903 ab
856 3839 929 3904 illle.

474 3964 553 4028 Item
580 3965 674 4027 etiam
699 3975 857 4048 expecto
889 3963 998 4026 habito
1033 3965 1117 4027 inter
1145 3973 1268 4048 partes,
1308 3965 1369 4048 ipsi
1395 3961 1544 4026 dominus
1576 3965 1756 4048 episcopus,
1795 3964 1943 4026 canonici
1967 3977 2003 4027 et
2034 4049 2036 4054 Ι

317 4070 493 4158 capitulum
526 4093 559 4133 se
584 4069 812 4152 obligauerunt
835 4091 892 4154 por
911 4091 945 4132 se
974 4092 1113 4155 suosque
1131 4093 1344 4151 successores,
1362 4069 1620 4155 quandocunque
1637 4068 1757 4132 fuerint
1772 4069 1917 4155 requisiti
1942 4091 2003 4154 per

316 4179 437 4242 dictum
461 4197 638 4256 commune,
663 4174 748 4260 quod
770 4177 815 4237 ire
838 4174 978 4238 debeant
999 4175 1039 4238 ad
1057 4174 1221 4239 dominum
1246 4177 1481 4260 imperatorem,
1507 4174 1556 4237 vel
1581 4173 1688 4256 duces,
1714 4197 1773 4261 pro
1794 4175 1999 4258 impetrando

317 4285 575 4350 confirmationes
599 4281 757 4345 dictorum
787 4280 1029 4366 priuilegiorum
1048 4295 1079 4344 et
1095 4284 1378 4345 instrumentorum
1404 4282 1506 4366 primo
1531 4279 1724 4361 habitorum,
1748 4279 1834 4364 quod
1860 4281 1920 4364 ipsi
1944 4279 2001 4344 vel

317 4390 398 4454 alter
432 4411 551 4468 eorum,
577 4388 728 4472 expensis
746 4389 925 4450 communis
948 4386 1040 4450 ibunt
1064 4399 1094 4450 et
1114 4387 1242 4467 facient,
1267 4398 1298 4449 et
1319 4388 1408 4449 iuxte
1443 4407 1538 4470 posse
1571 4385 1689 4448 habere
1714 4385 1941 4470 procurabunt,
1965 4396 2002 4450 et
2093 4384 2097 4389 ’

316 4495 402 4581 quod
422 4493 621 4558 obtinuerint
650 4495 682 4555 in
713 4492 886 4576 praedictis
920 4495 1048 4556 nomine
1079 4514 1189 4556 eorum
1223 4489 1274 4554 vel
1310 4489 1474 4572 ecclesiae,
1499 4489 1578 4553 illud
1603 4501 1701 4554 totum
1726 4491 1844 4554 debeat
1867 4493 1998 4556 esseio

318 4599 488 4664 utilitatem
513 4597 616 4661 dictae
642 4599 791 4678 ciuitatis,
819 4598 852 4660 in
884 4609 1037 4683 quantum
1063 4609 1197 4682 tangent
1220 4597 1405 4683 supradicta
1430 4598 1514 4677 data,
1539 4608 1570 4660 et
1596 4597 1736 4678 vendita,
1773 4597 1804 4658 in
1837 4595 1885 4659 his
1914 4619 2000 4682 quae

212 4721 217 4734 “
314 4715 485 4790 tangerent
507 4703 572 4767 alia
595 4703 634 4766 ad
661 4701 829 4766 utilitatem
854 4701 1020 4782 ecclesiae,
1045 4705 1146 4788 ipsias
1183 4702 1340 4768 ecclesiae
1375 4703 1439 4764 sint
1462 4709 1494 4765 et
1517 4701 1656 4766 debeant
1678 4723 1856 4781 remanere,
1880 4704 2000 4766 cousti-

316 4819 441 4875 tuentes
467 4813 500 4874 et
522 4808 678 4872 facientes
703 4808 823 4872 dictum
845 4807 1009 4898 dominum
1035 4791 1164 4872 Petrum
1201 4797 1440 4894 procuratorem
1476 4809 1572 4870 etiam
1608 4806 1765 4871 ecclesiae
1789 4809 1902 4892 proin
1928 4827 2001 4891 per·

316 4927 411 5003 petuo
434 4917 466 4979 in
491 4915 664 5000 praedictis
689 4915 833 5000 quolibet
856 4937 966 4979 eorum
983 4937 1187 5001 possessores
1212 4925 1243 4977 et
1271 4913 1417 4978 dominos
1442 4922 1477 4977 ut
1499 4913 1531 4976 in
1556 4911 1653 4976 rebus
1678 4915 1823 4997 propriis.

473 5037 552 5100 Item
577 5037 672 5100 etiam
698 5039 914 5121 promiserunt
946 5038 1056 5101 iuuare
1081 5037 1200 5102 dictam
1224 5039 1387 5101 ciuitatem
1424 5045 1456 5100 et
1479 5057 1648 5101 commune
1671 5046 1703 5100 et
1726 5035 1871 5100 homines
1895 5033 1966 5100 etl
1986 5073 1998 5084 -
2076 5113 2081 5118 Ι

315 5166 425 5208 uorem
450 5141 526 5206 dare
551 5163 608 5205 suo
632 5163 727 5226 posse
751 5143 783 5205 in
807 5143 1055 5228 quibuscunque
1078 5143 1235 5228 requisiti.
1846 5125 1855 5134 ’

472 5263 551 5327 Item
575 5273 784 5328 cessauerant
807 5274 838 5328 et
862 5248 1003 5329 tolerunt
1022 5285 1133 5328 omnes
1150 5265 1324 5328 sententies
1353 5275 1384 5328 et
1401 5285 1569 5350 processus
1593 5264 1696 5330 factos
1719 5273 1752 5330 et
1774 5263 1856 5330 letas
1880 5273 1997 5330 contra

310 5368 694 5460 rectoreqeonsiliarics,
730 5371 828 5451 ciues,
861 5379 893 5434 et
917 5369 1079 5432 ciuitatem
1103 5368 1309 5454 praedictam,
1333 5391 1527 5458 quacunque
1547 5370 1587 5436 de
1613 5393 1722 5454 causa,
1758 5379 1791 5436 ct
1820 5369 1997 5438 voluerunt
