4300 5930
464 558 485 638 †
508 554 641 640 Signum
666 552 794 618 Martini
819 551 943 620 Sloradi
967 553 1116 633 consulis,
1143 554 1196 641 qui
1222 551 1281 618 hoc
1305 553 1373 622 heri
1399 555 1499 620 iussit.
1533 609 1537 618 .

467 663 489 743 †
516 710 523 724 .
548 711 555 726 .
579 661 652 724 trini
677 658 799 740 Vitaae,
823 660 878 745 qui
901 659 962 724 hoc
984 660 1053 723 fieri
1078 662 1179 726 iussit.
1285 695 1289 704 ·

465 771 486 848 †
509 766 642 852 Signum
667 765 839 852 Grisogoni
864 764 988 847 iudicis,
1013 766 1066 850 qui
1087 764 1149 828 hoc
1172 766 1257 830 scrib
1292 814 1298 828 .
1325 813 1332 828 .

464 871 641 956 †Signum
665 870 817 935 Damiani
840 869 976 962 Slcsadi,
1024 919 1039 953 „
1103 919 1118 952 „
1166 871 1236 934 fieri
1259 870 1370 935 voluit.

466 981 486 1057 †
511 1028 519 1043 .
545 1027 553 1042 .
577 975 676 1040 Madii
701 967 859 1041 Johaniris
883 977 971 1063 greci
994 979 1049 1062 qui
1073 978 1133 1042 hoc
1157 976 1225 1040 ficri
1250 973 1361 1040 voluit.

464 1087 485 1164 †
505 1081 637 1168 Signum
663 1081 815 1168 Sciop(pe
839 1081 959 1167 Micha)
978 1081 1144 1168 Botoluge,
1170 1083 1224 1168 qui
1248 1081 1309 1146 hoc
1332 1082 1400 1146 fieri
1425 1083 1534 1146 voluit.

465 1187 643 1274 †Signum
668 1185 828 1253 Valentini
854 1187 947 1251 Kasai
973 1237 980 1252 .
1005 1236 1013 1252 .
1037 1180 1106 1269 nec,
1189 1237 1204 1270 „
1277 1236 1292 1270 „
1365 1237 1380 1268 „
1483 1239 1495 1264 ,

464 1298 485 1375 †
509 1293 640 1378 Signum
667 1293 787 1358 Nicolai
812 1292 966 1376 Manaaci,
990 1295 1044 1379 qui
1070 1292 1130 1358 hoc
1153 1292 1221 1372 ficri
1245 1293 1355 1366 voluit.

465 1398 641 1484 †Signum
666 1399 776 1463 Dabre
800 1398 939 1463 Resinne
1009 1449 1022 1476 ,
1081 1448 1095 1472 „
1180 1448 1195 1482 „
1288 1447 1303 1478 „

465 1503 804 1594 †Signum..taae
1006 1553 1094 1588 „„
1174 1553 1190 1586 „
1283 1555 1298 1588 „

464 1611 641 1697 †Signum
666 1596 906 1696 (Bon'olgualdi,
1009 1660 1024 1690 ,
1082 1659 1098 1694 „
1177 1659 1192 1692 „
1287 1661 1302 1694 „

444 1721 485 1798 '†
506 1715 640 1801 Signum
664 1715 794 1780 Martini
820 1715 932 1802 Lippe,
1009 1763 1025 1798 „
1083 1763 1098 1796 „
1175 1735 1194 1794 ⁴,
1286 1763 1302 1796 „
1703 1799 1709 1812 Ι

464 1841 535 1927 Ego
560 1839 719 1905 Mattheus
743 1850 852 1904 sancte
876 1839 1047 1904 Anastasia
1072 1839 1288 1906 subdiaconus
1313 1853 1344 1906 ct
1368 1841 1522 1905 iadrensis
1547 1845 1634 1911 curie
1650 1845 1802 1926 notarius,
1817 1842 1985 1907 voluntate

318 1949 485 2033 prescripti
510 1947 630 2010 domini
655 1948 716 2009 mei
741 1945 887 2010 iadertini
913 1945 1145 2032 archiepiscopi
1158 1946 1346 2032 Lampridii,
1371 1948 1536 2012 consulum
1554 1960 1586 2012 et
1601 1949 1796 2034 reliquorum
1814 1947 1986 2026 nobilium,

319 2055 431 2140 scripsi
456 2062 487 2116 et
510 2051 669 2132 roboraui,
694 2061 725 2116 ct
748 2051 841 2116 solito
864 2053 957 2134 signo
981 2053 1117 2136 signaui.

468 2175 511 2240 Et
533 2198 593 2260 ego
617 2174 773 2272 Maratha.
786 2176 933 2239 arbensis
956 2173 1215 2260 archipresbyter
1237 2199 1275 2239 ac
1308 2178 1450 2241 notarius
1485 2175 1544 2241 hoc
1580 2177 1762 2262 exemplum
1796 2176 1982 2263 exemplaui

320 2285 367 2346 sic
390 2281 453 2367 (ut)
477 2283 615 2367 repperii
637 2280 742 2365 sigillo
766 2281 885 2344 domini
910 2280 1087 2365 Lampridii
1111 2279 1341 2367 archiepiscopi
1364 2285 1529 2364 munitum,
1566 2305 1624 2347 nec
1658 2285 1746 2362 auxi,
1778 2305 1838 2347 nec
1871 2283 1982 2354 minui,

320 2387 488 2474 cornpleui,
512 2398 544 2451 et
562 2387 699 2473 (sigillo)
723 2399 875 2452 consueto
899 2387 1035 2471 signaui.
1875 2399 1878 2406 ’

465 2588 571 2642 Lucius
593 2588 629 2643 de
648 2588 747 2660 Regno
770 2587 863 2643 Dalm.
887 2593 916 2642 et
938 2586 1033 2644 Croat.
1056 2587 1120 2642 Lib.
1144 2587 1195 2644 ΙΙΙ.
1219 2604 1279 2658 cap.
1302 2588 1368 2644 ΧΠ.
1392 2586 1500 2676 Farlsti
1524 2589 1557 2646 V.
1584 2595 1625 2643 str
1658 2589 1708 2646 62.

973 2914 1348 3036 cmmmm

320 3099 489 3190 Ruimundo
512 3115 652 3176 inordinat
674 3115 844 3189 apostante
865 3116 1016 3193 papissae,
1036 3117 1144 3188 postca
1165 3116 1353 3188 nudbiskupu
1374 3117 1560 3190 audurskopu
1582 3133 1617 3174 su
1639 3117 1757 3174 ditantur
1783 3116 1980 3174 comaclum

689 3259 693 3266 ·
792 3239 1016 3298 dulmottmtim
1041 3256 1083 3298 na
1105 3239 1225 3298 erkaeni
1246 3240 1335 3297 subur
1356 3257 1377 3297 u
1400 3239 1503 3312 Spljet.

467 3426 675 3515 Raymundus
699 3427 871 3492 cardinalis
895 3427 934 3492 de
959 3426 1100 3513 Capella,
1125 3426 1176 3491 dei
1200 3429 1304 3512 gratia
1327 3437 1436 3492 sancte
1458 3427 1737 3492 romaneecclesie
1753 3427 1983 3508 subdiaconus,

323 3533 497 3620 apostolica
520 3534 606 3598 sedis
630 3534 763 3618 legatus,
787 3532 962 3598 venerabili
987 3532 1076 3600 fratri
1106 3533 1326 3618 L(ampredio)
1360 3535 1498 3598 iodrensi
1523 3533 1774 3620 archiepiscopo,
1808 3549 1839 3598 et
1866 3537 1983 3598 ceteris

319 3642 477 3726 episcopis
498 3650 529 3703 et
556 3639 776 3724 suffraganeis,
800 3649 896 3724 atque
919 3637 1091 3702 abbatibus
1137 3638 1381 3706 archidiaconis.
1416 3639 1693 3722 archipresbiteris
1728 3641 1887 3703 uniuersis
1924 3661 1982 3724 per

319 3768 426 3811 eorum
452 3748 654 3830 episcopatus
678 3747 867 3822 constitutis,
889 3743 1023 3806 salutem
1048 3757 1080 3806 et
1103 3745 1259 3808 sinceram
1286 3747 1317 3808 in
1342 3745 1470 3810 domino
1495 3745 1707 3810 dilectionem.
1732 3744 1813 3808 (lum
1832 3745 1984 3808 dominns

319 3873 402 3936 papa
424 3864 456 3914 et
480 3860 685 3934 sacrosancta
707 3873 840 3914 romana
862 3847 999 3912 ecclesia
1024 3872 1081 3912 nos
1105 3849 1146 3912 ad
1171 3849 1330 3914 Dalmatia
1350 3863 1445 3935 atque
1459 3849 1633 3915 Obrobatie
1651 3861 1758 3936 partes
1776 3860 1906 3936 propter
1924 3849 1985 3914 hoc

320 3957 537 4038 destinauerit,
564 3969 597 4020 ut
619 3978 677 4042 pro
701 3956 791 4040 vigili
813 3954 1027 4020 sollicitudine
1049 3953 1238 4040 apostolica,
1255 3955 1433 4020 doctrinam
1458 3954 1491 4020 et
1506 3956 1754 4020 ecclesiasticam
1768 3956 1984 4040 disciplinam,

320 4065 352 4125 in
377 4073 529 4148 quantum
554 4062 702 4127 dominus
727 4064 932 4140 ministraret,
956 4060 1072 4124 ibidem
1098 4059 1315 4142 dilataremus,
1339 4084 1401 4148 que
1426 4063 1615 4146 corrigenda
1638 4071 1746 4126 essent
1773 4063 1984 4145 corrigentes,

321 4178 353 4232 et
375 4191 438 4254 que
463 4167 635 4254 plantanda
658 4165 849 4260 plantantes,
874 4165 1043 4230 salubriori
1068 4166 1177 4230 habito
1203 4169 1336 4232 consilio
1361 4171 1594 4254 perspeximus,
1626 4170 1666 4233 de
1697 4168 1846 4234 omnibus
1879 4167 1980 4232 eccle·

321 4276 439 4338 siarum
463 4274 603 4358 prelatis,
628 4275 684 4359 qui
709 4275 739 4336 in
764 4285 872 4336 nostra
896 4284 970 4336 sunt
993 4271 1162 4356 legatione,
1186 4295 1284 4338 unum
1308 4273 1471 4338 celebrare
1494 4273 1675 4349 concilium,
1703 4283 1738 4336 nt
1760 4272 1800 4337 de
1821 4275 1984 4338 communi

320 4393 480 4446 tantorum
506 4390 629 4464 patrum
654 4381 850 4454 auctoritate,
876 4401 938 4464 que
961 4378 1079 4442 fuerint
1102 4379 1279 4458 statuenda,
1295 4381 1327 4442 in
1346 4379 1476 4444 domino
1492 4389 1681 4444 statuantur.
1701 4378 1853 4442 Volentes
1875 4380 1986 4463 itaque

323 4489 438 4552 vestris
462 4484 628 4549 laboribus
653 4497 684 4546 et
707 4489 867 4570 expensis,
892 4484 982 4548 salua
1009 4485 1184 4563 honestate,
1217 4487 1246 4549 in
1283 4495 1436 4570 quantum
1473 4507 1643 4570 possumus
1678 4507 1820 4570 parcere,
1855 4495 1888 4548 et
1921 4485 1987 4569 (nt)

323 4592 461 4678 prelatos
482 4592 656 4676 superioris
681 4589 843 4672 Dalmatis
867 4613 928 4664 non
956 4589 1122 4653 videamur
1153 4591 1284 4654 ninnium
1315 4590 1459 4674 fatigare,
1495 4591 1527 4654 in
1546 4589 1736 4675 *spalatensi
1772 4590 1912 4671 ciuitate,
1952 4590 1988 4652 in

322 4697 392 4760 loco
416 4707 465 4759 sat
489 4698 595 4780 magni
620 4695 760 4775 confinii,
785 4705 816 4760 et
840 4698 1019 4792 propinquo
1043 4705 1105 4758 tam
1131 4695 1233 4772 vobis,
1257 4719 1351 4780 quam
1376 4698 1432 4777 eis,
1456 4696 1634 4780 predictum
1659 4695 1829 4760 concilium
1852 4705 1986 4760 auctore

322 4803 451 4867 donrino
475 4804 626 4865 duximus
651 4801 888 4866 celebrandum.
913 4802 1054 4887 ldeoque
1079 4803 1278 4865 uniuersitati
1303 4811 1409 4866 vestre
1429 4801 1607 4866 mundanus
1630 4805 1769 4888 presenti
1799 4803 1919 4886 scripto
1952 4812 1987 4866 et

322 4909 513 4971 auctoritate
536 4907 654 4970 domini
680 4931 772 4993 pape,
797 4909 887 4972 cuius
912 4911 998 4970 vices
1023 4906 1096 4970 licet
1122 4908 1245 4990 indigni
1265 4909 1416 4992 gerimus,
1441 4907 1574 4972 firmiter
1595 4909 1801 4992 precipimus,
1825 4917 1987 4992 quatenus

322 5013 361 5077 ad
388 5011 563 5097 predictum
589 5015 766 5093 concilium,
793 5014 877 5100 quod
900 5016 930 5077 in
957 5013 1099 5098 predicta
1122 5015 1250 5078 ciuitate
1275 5011 1447 5098 spalatensi
1480 5015 1634 5098 proximis
1665 5012 1813 5076 kalendis
1843 5022 1982 5097 septem—

321 5119 398 5196 bris,
423 5116 551 5182 Christo
576 5122 787 5203 permittente,
812 5141 921 5183 sumus
945 5117 1169 5199 celebranturi,
1192 5119 1231 5182 ad
1257 5117 1510 5198 eandsmdiem,
1543 5119 1794 5183 contradictione
1825 5129 1858 5182 et
1890 5139 1983 5182 oeca-

323 5225 412 5288 sione
437 5234 591 5306 cessante,
615 5225 786 5312 accedatis,
812 5233 846 5288 ut
868 5247 929 5312 que
949 5224 989 5289 ad
1014 5224 1164 5290 honorem
1190 5225 1240 5288 dci
1265 5235 1297 5288 et
1312 5224 1479 5288 utilitatem
1501 5235 1607 5288 vestre
1623 5224 1767 5305 ecclesie,
1785 5223 1824 5287 ad
1844 5222 1981 5289 salutem
