4350 5932
322 345 369 409 50

326 580 552 648 Pfflessellimus
576 605 719 668 munere,
750 583 823 649 loca
853 584 964 671 utique
996 584 1060 648 sibi
1083 581 1190 648 dicata
1213 605 1271 670 per
1293 583 1465 670 petitiones
1497 583 1641 650 fidelium
1674 594 1868 666 nostrorum,
1900 593 2016 650 nostro

326 687 466 754 releuari
490 691 663 774 iuuamine,
687 701 785 778 atque
812 693 915 780 regali
941 693 1135 774 munimine3
1160 692 1312 778 quoniam
1329 689 1391 755 hoc
1407 689 1501 756 nobis
1517 700 1549 755 et
1563 690 1603 754 ad
1622 689 1789 756 mortalem
1813 693 1915 756 vitam
1931 701 2016 756 tern-

326 796 481 882 poraliter
502 797 756 883 transigendam,
781 809 813 863 et
835 799 877 863 ad
909 810 1073 864 aeternam
1105 799 1243 864 feliciter
1266 796 1486 879 obtinendam,
1518 797 1721 884 profuturum
1753 796 1877 882 liquido
1907 797 2014 862 credi·

326 925 398 967 mus
434 903 642 990 Quapropter
663 907 840 990 comperiat
856 909 999 970 omnium
1018 904 1162 970 fidelium
1179 914 1361 970 nostrorum
1379 906 1595 992 praesentium
1625 902 1749 968 scilicet
1772 915 1805 968 et
1827 903 2013 968 futurorum

326 1008 468 1092 solertia,
485 1009 624 1095 qualiter
641 1009 773 1098 quidam
790 1011 988 1076 venerabilis
1005 1009 1267 1097 archiepiscopus
1285 1019 1395 1075 noster
1411 1009 1623 1092 Adaluuinus,
1642 1011 1776 1075 veniens
1789 1013 1822 1074 iu
1837 1032 2013 1096 procerum

326 1125 511 1180 nostrorum
537 1117 762 1201 praesentiam,
786 1115 964 1203 postulauit
986 1121 1191 1182 serenitatem
1218 1125 1370 1194 nostram,
1395 1125 1430 1180 ut
1453 1116 1493 1181 ob
1517 1115 1675 1180 mercedis
1699 1127 1830 1180 nostrae
1854 1139 2014 1200 augmen·

325 1231 404 1305 tum,
428 1223 583 1308 quasdam
607 1245 659 1287 res
684 1224 890 1308 proprietatis
913 1231 1043 1287 nostrae
1071 1221 1112 1286 ad
1133 1231 1278 1286 sanctam
1302 1221 1470 1288 ecclesiam
1507 1224 1726 1306 iuuauensem,
1753 1244 1838 1308 quae
1861 1231 1911 1285 est
1934 1244 2012 1286 con·

325 1338 448 1394 structa
469 1331 502 1393 in
526 1327 648 1393 honore
672 1329 775 1393 sancti
795 1327 893 1410 Petri,
917 1319 1105 1415 principalis
1131 1328 1359 1414 apostolorum,
1384 1337 1417 1392 et
1439 1329 1543 1392 sancti
1558 1325 1715 1408 Rotberti,
1734 1327 1791 1390 ubi
1815 1328 1914 1392 etiam
1938 1347 2010 1390 cor-

324 1457 403 1520 pore
426 1435 610 1520 requiescit,
635 1445 666 1498 et
689 1436 759 1520 ipse
791 1433 975 1520 praedictus
1009 1433 1207 1498 venerabilis
1232 1436 1399 1520 episcopus
1423 1445 1560 1520 praeest,
1581 1437 1614 1498 in
1637 1437 1802 1522 proprium
1834 1437 1906 1502 iure
1937 1460 2012 1523 per·

323 1548 420 1627 petuo
442 1541 698 1628 permanendum
721 1538 991 1604 concedissemus.
1009 1537 1111 1604 Cuius
1126 1541 1272 1626 petitioni
1288 1539 1329 1606 ob
1345 1561 1486 1604 amorem
1504 1540 1624 1604 domini
1638 1542 1737 1605 nostri
1746 1540 1851 1607 Jhesu
1875 1542 2012 1628 Christi,
2042 1538 2045 1544 ’

324 1671 382 1713 seu
405 1647 447 1712 ob
471 1647 649 1712 remedium
673 1648 852 1710 animarum
870 1657 1112 1711 antecessorum
1140 1660 1330 1727 nostrorum,
1348 1669 1386 1710 ac
1402 1647 1516 1712 heatae
1532 1653 1706 1716 memoriae
1722 1651 1833 1716 domni
1856 1677 1895 1717 ac
1916 1657 2010 1739 geni·

322 1757 402 1820 toris
425 1756 537 1836 nostri,
561 1763 754 1840 nostraeque
772 1755 869 1818 etiam
887 1753 1045 1818 mercedis
1062 1763 1282 1836 augmentum,
1300 1753 1413 1819 libenti
1429 1758 1537 1819 animo
1555 1779 1722 1822 assensum
1747 1759 1932 1845 prebentes,
1951 1762 2009 1826 de·

321 1863 484 1926 creuimus
508 1863 553 1924 ita
586 1859 668 1924 fieri.
701 1859 875 1924 Tradimus
905 1861 1015 1946 itaque
1050 1858 1092 1923 ad
1124 1858 1321 1945 praedictam
1354 1882 1462 1924 casam
1494 1861 1568 1926 del:
1590 1861 1759 1928 Sabariam
1783 1866 1950 1931 ciuitatem
1976 1879 2010 1932 et

320 1966 508 2047 Peinihhaa,
542 1969 626 2031 sicut
649 1965 821 2030 Odolricus
846 1987 955 2030 comes
978 1975 1088 2030 noster
1105 1977 1138 2030 et
1153 1967 1280 2046 missus,
1306 1965 1345 2030 de
1369 1968 1447 2052 ipsis
1467 1968 1564 2032 rebus
1582 1991 1636 2032 eas
1653 1941 1812 2054 circuibit,
1837 1975 2006 2060 ceterique

321 2076 423 2138 nostri
443 2071 579 2152 ¹fideles,
612 2083 644 2136 et
679 2071 880 2158 praedictum
915 2071 1135 2136 venerabilem
1167 2072 1443 2158 archiepiscopum
1477 2074 1517 2138 de
1548 2077 1626 2161 ipsis
1649 2076 1747 2141 rebus
1783 2080 1933 2163 vestiuit,
1959 2083 2007 2146 ita

320 2179 474 2266 deinceps
496 2180 567 2242 iure
590 2187 746 2264 perpetuo
770 2177 930 2262 volumus,
954 2188 990 2242 ut
1013 2178 1053 2242 ad
1077 2180 1274 2264 praedictam
1305 2202 1413 2243 casam
1437 2180 1488 2244 dci
1513 2195 1731 2265 permaneant.
1749 2183 1888 2271 Insuper
1904 2187 2005 2250 etiam

319 2287 477 2352 tradimus
500 2286 546 2350 ibi
572 2289 649 2349 istas
674 2295 781 2350 curtes
804 2286 837 2348 in
862 2285 1037 2372 proprium,
1070 2308 1153 2371 quae
1177 2295 1273 2349 antea
1295 2285 1341 2350 ibi
1366 2288 1397 2349 in
1423 2285 1614 2351 beneficium
1638 2288 1769 2352 fuerunt
1792 2312 1835 2354 ex
1864 2289 2006 2356 alicuius

318 2393 404 2478 dato,
429 2395 498 2458 siue
523 2415 565 2456 ex
588 2400 679 2478 parte
702 2401 823 2473 nostra,
842 2393 911 2456 siue
928 2413 970 2456 ex
985 2390 1118 2454 alterius
1138 2391 1310 2457 cuiuslibet
1326 2403 1416 2478 parte
1431 2393 1476 2458 ibi
1498 2404 1593 2458 antea
1617 2394 1828 2461 beneficiatae
1852 2397 2005 2480 fuissent,

316 2523 454 2588 quarum
478 2499 559 2564 haec
576 2508 651 2562 sunt
669 2499 816 2562 nomina:
840 2496 881 2561 ad
899 2495 1125 2581 hlagalicham,
1150 2497 1191 2560 ad
1214 2496 1424 2576 Uuachauua,
1448 2498 1487 2562 ad
1512 2499 1694 2586 Liupinam,
1719 2501 1760 2562 ad
1785 2501 2004 2584 Holunburci,

316 2607 359 2672 ad
382 2607 600 2690 Trigisimam‚
625 2603 666 2668 ad
701 2603 945 2685 Penninuuanc,
968 2601 1010 2666 ad
1033 2602 1202 2666 ecclesiam
1234 2601 1387 2682 Anzonis,
1421 2605 1461 2668 ad
1495 2605 1739 2694 Uuitanesperc‚
1762 2611 1804 2675 ad
1828 2612 2003 2677 ecclesiam

315 2713 453 2794 Ellodis,
478 2712 519 2776 ad
555 2709 726 2776 ecclesiam
757 2709 934 2792 Minigonis
968 2709 1158 2795 presbyteri,
1191 2707 1232 2771 ad
1265 2708 1560 2794 Kundpoldesdorf,
1589 2712 1630 2776 ad
1654 2714 1788 2798 Rapum,
1813 2718 1855 2781 ad
1879 2721 2001 2784 siccam

317 2819 494 2884 Sabariam.
518 2817 600 2882 Item
625 2815 666 2879 ad
687 2813 875 2896 Peinicahu‚
899 2813 940 2877 ad
957 2813 1155 2899 Salapiugin,
1180 2825 1212 2877 et
1235 2815 1405 2878 ecclesiam
1436 2817 1477 2881 ad
1502 2815 1734 2903 Chuartinahu,
1759 2823 1933 2889 ecclesiam
1958 2827 2002 2892 ad

315 2925 428 3006 Kensi,
453 2923 623 2988 ecclesiam
648 2921 689 2986 ad
712 2921 910 3006 Ternperch,
935 2919 1104 2984 ecclesiam
1123 2919 1298 3005 Gundoldi,
1323 2921 1492 2987 ecclesiam
1515 2925 1556 2988 ad
1580 2925 1763 3010 Sabnizam,
1787 2931 1830 2994 ad
1857 2929 2004 2996 Nezilin·

314 3031 407 3118 pach.
431 3031 513 3095 Item
537 3029 578 3093 ad
602 3029 737 3116 Rapam,
761 3027 803 3091 ad
826 3025 1010 3111 Tudlcipin‚
1034 3027 1074 3091 ad
1099 3026 1242 3113 Sulpam,
1270 3027 1311 3092 ad
1334 3029 1525 3113 Labentem,
1548 3043 1580 3095 et
1603 3031 1778 3099 Kurcizam
1804 3035 2002 3104 beneficium

314 3136 510 3223 Engihaldi,
532 3136 573 3200 ad
598 3133 817 3200 Carantanam
842 3132 1012 3218 ecclesiam
1038 3145 1168 3198 sanctae
1189 3135 1321 3210 Mariae,
1346 3135 1387 3199 ad
1412 3135 1570 3219 Traboue,
1594 3140 1636 3204 acl
1660 3139 1794 3224 Gurnin,
1818 3143 1859 3207 ad
1882 3143 2000 3210 Trebi·

313 3268 399 3324 nam,
423 3243 465 3307 ad
488 3243 725 3322 Astaruuizam,
749 3241 790 3304 ad
814 3239 960 3322 Friesah,
984 3239 1026 3304 ad
1050 3238 1254 3326 Orazulpam,
1278 3241 1319 3304 ad
1344 3241 1493 3324 Pelisam,
1518 3244 1559 3308 ad
1585 3243 1840 3330 Chumbcnzam,
1864 3250 1905 3313 ad
1930 3250 2002 3316 Un-

314 3351 451 3426 drinam,
474 3349 516 3412 ad
539 3345 782 3428 Liestinicham,
807 3345 847 3410 ad
872 3345 1038 3428 Pruccam,
1072 3346 1114 3410 ad
1141 3345 1307 3428 himinam,
1333 3348 1374 3411 ad
1398 3348 1601 3414 Strazinolun
1626 3351 1690 3416 duo
1715 3353 1794 3435 loca,
1820 3355 1862 3418 ad
1886 3356 2001 3421 Lumi-

312 3457 441 3522 nicham
457 3459 550 3520 iuxta
572 3453 707 3540 Rapam.
725 3451 775 3516 Ea
791 3451 944 3518 videlicet
959 3455 1092 3536 ratione,
1108 3463 1144 3518 ut
1159 3454 1200 3517 ab
1217 3453 1372 3518 hodierna
1385 3455 1448 3532 die,
1466 3467 1498 3519 et
1514 3458 1665 3545 deinceps
1682 3463 1867 3548 praedictae
1882 3489 1935 3531 res
1954 3469 1999 3532 ad

312 3563 513 3652 praedictam
537 3582 645 3625 casam
671 3559 776 3624 sancti
798 3558 887 3623 Petri
912 3569 944 3622 et
964 3562 1066 3624 sancti
1093 3559 1250 3638 Rotberti,
1274 3559 1330 3624 ubi
1353 3564 1449 3626 etiam
1473 3564 1542 3648 ipse
1559 3587 1692 3650 corpore
1717 3571 1900 3654 requiescit,
1926 3575 2000 3640 iure

311 3679 468 3757 perpetuo
491 3675 710 3754 permaneant,
735 3664 859 3752 absque
882 3664 1019 3730 alicuius
1036 3665 1306 3744 contradictione3
1331 3689 1391 3730 nec
1412 3667 1496 3732 ullus
1520 3692 1688 3767 successor
1705 3687 1822 3758 noster,
1847 3689 1904 3741 aut
1916 3679 2002 3763 dux,

312 3776 367 3841 vel
391 3797 509 3858 comes,
534 3775 604 3838 siue
625 3773 777 3854 vicarius,
802 3793 859 3836 seu
891 3771 1035 3858 qualibet
1059 3770 1122 3834 alia
1145 3772 1313 3836 Iudiciaria
1344 3783 1495 3857 potestas,
1513 3773 1553 3838 de
1577 3779 1750 3860 praedictis
1782 3783 1890 3864 rebus,
1909 3807 1995 3871 quas

311 3882 640 3970 praenominauimus,
665 3887 857 3965 potestatem
886 3876 1004 3942 habeat
1020 3877 1094 3941 inde
1111 3879 1274 3964 quippiam
1294 3878 1490 3962 abstrahere,
1515 3879 1572 3945 sed
1595 3905 1652 3968 per
1675 3885 1736 3949 hoc
1761 3897 1890 3954 nostrae
1913 3913 1992 3956 auc·

312 3991 449 4054 toritatis
473 3996 690 4073 praeceptum,
715 3986 799 4048 sicut
824 3983 1054 4070 praediximus,
1079 3983 1120 4046 ad
1148 3985 1347 4068 praedictum
1364 3983 1468 4048 locum
1493 3990 1595 4051 sancti
1613 3989 1699 4054 Petri
1727 4003 1758 4056 et
1781 3998 1884 4058 sancti
1916 3995 1998 4063 Rot-

311 4097 404 4177 bertI,
426 4093 483 4160 ubi
502 4093 598 4157 ctiam
622 4113 757 4176 corpore
781 4091 963 4176 requiescit,
987 4091 1020 4152 in
1048 4089 1223 4153 Salcnburc
1238 4092 1376 4172 ciuitate,
1394 4090 1517 4178 absque
1534 4093 1671 4158 alicqus
1698 4097 1844 4163 molestia
1868 4101 1922 4166 vel
1947 4105 1998 4168 in·

311 4201 500 4292 quietudine
524 4200 598 4264 sint.
622 4197 666 4262 Et
681 4208 717 4262 ut
735 4196 815 4261 haec
827 4198 1001 4261 auctoritas
1018 4195 1198 4282 largitionis
1216 4207 1246 4259 et
1263 4196 1513 4263 confirmationis
1534 4213 1663 4268 nostrae
1680 4205 1803 4273 firmior
1823 4210 1997 4300 habeatur,

308 4325 341 4382 et
365 4333 421 4399 per
443 4309 552 4376 futura
575 4316 720 4390 tempora
742 4327 762 4368 a
785 4301 936 4368 fidelibus
952 4303 1070 4368 nostris
1091 4305 1199 4366 verius
1223 4303 1380 4388 credatur,
1405 4313 1437 4368 et
1458 4301 1644 4390 diligentius
1668 4311 1868 4400 obseruetur,
1894 4342 1996 4387 manu

310 4423 440 4510 propria
463 4424 573 4482 nostra
597 4411 707 4476 subter
731 4433 802 4474 eam
827 4409 1037 4491 firmauimus,
1062 4417 1094 4472 et
1117 4407 1203 4472 anuli
1222 4412 1321 4474 nostri
1344 4412 1544 4496 inpressione
1568 4417 1735 4500 assignare
1758 4423 1923 4489 iussimus.

368 4537 370 4542 ’
468 4521 604 4606 Signum
629 4518 751 4584 domini
774 4515 960 4598 Hlndouici,
978 4516 1175 4580 serenissimi
1198 4519 1295 4600 regis.
1317 4516 1549 4584 Hebarhardus
1563 4525 1706 4588 notarius
1730 4527 1770 4590 ad
1795 4531 1900 4595 vicem
1919 4532 1997 4601 Gri-

310 4631 408 4698 maldi
432 4625 683 4717 archicapellani
696 4624 872 4710 recognoui
895 4633 927 4688 et
959 4623 1146 4708 subscripsi.

467 4736 555 4800 Data
577 4735 655 4800 XII.
679 4732 745 4798 kal.
770 4729 961 4804 decembris,
985 4753 1068 4794 anno
1094 4729 1222 4794 Christo
1247 4732 1384 4817 propitio
1408 4731 1574 4798 XXVIIII
1598 4740 1690 4821 regni
1713 4739 1836 4806 domini
1863 4745 1994 4815 Hludo-

308 4848 373 4910 uici
397 4846 595 4909 serenissimi
611 4842 699 4926 regis
716 4840 749 4902 in
766 4835 914 4902 orientali
937 4835 1075 4900 Francia
1099 4845 1264 4922 regnante.
1292 4837 1470 4902 Indictione
1502 4839 1609 4904 VIIII.
1635 4842 1753 4909 Actum
1777 4848 1991 4942 Mathahoua,

308 4951 387 5016 villa
410 4952 510 5036 regia.
533 4951 572 5014 In
596 4948 648 5012 dei
671 4946 801 5010 nomine
825 4941 971 5007 feliciter.
995 4943 1112 5008 Amen.
1151 4943 1249 5008 Petet
1270 4945 1410 5009 voic'ena
1434 4947 1632 5033 pritiinjena.

466 5097 495 5152 Iz
519 5114 609 5151 vana:
629 5094 774 5149 hludouici
806 5093 877 5164 lmp.
901 5099 1035 5164 precepta
1065 5093 1099 5148 de
1123 5091 1250 5149 ccelesiis
1272 5093 1301 5148 in
1322 5093 1504 5151 orientalibus
1531 5099 1667 5168 partibus.
1699 5101 1819 5160 Izvorna
1848 5106 1948 5166 listina
1974 5129 1995 5166 u

307 5207 332 5244 c.
356 5189 399 5247 hr.
424 5186 574 5242 dvorshom
597 5183 697 5239 arhivu
719 5197 738 5237 n
762 5180 850 5239 Bcdu.
