4350 5932
304 401 348 467 64

306 617 399 662 sacra
415 596 585 661 missarum
603 597 781 682 solempnia
796 595 998 681 celebrares;
1023 597 1079 662 sed
1097 597 1148 662 vel
1167 600 1198 662 in
1215 598 1313 664 latina
1329 597 1380 663 vel
1396 601 1427 664 in
1445 620 1581 684 graecos
1603 597 1721 684 lingna,
1744 599 1829 664 sicut
1850 597 1991 664 ecclesia

306 699 359 766 dei
382 709 449 767 tolo
473 710 631 766 terrarum
655 700 735 766 orbe
769 697 897 784 diffusa,
921 712 953 766 el
975 703 1007 768 in
1033 703 1183 768 omnihus
1209 703 1359 787 gentihus
1383 693 1516 769 dilatata
1547 714 1663 770 cantat.
1695 703 1888 770 Praedicare
1912 726 1993 768 vero

306 816 363 870 aut
396 828 575 871 sermonem
601 809 633 870 in
657 805 775 894 populo
810 806 917 872 facere
952 807 1009 872 tibi
1043 808 1126 891 licet,
1158 831 1256 894 quum
1288 809 1454 896 psalmista
1485 833 1595 876 omnes
1619 819 1801 874 commonet
1825 807 1993 875 dominum

306 921 419 997 gentes
443 909 590 992 laudare,
615 922 647 977 et
668 909 842 998 apostolus,
876 913 980 976 omnis
1012 913 1116 999 inquit
1144 913 1255 1000 lingua
1293 917 1500 994 confiteatur,
1531 914 1606 1002 quia
1641 914 1790 979 dominus
1813 912 1935 979 Jhesus
1959 916 1995 978 in

305 1015 482 1102 gloriaest
505 1015 557 1082 dei
578 1017 690 1104 patris.
715 1013 800 1082 Data
824 1014 949 1082 XVIII.
982 1015 1139 1083 kalendas
1162 1017 1241 1084 Julii
1258 1017 1437 1084 ‘indictione
1462 1017 1537 1085 XII.

466 1199 494 1252 la
516 1198 724 1270 ratihanslroga
746 1198 881 1270 rukopiss
904 1197 955 1258 XI.
970 1193 1073 1272 ¹vieira,
1097 1201 1171 1256 hako
1187 1217 1265 1272 gere.
1289 1195 1379 1272 Epist.
1404 1203 1479 1257 201.
1502 1209 1551 1257 atr.
1578 1201 1628 1256 lt.

686 1483 866 1609 cxxx.
896 1527 993 1610 seo,
1019 1529 1206 1629 alasa
1231 1466 1384 1632 lipara
1413 1528 1448 1610 u
1472 1530 1617 1611 aral.

307 1725 387 1784 Ioco
412 1719 501 1782 vm.
520 1739 607 1797 popa
623 1724 724 1797 jnrliu
756 1723 941 1797 svaoplaka
965 1725 1066 1797 laralia
1089 1725 1294 1784 moravskomu
1316 1725 1357 1783 da
1388 1725 1512 1805 Metoga
1534 1727 1563 1786 ia
1598 1725 1687 1785 Rima
1718 1730 1829 1802 nats-up
1852 1745 1895 1786 nu
1917 1744 1994 1790 aar·

307 1830 471 1903 casasola
493 1829 598 1888 stollcu
618 1829 728 1902 politia
750 1831 762 1886 l
786 1830 826 1887 du
842 1831 876 1902 je
906 1829 1073 1902 mauoheno
1103 1830 1291 1904 ammenskim
1318 1830 1447 1902 joanem
1476 1829 1578 1890 stabili
1600 1823 1631 1890 se
1653 1848 1675 1890 a
1697 1832 1780 1892 artat
1804 1828 1994 1907 petasati

1097 1934 1200 2007 ballol.

750 2104 878 2170 Dilecto
901 2099 967 2171 lilio
992 2101 1221 2192 sfentopulcho
1245 2103 1387 2190 glorioso
1412 2109 1530 2172 comiti.

465 2257 647 2348 Industrise
682 2292 757 2348 tuae
781 2290 889 2346 notum
915 2279 1167 2362 essevolumus,
1192 2282 1343 2366 quoniam
1375 2279 1536 2346 confratre
1567 2292 1678 2347 nostro
1708 2283 1875 2349 Methodio
1899 2303 1990 2352 reue·

307 2388 490 2454 rectissimo
521 2387 766 2474 archiepiscopo
791 2395 921 2451 sanctae
953 2385 1110 2450 ecclesiae
1133 2385 1342 2466 marahensis,
1367 2407 1430 2450 una
1453 2407 1526 2450 cnm
1551 2385 1728 2452 Semisisno
1751 2387 1841 2465 fideli
1858 2398 1924 2470 tuo,
1948 2389 1991 2454 ad

308 2494 419 2560 limina
442 2503 625 2558 sanctorum
658 2481 877 2580 apostolorum
903 2491 989 2558 Petri
1013 2501 1045 2556 et
1075 2491 1176 2574 Pauli,
1212 2499 1418 2576 nostramque
1448 2491 1662 2577 pontificalem
1695 2496 1911 2578 praesentiam
1935 2515 1991 2560 ve-

308 2601 422 2665 niente.
449 2607 545 2686 alque
569 2621 718 2680 sermone
743 2598 877 2664 lucIfluo
898 2597 1067 2677 referente,
1092 2597 1263 2661 didicimus
1290 2605 1364 2660 tuae
1388 2597 1568 2662 deuotionis
1587 2599 1814 2682 sinceritatem,
1838 2610 1871 2664 et
1891 2603 1991 2666 totius

307 2705 416 2793 populi
440 2708 484 2769 tui
510 2705 717 2788 desiderium,
751 2704 839 2791 quod
870 2705 956 2768 circa
987 2703 1096 2768 sedem
1128 2702 1338 2788 apostolicam
1366 2713 1398 2767 et
1428 2713 1570 2768 nostram
1602 2706 1827 2790 paternitatem
1851 2705 1989 2770 habetis.

307 2810 389 2875 Nam
414 2811 524 2876 diuina
547 2812 651 2896 gratia
675 2812 862 2895 inspirante,
887 2810 1079 2894 contemptis
1103 2807 1174 2872 aliis
1199 2807 1317 2873 saeculi
1343 2807 1436 2872 huius
1460 2807 1670 2895 principibus,
1696 2811 1825 2875 beatum
1856 2811 1990 2876 Petrum

306 2914 473 3002 apostolici
490 2915 612 2980 ordinis
630 2916 817 3002 priocipem,
836 2915 1066 2998 vicariumque,
1084 2911 1169 2976 illius
1185 2912 1303 2978 habere
1321 2923 1489 2999 patronum
1512 2935 1551 2978 ac
1573 2917 1605 2978 in
1634 2915 1782 2980 omnibus
1805 2915 1988 2981 adiutorem

307 3032 339 3086 et
362 3021 566 3086 defensorem
590 3022 711 3106 pariter
734 3043 806 3084 cum
824 3019 985 3084 nobilibus
1003 3020 1081 3082 viris
1109 3017 1258 3083 fidelibus
1283 3021 1355 3100 tuis,
1379 3028 1411 3084 et
1435 3039 1507 3083 cum
1531 3021 1618 3084 omni
1643 3020 1759 3106 populo
1783 3029 1888 3086 terrae
1911 3031 1988 3086 tnae

306 3144 416 3192 amore
437 3126 628 3192 fidelissimo
652 3125 780 3211 eligisti,
804 3134 836 3190 et
858 3143 961 3210 usque
984 3123 1026 3188 ad
1050 3123 1147 3188 finem
1165 3123 1225 3189 sub
1250 3125 1351 3211 ipsius
1375 3133 1407 3189 et
1436 3125 1549 3189 vicarii
1583 3127 1652 3190 eins
1684 3124 1872 3192 defensione
1904 3126 1990 3192 colla

308 3235 522 3316 summittens,
557 3235 609 3318 pio
642 3232 759 3298 affectu
789 3233 896 3317 cupis,
919 3229 1095 3294 auxiliante
1126 3225 1266 3312 domino,
1302 3239 1409 3316 utpote
1432 3227 1516 3296 filius
1540 3229 1767 3295 deuotissimae
1791 3253 1990 3318 permanere.

307 3339 372 3406 Pro
395 3361 459 3426 qua
484 3337 609 3403 scilicet
624 3348 712 3402 tanta
728 3336 795 3401 fide
809 3347 841 3400 et
857 3336 1026 3401 deuotione
1047 3345 1102 3400 tua
1120 3346 1152 3424 et
1167 3335 1276 3422 populi
1299 3337 1354 3413 tui,
1379 3334 1576 3421 apostolatus
1600 3340 1700 3402 nostri
1724 3337 1808 3402 ulnis
1833 3341 1988 3420 extensis,

307 3457 337 3510 te
361 3447 454 3531 quasi
479 3445 607 3509 unicum
632 3442 732 3510 filium
757 3465 866 3529 amore
891 3443 1013 3528 ingenti
1037 3440 1270 3527 amplectimur,
1295 3449 1422 3506 etcum
1448 3439 1597 3506 omnibus
1621 3440 1772 3508 fidelibus
1796 3445 1859 3508 tuis
1881 3454 1974 3530 pater

306 3551 415 3616 nitatis
439 3560 568 3614 nostrae
592 3550 725 3634 gremio,
749 3547 848 3613 veluti
871 3569 949 3612 oues
972 3546 1092 3611 domini
1128 3545 1221 3610 nobis
1242 3547 1441 3642 commissas,
1465 3547 1649 3632 recipimus,
1683 3550 1833 3635 vitaeque
1867 3549 1989 3636 pabulo

305 3654 480 3720 clementer
504 3654 626 3719 nutrire
650 3662 807 3740 optamus,
837 3661 934 3739 atque
960 3654 1077 3717 nostris
1109 3651 1247 3716 assiduis
1281 3651 1430 3737 precibus
1461 3654 1671 3738 omnipotenti
1694 3663 1725 3718 te
1749 3653 1879 3719 domino
1902 3677 1989 3721 com·

307 3759 459 3826 mandare
482 3758 657 3824 studemus.
683 3757 851 3838 Quatenus
886 3767 1069 3822 sanctorum
1104 3755 1319 3842 apostolorum
1356 3756 1608 3841 suffragantibus
1644 3760 1774 3833 meritis,
1814 3770 1846 3824 et
1869 3763 1902 3824 in
1926 3759 1989 3826 hoc

306 3863 435 3932 saeculo
458 3863 597 3929 aduersa
620 3865 728 3928 omnia
759 3883 922 3948 superare,
946 3865 1033 3927 etin
1057 3860 1186 3928 coelesti
1220 3860 1422 3947 postmodum
1454 3864 1585 3963 regione
1605 3885 1677 3928 cum
1702 3862 1831 3930 Christo
1856 3865 1989 3931 domino

305 3981 414 4036 nostro
438 3968 548 4034 valeas
574 3967 781 4056 triumphare.
816 3967 917 4052 Igitur
949 3967 1034 4032 hunc
1058 3966 1256 4032 Methodium
1282 3965 1498 4054 venerabilem
1534 3967 1812 4070 archiepiscopum
1843 3984 1988 4036 vestrum

305 4077 369 4141 int
357 4077 577 4159 rrogauimus
601 4093 707 4138 coram
729 4075 841 4160 positis
865 4071 1018 4138 fratribus
1036 4074 1153 4137 nostris
1171 4073 1340 4159 episcopis,
1365 4075 1391 4136 si
1416 4049 1614 4138 orthodoxae
1632 4070 1709 4138 iidsi
1735 4073 1917 4160 symbolum
1938 4078 1987 4144 ita

306 4181 460 4247 crederet.
486 4179 529 4243 Et
553 4181 647 4244 inter
658 4201 750 4244 sacra
773 4180 943 4243 missarum
969 4177 1148 4265 solempnia
1170 4186 1309 4259 caneret,
1334 4180 1428 4242 sicuti
1452 4189 1594 4242 sanctam
1613 4200 1779 4244 romanam
1814 4179 1986 4248 ecclesiam

305 4296 423 4366 tenere,
448 4293 482 4350 et
504 4287 544 4364 in
560 4284 681 4350 sanctis
705 4306 764 4349 sex
796 4281 1032 4348 uniuersalibus
1056 4281 1189 4368 synodis
1214 4306 1234 4346 a
1257 4285 1376 4348 sanctis
1392 4284 1539 4369 patribus
1562 4285 1739 4350 secundam
1763 4287 1988 4372 euangelicam

304 4391 426 4458 Christi
449 4391 500 4458 dei
526 4391 627 4456 nostri
651 4391 873 4454 auctoritatem
891 4386 1128 4475 promulgatum
1152 4398 1249 4474 atque
1272 4388 1424 4453 traditum
1448 4399 1583 4454 constat.
1607 4388 1666 4453 Ille
1691 4399 1797 4456 sutem
1821 4392 1988 4478 professus

305 4507 362 4581 est,
386 4519 421 4562 se
445 4498 537 4563 iuxta
559 4494 781 4580 euangelicam
804 4503 836 4560 et
861 4493 1069 4580 apostolicam
1095 4495 1284 4574 doctrinam,
1309 4495 1403 4558 sicuti
1426 4503 1538 4558 sancta
1560 4515 1694 4560 romana
1717 4495 1856 4562 ecclesia
1877 4499 1983 4582 docet,

305 4611 338 4668 et
360 4627 381 4669 a·
403 4603 548 4689 patribus
572 4601 724 4666 traditum
747 4609 806 4681 est,
831 4609 940 4666 tenere
963 4610 995 4665 et
1018 4598 1166 4686 psallere.
1191 4597 1258 4664 Nos
1282 4607 1387 4664 autem
1412 4597 1501 4663 illum
1527 4601 1558 4664 in
1583 4599 1732 4667 omnibus
1756 4602 1987 4671 ecclesiasticis
2011 4619 2019 4638 ⁸
2091 4615 2097 4622 “

304 4707 459 4774 doctrinis
491 4717 523 4772 et
555 4705 745 4772 utilitatibus
777 4700 992 4771 orthodoxum
1024 4715 1055 4770 et
1077 4705 1254 4792 proficuum
1290 4725 1361 4769 esse
1385 4707 1590 4790 reperientes,
1615 4705 1709 4771 vobis
1733 4709 1848 4774 iterum
1872 4707 1917 4774 ad
1937 4731 1987 4776 re-

303 4812 442 4899 gendam
466 4813 671 4877 commissam
703 4811 764 4876 sibi
795 4809 966 4876 ecclesiam
1000 4809 1052 4875 dei
1079 4810 1271 4874 remisImus.
1310 4808 1414 4889 Quem
1449 4809 1547 4903 veluti
1568 4819 1728 4896 pastorem
1749 4817 1927 4899 proprium,
1952 4825 1991 4881 ut

302 4917 402 5004 digno
430 4915 553 4982 honore
575 4924 608 4980 et
630 4917 819 4993 reuerentia,
850 4915 997 5002 laetaque
1029 4925 1135 4980 mente
1166 4916 1339 5000 recipiatis,
1363 4914 1520 4998 iubemus,
1541 4917 1617 5002 qnia
1640 4926 1768 4982 nostrae
1791 4921 1988 5005 apostolicae

302 5023 503 5089 auctoritatis
527 5030 701 5108 praecepto
724 5023 794 5086 eius
830 5019 1125 5106 archiepiscopatus
1150 5028 1184 5083 nt
1207 5029 1239 5084 et
1262 5019 1466 5107 priuilegium
1500 5021 1771 5104 confirmauimus,
1804 5033 1836 5089 et
1858 5026 1891 5090 in
1915 5045 1987 5113 por·

303 5139 444 5216 pmtrum,
469 5126 529 5191 deo
553 5128 693 5206 iuuante,
717 5125 849 5190 firmum
868 5146 998 5190 manere
1014 5126 1193 5205 statuimus,
1210 5126 1305 5190 sicuti
1322 5133 1564 5191 antecessorum
1587 5137 1768 5194 nostrorum
1793 5133 1987 5198 auctoritate

302 5234 446 5304 omnium·
468 5229 678 5296 ecclesiarum
694 5230 746 5298 dei
764 5233 834 5295 iura
849 5225 1066 5317 etpriudegia
1086 5239 1205 5294 statuta
1228 5240 1260 5294 et
1281 5231 1409 5295 firmata
1432 5233 1620 5297 consistunt.
1646 5233 1695 5297 lts
1717 5255 1811 5312 sane,
1835 5245 1871 5301 ul
1893 5238 1988 5304 iurr'ta

300 5339 489 5420 caeninam
520 5335 732 5433 traditionem(=
759 5337 901 5400 omnium
937 5337 1138 5424 negotiorum
1172 5335 1463 5406 ecclesiasticorum
1497 5357 1607 5403 coram
1644 5337 1761 5404 habeat
1781 5343 1863 5430 ipse,
1890 5355 1924 5408 et
1947 5364 1988 5409 ea
