4350 5932
484 715 492 733 ,
607 633 679 716 LI.
707 631 790 716 743.
819 631 905 715 dne
932 631 991 715 16.
1020 629 1204 732 estense.
1231 633 1268 716 U
1296 633 1440 716 Rimu.

394 829 541 904 Zokortia
560 847 645 904 papa
662 830 825 904 podtelr'uie
849 829 977 902 bistupu
999 827 1234 887 dubrovattoma
1257 827 1382 902 Andrtjr'
1397 830 1550 902 biskupeki
1572 829 1665 902 prate.

625 999 800 1066 Zacharias
824 1001 993 1088 episcopus
1018 1022 1131 1064 seruus
1155 1022 1321 1065 seruorum
1345 1001 1405 1065 dei.

334 1177 461 1244 Dilecto
483 1179 516 1242 in
540 1177 668 1243 Christo
685 1176 751 1242 filio
777 1175 907 1240 Andree
931 1175 1173 1262 archiepiscopo
1198 1185 1307 1240 sancte
1321 1174 1542 1260 Epitauritane
1563 1173 1708 1240 ecclesie.
1730 1173 1856 1241 Consti·

172 1283 295 1346 tuimus
308 1293 339 1347 te
356 1282 504 1347 omnibus
524 1283 637 1348 diebus
655 1285 720 1346 vite
741 1294 795 1347 tue
808 1301 878 1346 esse
895 1290 1054 1366 pastorem
1080 1291 1110 1344 te
1134 1292 1165 1344 et
1182 1303 1383 1345 successores
1400 1289 1471 1345 tuos
1489 1303 1586 1366 super
1609 1283 1703 1345 istam
1727 1283 1856 1367 prouin-

172 1388 268 1451 ciam.
293 1387 443 1474 Inprimis
466 1387 655 1452 Zachulmie
686 1409 795 1471 regno,
821 1397 852 1451 et
875 1408 974 1469 regno
999 1384 1155 1468 Seruulie,
1180 1386 1400 1472 Tribunieque
1423 1408 1534 1470 regno.
1562 1383 1693 1450 Ciuitati
1717 1407 1856 1472 namque

171 1489 387 1574 Catarinensi,
406 1515 461 1557 seu
478 1492 573 1572 Rose,
591 1503 687 1578 atque
704 1491 923 1571 Buduanensi,
940 1491 1130 1573 Auarorom,
1144 1491 1364 1572 Liciniatensi,
1379 1489 1475 1577 atque
1488 1489 1706 1572 Scodrinensi,
1720 1513 1856 1555 necnon

112 1573 122 1592 ⁸
168 1594 421 1678 Driuastinensi,
445 1607 540 1682 atque
559 1596 720 1661 Polatensi
744 1620 816 1661 cum
842 1597 985 1660 ecclesiis
1010 1605 1105 1681 atque
1126 1595 1285 1682 parochiis
1306 1619 1426 1662 eorum.
1444 1595 1478 1661 Si
1496 1605 1638 1676 pastores
1663 1597 1771 1660 ouium
1788 1596 1855 1662 sole

171 1701 313 1788 geluque
331 1725 388 1788 pro
411 1705 519 1786 gregis
536 1704 585 1766 sui
603 1703 757 1780 custodia,
783 1696 835 1766 die
852 1725 890 1765 ac
907 1711 999 1765 nocte
1023 1704 1163 1765 contenti
1189 1713 1270 1782 sunt,
1298 1713 1332 1766 ut
1357 1725 1480 1788 nequa
1504 1725 1546 1767 ex
1570 1704 1616 1767 eis
1640 1711 1696 1768 aut
1719 1703 1855 1767 errando

170 1817 293 1892 pereat,
318 1821 373 1870 aut
396 1806 507 1870 ferinis
532 1805 650 1870 lanista
671 1807 840 1886 morsibus,
878 1808 1029 1891 rapiatur,
1055 1806 1155 1871 oculis
1180 1829 1306 1892 semper
1331 1807 1550 1892 vigilantibus.
1585 1806 1714 1887 Quanto
1738 1807 1856 1872 sudore

170 1923 357 1997 quantaque
383 1915 460 1974 c'ura
483 1911 638 1976 debemus
662 1934 733 1976 esse
766 1909 939 1996 peruigiles
957 1933 1014 1976 uos
1048 1913 1101 1998 qui
1119 1923 1264 1998 pastores
1281 1914 1460 1976 animarum
1478 1912 1626 1992 dicimur,
1644 1911 1856 1977 adtendamus

169 2027 200 2080 et
223 2016 406 2080 subiectum
431 2017 572 2080 officium
598 2015 729 2080 exibere
753 2039 830 2100 erga
854 2017 1031 2081 custodiam
1059 2017 1292 2082 dominicarum
1320 2019 1429 2082 ouium
1454 2041 1517 2082 non
1551 2039 1724 2082 cessemus.
1749 2017 1797 2082 Ne
1821 2019 1866 2082 in·

167 2118 219 2182 die
238 2119 342 2182 diuini
359 2121 526 2198 examinis,
544 2143 600 2204 pro
618 2119 744 2183 desidia
759 2131 867 2184 nostra
883 2131 956 2184 ante
974 2143 1133 2185 summum
1150 2131 1310 2206 pastorem
1329 2121 1522 2206 negligentis
1544 2145 1600 2186 nos
1617 2131 1725 2186 reatus
1742 2143 1854 2186 excru-

167 2225 240 2304 ciet,
267 2223 352 2288 unde
373 2223 467 2287 modo
491 2223 621 2288 honoris
646 2227 834 2306 reuerentia,
859 2224 1063 2290 sublimiores
1087 2229 1170 2291 inter
1204 2235 1328 2290 ceteros
1363 2227 1542 2290 videamur.
1569 2225 1713 2290 Palleum
1744 2237 1851 2291 autem

168 2350 210 2392 ex
235 2351 326 2393 more
350 2327 579 2393 admissurum
603 2328 978 2394 sollemniacelebranda
1009 2330 1122 2395 diebus
1139 2333 1203 2396 vite
1233 2341 1286 2395 tue
1318 2341 1439 2395 tantum
1462 2331 1555 2406 modo
1572 2333 1629 2394 tibi
1648 2331 1854 2395 concedimus

171 2457 259 2498 more
286 2434 550 2518 predecessorum
568 2443 705 2498 tuorum.
724 2434 1006 2500 consecrationem
1032 2459 1108 2500 vero
1134 2445 1260 2500 tuorum
1284 2458 1507 2501 successorum
1545 2435 1637 2500 nobis
1673 2438 1854 2522 nostrisque
1925 2422 1935 2440 ⁸

166 2539 412 2602 successoribus
433 2541 465 2602 in
491 2551 679 2625 perpetuum
692 2549 903 2604 reseruantes.
922 2540 1017 2621 Quod
1034 2540 1171 2626 palleum
1194 2565 1256 2614 non
1274 2541 1368 2604 aliter
1385 2542 1537 2605 utendum
1564 2538 1620 2605 tibi
1638 2540 1854 2624 concedimus,

167 2647 228 2708 nisi
253 2644 457 2708 solummodo
482 2646 514 2706 in
538 2645 591 2708 die
615 2657 724 2709 sancte
755 2648 981 2710 resurectionis
1011 2645 1091 2710 Jesu
1116 2645 1237 2710 Christi
1263 2641 1384 2710 d‘omini
1411 2623 1521 2726 ndstri,
1555 2647 1624 2710 siue
1655 2647 1853 2710 ascensionis

166 2761 197 2814 et
221 2759 437 2835 pentecostes,
471 2771 528 2813 seu
559 2752 591 2812 in
623 2749 781 2814 nataliciis
815 2762 997 2816 sanctorum
1031 2751 1247 2835 apostolorum
1281 2762 1313 2815 et
1345 2752 1429 2815 beati
1460 2750 1597 2815 Joannis
1621 2751 1769 2836 baptiste,
1792 2745 1866 2816 nec¹

165 2878 228 2920 non
248 2865 283 2918 et
305 2857 338 2918 in
362 2855 580 2939 assumptione
605 2854 697 2918 beate
723 2855 834 2934 Maris,
862 2855 1024 2942 simulque
1043 2859 1073 2919 in
1099 2855 1220 2920 domini
1246 2858 1344 2920 nostri
1368 2855 1447 2920 Jesu
1472 2854 1591 2920 Christi
1617 2856 1793 2938 natiuitate,
1819 2865 1850 2921 et

163 2963 195 3024 in
219 2961 275 3025 die
309 2959 519 3024 ordinationis
555 2969 624 3038 tue,
659 2961 890 3026 verumetiam
933 2963 963 3024 in
1001 2961 1275 3045 suffraganeorum
1310 2972 1435 3026 tuorum
1472 2949 1684 3025 ordinatione.
1709 2961 1809 3026 Sicuti
1832 2984 1852 3025 a

163 3066 258 3129 beato
285 3063 444 3149 Gregorio
469 3062 697 3150 predecessore
729 3076 838 3130 nostro
871 3065 965 3130 huius
984 3065 1068 3130 alme
1092 3067 1178 3130 sedis
1201 3065 1329 3148 presule
1353 3067 1512 3130 sancitum
1532 3075 1590 3130 est.
1618 3065 1654 3128 ln
1680 3066 1852 3130 secretario

164 3170 301 3234 induere
325 3180 380 3232 tua
403 3168 587 3232 fraternitas
622 3169 727 3250 debet,
752 3173 851 3235 etsie
873 3172 914 3236 ad
940 3173 1109 3235 missarum
1142 3172 1310 3234 sollemnia
1341 3171 1512 3256 proficisci,
1546 3180 1577 3233 et
1601 3169 1680 3233 nihil
1704 3171 1762 3234 tibi
1785 3193 1851 3234 am·

161 3276 245 3361 plius
259 3275 358 3340 liceat
369 3297 449 3338 ausu
463 3277 632 3340 temerarie
645 3278 894 3362 presumptionis
913 3299 1074 3362 arrogare,
1088 3299 1183 3362 quam
1209 3275 1397 3340 decessores
1421 3275 1753 3360 praedecessoresque
1777 3283 1849 3339 tuos

162 3405 236 3446 usos
261 3404 334 3446 esse
357 3383 554 3464 incognitum
581 3403 643 3444 non
671 3381 779 3446 habes.
806 3382 854 3446 Ne
871 3382 947 3446 dum
964 3383 995 3445 in
1014 3383 1165 3446 exteriori
1185 3381 1296 3444 habitu
1320 3379 1500 3444 inordinate
1524 3378 1645 3466 aliquid
1669 3380 1850 3465 arripiatur,

162 3487 310 3551 ordinate
339 3487 435 3551 etiam
460 3507 522 3571 que
539 3484 636 3550 licere
664 3495 810 3571 poterant
828 3489 1044 3551 ammitantur.
1064 3487 1239 3551 Hortamur
1268 3487 1374 3570 itaque¹
1404 3495 1438 3548 ut
1467 3505 1588 3546 snorum
1607 3493 1733 3548 tuorum
1757 3505 1849 3548 orna·

161 3601 271 3654 menta
306 3589 382 3653 huic
417 3591 618 3655 conueniant.
656 3590 817 3670 Quoniam
851 3591 945 3655 huius
981 3591 1158 3654 indumenti
1195 3591 1316 3671 honor,
1351 3589 1496 3653 modesta
1520 3589 1638 3652 actium
1675 3589 1849 3652 uiuacitate

162 3693 325 3760 seruanda
350 3705 433 3776 sunt,
456 3705 614 3780 quatenus
638 3707 768 3760 auctore
791 3695 852 3760 deo
876 3705 962 3760 recte
988 3697 1157 3781 utrobique
1186 3698 1288 3781 possis
1324 3717 1395 3759 esse
1419 3695 1621 3778 conspicuus.
1657 3692 1849 3778 Itaque·via

161 3811 214 3865 tua
238 3801 317 3865 filiis
342 3801 404 3864 tuis
430 3803 471 3864 sit
495 3801 616 3885 regula,
639 3803 671 3864 in
689 3803 759 3887 ipsa
783 3805 808 3865 si
826 3825 891 3887 qua
911 3801 1069 3865 rectitudo
1098 3801 1161 3865 illis
1179 3802 1297 3865 iniecta
1314 3807 1362 3863 est
1378 3799 1530 3882 dirigant.
1554 3797 1591 3860 In
1617 3819 1656 3860 ea
1678 3797 1755 3883 quid
1777 3798 1847 3860 imi·

161 3915 267 3969 tenter
300 3906 468 3990 aspiciant,
500 3906 533 3968 in
558 3905 627 3990 ipsa
660 3929 787 3992 semper
818 3905 1052 3970 considerando
1078 3905 1259 3992 proficiant,
1292 3915 1326 3967 ut
1354 3915 1443 3967 tuum
1477 3902 1626 3966 videatur
1655 3911 1727 3988 post
1750 3900 1845 3964 deum
1959 3905 1961 3910 ’

159 4033 229 4074 esse
252 4011 338 4074 bene
363 4009 450 4095 quod
471 4011 621 4075 vixerint.
649 4009 715 4075 (lor
738 4033 816 4095 orgo
848 4034 952 4097 neque
970 4033 1202 4096 prosperaque
1220 3989 1663 4094 temporaliter'blandiuntur
1680 3995 1849 4102 extollant,

158 4137 262 4200 neque
287 4113 427 4178 adversa
449 4114 601 4195 deiciant,
627 4115 683 4178 sed
707 4115 966 4202 quidquidillud
984 4117 1079 4180 fuerit
1097 4119 1214 4180 virtute
1232 4115 1383 4200 patientie
1400 4111 1597 4177 deuincatur.
1615 4110 1744 4176 Nullum
1761 4110 1846 4197 apud

159 4229 188 4284 te
212 4219 322 4284 locum
346 4219 430 4301 odio,
456 4219 578 4284 nullum
603 4220 695 4291 fauor
723 4209 916 4286 indiscretus
940 4223 1093 4302 inueniat,
1111 4222 1290 4286 districtum
1312 4229 1343 4282 te
1360 4217 1434 4282 mali
1452 4224 1657 4302 cognoscant.
1682 4216 1845 4280 Insontem

157 4324 242 4410 apud
268 4335 300 4389 te
325 4323 517 4418 culpsuilem
542 4325 617 4412 (sio)
642 4328 806 4410 suggestio
832 4325 1001 4390 melanos
1038 4325 1146 4390 faciat.
1172 4325 1350 4389 Nocentem
1375 4325 1479 4408 gratia
1511 4345 1575 4419 non
1606 4327 1748 4384 excuset.
1784 4321 1844 4384 Re·

159 4432 293 4493 missum
319 4441 350 4492 te
374 4429 613 4516 deliquentibus
647 4454 708 4494 non
734 4431 894 4514 ostendas,
920 4455 959 4495 ne
992 4431 1077 4517 quod
1110 4430 1209 4496 ultum
1244 4453 1306 4494 non
1341 4428 1437 4493 luerit
1461 4427 1638 4513 perpetrari
1658 4427 1844 4510 permittas.

156 4533 203 4599 Sit
222 4537 256 4598 in
281 4546 313 4598 te
330 4547 362 4598 et
381 4533 455 4598 boni
472 4537 608 4620 pastoris
625 4535 771 4618 dulced0,
790 4538 831 4600 sit
849 4545 881 4600 et
904 4536 1019 4600 iudicis
1044 4559 1159 4600 seuera
1172 4537 1340 4600 districtio.
1368 4533 1476 4598 Unum
1501 4529 1623 4594 scilicet
1646 4528 1731 4615 quod
1756 4531 1845 4594 inno·

156 4650 266 4704 center
279 4642 442 4704 uiuentem
457 4639 575 4721 foueat,
587 4641 675 4705 aliud
690 4641 776 4727 quod
793 4643 954 4728 inquietos
980 4642 1163 4725 arguendos
1183 4665 1202 4704 a
1219 4643 1376 4726 prauitate
1396 4643 1586 4722 compescat.
1606 4633 1669 4698 Sed
1694 4637 1845 4720 quoniam

157 4767 391 4831 nonnunquam
415 4745 762 4842 prepositorum-zelus
788 4746 865 4810 dum
889 4746 1054 4811 districtus
1079 4746 1234 4810 malorum
1261 4745 1330 4809 vult
1353 4743 1476 4808 vindex
1501 4741 1651 4820 existere,
1675 4741 1791 4803 transit
1813 4741 1846 4804 in

157 4849 382 4915 crudelitatem
406 4851 572 4930 correctio,
598 4851 677 4913 iram
695 4853 727 4913 in
744 4851 863 4915 iudicio
881 4851 1019 4931 refrena,
1045 4863 1075 4915 et
1100 4873 1235 4915 censura
1272 4849 1443 4933 discipline
1466 4849 1514 4910 sic
1535 4855 1636 4926 utere,
1660 4851 1695 4907 ut
1718 4843 1844 4930 culpam

153 4953 249 5020 ferias
274 4965 308 5018 et
330 4978 351 5018 a
371 4954 543 5030 dilectione
569 4937 777 5040 personarum
795 4979 876 5042 quas
900 4959 1035 5041 corrigis
1054 4980 1116 5021 non
1134 4957 1276 5022 recedat.
1295 4952 1539 5018 Misericordem
1564 4959 1595 5014 te
1620 4957 1716 5033 prout
1739 4950 1843 5013 virtus

153 5061 273 5144 patitur
297 5061 330 5123 in
355 5057 507 5124 omnibus
539 5059 644 5124 exibe.
681 5059 855 5147 Oppressis
891 5061 1035 5126 defensio
1066 5073 1121 5126 tua
1151 5063 1233 5126 iuste
1268 5060 1447 5140 subueniat,
1485 5053 1740 5141 opprimentibus
1776 5075 1840 5116 mo·

153 5161 276 5228 destiue
303 5165 385 5228 ratio
409 5163 614 5230 contradicat.
639 5163 767 5230 Nullius
791 5165 906 5231 faciem
942 5177 1052 5230 contra
1074 5168 1229 5232 iustitiam
1254 5167 1404 5250 accipias,
1430 5161 1552 5226 nullum
1576 5165 1764 5243 querentem
1789 5161 1861 5236 iu·‚

152 5271 272 5333 stitism
305 5269 477 5354 despicias.
513 5251 668 5334 Ousthdia
690 5271 723 5334 in
748 5281 778 5335 te
803 5273 952 5357 equitatis
985 5271 1133 5354 excellat,
1161 5283 1194 5335 ut
1219 5295 1277 5334 nec
1301 5271 1434 5334 diuitem
1462 5263 1605 5353 potentia
1628 5283 1687 5326 sua
1716 5261 1840 5350 aliquid

151 5375 235 5460 apud
262 5396 321 5438 nos
346 5383 437 5438 extra
461 5377 547 5439 viam
571 5375 705 5442 suadeat
729 5378 860 5441 rationis
883 5376 1012 5457 audere,
1032 5399 1091 5441 nec
1106 5399 1264 5462 pauperes
1283 5399 1340 5440 sua
1357 5375 1454 5439 faciat
1471 5369 1635 5434 humilitas
1657 5367 1840 5454 desperare.

1675 5519 1694 5559 ᾔ
