4350 5932
1847 419 1870 486 ὅ

178 632 291 709 postea
314 631 365 686 est
396 620 606 708 plurimorum
638 616 794 684 relatione
826 617 1026 704 perductum,
1056 617 1177 682 illicitis
1209 625 1240 681 te
1273 625 1307 680 et
1336 613 1456 680 assde
1480 611 1659 701 apostolica
1690 612 1865 700 prohibitis

182 725 442 792 ordinationibus
467 725 635 805 miscuisti,
653 733 685 790 et
700 746 781 810 quos
805 723 979 806 Honorius,
996 732 1072 788 tunc
1096 723 1280 810 praedictae
1296 721 1438 786 ciuitatis
1462 721 1644 808 episcopus,
1662 731 1775 788 conus
1790 743 1867 788 con·

179 832 386 897 suetudinem
422 853 575 896 romanae
609 829 662 894 vel
696 851 774 894 suae
798 826 964 912 ecclesiae,
1000 827 1087 894 sedis
1121 827 1319 914 apostolicae
1353 827 1528 892 constituta
1562 828 1664 892 saeris
1699 826 1868 894 ordinibus

99 1010 102 1014 ,
175 938 409 1026 applioauerat,
435 960 499 1002 non
523 936 626 1002 solum
649 935 822 1024 probibere
855 936 982 1022 penitus
1011 935 1152 1016 voluisti,
1184 933 1242 1000 sed
1273 956 1334 998 nec
1366 932 1461 1000 nobis
1493 956 1536 998 ex
1566 932 1627 998 hac
1661 954 1787 1016 caussa,
1811 931 1867 1000 vel

178 1047 300 1131 scripto
324 1044 455 1126 referre,
480 1041 530 1108 vel
554 1042 683 1128 quando
709 1039 962 1106 Thessalonicae
986 1040 1081 1106 nobis
1105 1063 1305 1122 occurreras,
1327 1062 1452 1104 memor
1474 1040 1692 1106 conscientiae
1716 1048 1801 1122 tuse,
1825 1061 1867 1106 ne

178 1149 280 1216 verbo
305 1149 437 1236 quidem
460 1170 635 1234 suggerere
658 1147 800 1232 voluisti,
826 1157 858 1212 et
887 1145 1050 1229 cumillis,
1072 1155 1236 1234 tamquam
1253 1168 1326 1212 cum
1343 1145 1488 1234 legitimo
1504 1153 1538 1210 ct
1553 1144 1738 1212 rationabili
1753 1143 1867 1212 ordine

175 1257 281 1336 factis,
307 1254 493 1342 cupiditatis
518 1255 631 1338 spiritu
656 1255 850 1340 acquieursti
876 1251 1063 1340 procedere,
1088 1262 1246 1318 eteorum
1263 1253 1371 1319 socius
1388 1276 1423 1318 es
1440 1253 1675 1318 communionis
1693 1251 1866 1318 venalitate

176 1371 334 1448 repertus.
357 1361 479 1426 Iterum
504 1358 739 1424 Thessalonica
763 1357 946 1424 Dalmatiae
974 1360 1160 1446 patrimonii
1187 1359 1323 1445 regendi
1357 1381 1474 1426 caussa
1504 1360 1659 1425 remissus
1690 1380 1778 1442 es,·e
1802 1381 1868 1448 qua

178 1469 346 1554 prouincia
369 1467 529 1552 frequenti
554 1475 584 1530 ts
607 1468 798 1530 auctoritate
828 1465 1026 1548 monuimus,
1045 1475 1079 1529 nt
1096 1488 1158 1529 non
1175 1474 1250 1530 aute
1266 1463 1462 1546 discederes,
1479 1466 1542 1530 nisi
1559 1487 1670 1531 ornnes
1687 1465 1867 1548 secundum

176 1573 442 1660 pollicitationem
468 1582 555 1638 tuam
579 1580 645 1638 tam
670 1572 710 1638 de
735 1571 973 1638 Dalmatiarum
1002 1573 1208 1659 patrimonio,
1231 1592 1329 1658 quam
1360 1569 1401 1637 de
1431 1570 1658 1637 Praeualitano
1693 1569 1865 1658 colligeres

176 1702 360 1767 pensiones.

336 1829 401 1894 Sed
424 1837 457 1893 tu
481 1828 590 1892 omnia
613 1829 883 1913 praetermittens,
907 1825 949 1890 ad
973 1825 1365 1916 Constantinopolitanam
1399 1825 1512 1894 urbem
1537 1849 1596 1915 pro
1620 1825 1690 1893 solo
1716 1825 1868 1894 faciendo

175 1936 334 2002 scandalo
358 1936 469 2000 venire
493 1933 663 2016 festinasti,
688 1941 846 2021 quantum
870 1942 902 1997 et
925 1955 1065 2021 sequens
1091 1937 1198 2002 exitus
1222 1935 1412 2002 declarauit.
1437 1942 1498 2000 etc.

337 2101 438 2158 blansi.
464 2099 656 2156 Conciliornnr
680 2097 807 2155 Oolectio
830 2099 865 2154 Τ.
889 2097 940 2154 ΙΧ.
964 2105 1014 2156 etr.
1040 2099 1113 2156 355.

678 2347 799 2429 VIII.
833 2348 927 2432 500.
961 2353 1150 2453 mjcseca
1176 2351 1358 2456 vellate.

179 2523 283 2598 Grylo
308 2521 336 2583 I.
360 2541 445 2597 papa
478 2523 586 2584 παὶαέο
610 2522 802 2595 Sebasttjauu
836 2521 964 2622 biskupu
993 2524 1193 2594 monstrosae,
1216 2525 1257 2584 da
1276 2540 1318 2601 qu
1348 2525 1465 2586 iacteatt
1488 2543 1504 2585 o
1527 2524 1629 2586 mietit
1654 2524 1867 2600 prctjercuopa

699 2627 932 2704 curtqrcdakopc
955 2631 1117 2705 putricrte
1139 2630 1333 2706 Ancstcrtja.

611 2784 801 2872 Gregorius,
832 2786 1025 2854 Sebastiano
1053 2787 1208 2874 episcopo
1236 2785 1447 2852 Rhiainiensi.

352 2921 511 3004 Quamuis
528 2925 617 2992 nulla
633 2929 738 2994 merui
762 2928 971 2996 beatitudinis
987 2938 1116 2996 vestrae
1136 2931 1259 3016 scripta
1282 2929 1457 3014 suscipere,
1471 2939 1577 2994 umen
1593 2949 1654 3014 ego
1671 2928 1769 2994 etism
1785 2925 1868 2992 obli·

176 3033 356 3096 uiscentem
380 3053 431 3094 me
456 3054 519 3098 non
543 3031 727 3116 obliuiscor,
753 3035 972 3122 negligentem
997 3033 1100 3122 pulso,
1128 3043 1308 3121 torpentem
1333 3037 1452 3101 amoris
1484 3033 1622 3100 stimulis
1653 3034 1807 3120 inquieto,
1834 3041 1870 3099 ut
1912 3043 1915 3050 '

175 3138 232 3222 qui
256 3159 299 3200 ex
323 3137 496 3223 semetipso
522 3161 584 3204 non
609 3138 679 3204 vult
697 3140 894 3226 impendere,
919 3141 969 3206 vel
995 3139 1140 3226 pulsatus
1165 3141 1247 3205 sciat
1267 3140 1404 3206 reddere
1438 3140 1525 3227 quod
1559 3139 1667 3206 debet.
1690 3141 1867 3206 Praeterea
1920 3165 1922 3169 ’

176 3241 285 3306 indico
317 3245 559 3328 suggestionem
591 3267 642 3309 me
672 3245 759 3333 apud
790 3249 952 3334 piissimos
988 3247 1136 3322 dominos
1170 3248 1304 3312 summis
1337 3247 1489 3332 precibus
1522 3245 1650 3333 plenam
1681 3245 1808 3329 fecisse,
1833 3253 1869 3310 ut

177 3350 283 3412 virum
310 3346 532 3414 beatissimum
556 3349 709 3416 domuum
734 3351 944 3420 Anastasium
969 3353 1196 3440 patriarcham,
1215 3375 1371 3420 concesso
1395 3374 1455 3418 usn
1478 3351 1579 3439 pallii,
1603 3352 1645 3418 ad
1669 3351 1756 3418 beati
1779 3350 1869 3417 Petri

176 3453 398 3540 apostolorum
423 3458 578 3544 principia
599 3457 710 3522 l'mina
727 3481 853 3524 mecum
867 3458 1103 3525 celebraturum
1122 3459 1278 3526 solemnia
1301 3461 1473 3524 missarum
1497 3460 1716 3525 transmittere
1737 3456 1869 3524 debuis-

177 3572 266 3642 sent3
292 3572 451 3646 quatenus
475 3562 505 3624 si
527 3563 556 3626 ei
580 3561 622 3628 ad
647 3563 757 3629 sedem
778 3587 874 3632 suam
898 3567 1030 3630 minime
1053 3567 1172 3632 reuerti
1197 3563 1317 3647 liceret,
1346 3565 1459 3631 saltem
1478 3588 1604 3630 mecum
1620 3567 1654 3630 in
1670 3563 1792 3630 honore
1808 3585 1867 3629 suo

177 3667 313 3730 uiueret.
339 3665 400 3762 Sed
425 3689 508 3753 quas
526 3689 624 3733 causa
648 3671 833 3758 contigerit,
858 3671 1021 3738 uteadem
1047 3674 1167 3757 scripta
1190 3672 1371 3754 retinerem,
1407 3673 1624 3758 praesentium
1657 3668 1739 3736 lator
1773 3669 1869 3734 robis

176 3773 368 3836 innotescet.
392 3771 549 3838 Eiusdem
573 3783 681 3838 tamen
706 3768 814 3841 domni
841 3776 1007 3842 Anastasii
1031 3780 1173 3842 animum
1203 3779 1388 3864 cognoscite
1420 3789 1451 3846 ct
1482 3775 1641 3865 quidquid
1676 3778 1706 3842 ei
1733 3775 1774 3843 de
1804 3773 1866 3842 hac

178 3899 213 3942 re
236 3877 406 3964 placuerit,
431 3880 548 3945 vestris
574 3880 651 3946 mibi
678 3881 825 3970 epistolis
852 3883 1004 3950 indicate.

337 4023 439 4084 Manat
463 4027 603 4087 Collectio
626 4029 781 4094 concilior.
807 4034 846 4089 T.
866 4034 918 4090 IX.
941 4040 992 4094 atr.
1021 4033 1114 4089 1050.

549 4278 628 4361 IX.
656 4279 748 4364 590.
777 4283 965 4384 mjeseca
997 4283 1181 4367 studens
1208 4283 1264 4366 ili
1292 4283 1498 4384 prosince

179 4467 283 4543 Gruter
307 4465 334 4528 I.
351 4485 439 4543 papa
461 4469 567 4532 nutam
589 4470 707 4532 Notata
738 4473 867 4546 occupo
897 4472 1087 4542 soliustomu,
1121 4473 1162 4532 dc
1193 4473 1353 4533 Honoratu
1387 4469 1619 4547 ncddjaltonsku
1650 4473 1713 4532 tuat
1741 4469 1870 4546 porrutr‘.

673 4601 726 4667 Ad
748 4597 898 4666 Natalem
922 4601 1109 4688 episcopum
1145 4597 1370 4667 salonitanum.

338 4738 441 4806 Gesta
464 4763 547 4827 quae
570 4742 664 4808 nobis
688 4744 721 4808 iu
746 4743 875 4810 concilii
899 4745 998 4808 vestri
1028 4741 1174 4808 confecta
1191 4744 1365 4808 secretario
1383 4741 1558 4818 direxistis,
1573 4743 1608 4808 in
1624 4739 1743 4830 quibus
1763 4739 1865 4806 archi·

176 4845 335 4910 diaconus
352 4845 538 4912 Honoratus
554 4847 725 4931 addicitur,
750 4839 846 4936 plena
869 4871 940 4914 essa
964 4849 1177 4932 cognouinrus
1205 4851 1329 4913 semine
1353 4849 1541 4933 iurgiorum,
1566 4871 1639 4913 cum
1656 4869 1720 4913 uno
1739 4845 1867 4913 eodem·

176 4975 244 5038 que
269 4961 424 5040 tempore,
449 4976 512 5018 una
535 4975 684 5040 persona,
707 4953 819 5021 nolens
846 4953 888 5018 ad
912 4953 1084 5019 sacerdotii
1113 4953 1259 5018 ordinem
1283 4953 1478 5041 prouehitur,
1505 4975 1588 5040 quac
1619 4963 1784 5039 tamquam
1808 4952 1867 5016 im·

176 5061 294 5121 merita
318 5081 336 5122 a
360 5058 550 5124 diaconatus
575 5059 683 5126 officio
706 5055 902 5127 remoretur.
930 5059 972 5126 Et
996 5063 1079 5126 sicut
1102 5062 1221 5125 iustum
1249 5069 1307 5144 est,
1326 5071 1360 5124 nt
1377 5082 1470 5124 uerno
1487 5081 1635 5125 crescere
1652 5055 1866 5146 compellatur

174 5165 312 5246 inuitus,
335 5165 380 5229 ita
404 5166 602 5238 censendum
627 5177 704 5253 puto
730 5169 887 5253 similiter,
912 5191 952 5234 ue
976 5171 1147 5254 quisquam
1175 5173 1288 5232 insons
1311 5165 1353 5230 ab
1377 5163 1499 5231 ordinis
1524 5167 1574 5231 sui
1597 5165 1775 5232 ministerio
1799 5163 1867 5231 dei·

175 5269 285 5333 cietur
304 5270 433 5336 iniuste.
463 5270 693 5338 Verumtamen
726 5277 803 5360 quia
833 5275 964 5340 inimica
995 5273 1056 5338 deo
1093 5274 1256 5339 discordia
1289 5283 1361 5338 tuas
1397 5255 1505 5359 partes
1537 5281 1678 5356 accusat,
1702 5272 1809 5340 locum
1832 5281 1865 5340 et

175 5372 493 5442 administrationem
518 5399 609 5443 suam
633 5379 800 5446 Honorato
833 5378 1061 5446 archidiacono
1093 5384 1245 5444 restituas
1277 5384 1530 5462 commonemus,
1562 5387 1660 5468 atque
1689 5377 1866 5447 concordes
