4300 5930
1775 375 1835 442 181

146 559 311 630 dictiones
335 573 399 628 tam
425 567 456 628 in
482 567 660 653 episcopos,
685 586 781 651 quam
807 567 838 630 in
863 564 962 630 aliurn
986 563 1108 630 clerum
1134 562 1351 650 percipiendo,
1377 562 1554 629 secundum
1578 565 1673 632 deum
1697 565 1839 634 habeant

145 671 396 750 auctoritatem:
421 681 453 735 et
475 670 562 756 quod
588 672 748 736 neminem
769 669 810 736 ad
836 669 981 736 ordinem
1013 667 1277 756 archiepiscopus
1311 663 1513 754 promouent,
1549 671 1611 735 nisi
1646 694 1703 760 per
1733 673 1837 740 archi·

148 769 328 841 diaconum
352 783 408 840 aut
431 798 488 862 per
512 777 683 842 canonicos
708 777 809 842 sancti
834 775 968 840 Domnii
992 783 1221 861 presentatum,
1247 774 1331 838 siout
1365 776 1398 837 in
1434 774 1497 838 alio
1532 775 1712 862 priuilegio,
1748 778 1834 866 quod

151 881 323 946 canonicis
339 904 436 968 super
450 883 591 969 antiquis
608 881 834 948 usualitatibus
851 880 1019 950 seruandis
1037 881 1174 946 fecimus
1201 877 1332 964 plenum
1355 887 1387 943 et
1409 901 1611 966 expressum.
1633 882 1835 950 Instituimus

148 985 264 1068 etiarn,
287 995 323 1057 ut
344 986 487 1052 officium
512 986 606 1054 beate
627 987 763 1072 virginis
788 985 890 1052 Maris
913 989 946 1054 in
971 986 1121 1054 omnibns
1144 983 1292 1052 ecclesiis
1315 1005 1374 1070 per
1396 996 1539 1052 nostram
1563 986 1717 1054 diocesim
1746 990 1834 1054 omni
1904 1067 1910 1074 ²

147 1088 204 1154 die
229 1099 386 1158 cantetur.
411 1091 587 1180 Preterea.)

311 1216 399 1282 Inter
422 1227 530 1283 cetera
553 1217 693 1304 quidem,
718 1241 790 1283 oum
826 1216 977 1304 parochie
1014 1215 1291 1300 suffraganeorum
1332 1223 1514 1282 nostrorum
1545 1215 1587 1282 ad
1621 1239 1657 1283 se
1692 1218 1832 1284 inuicem

146 1333 263 1388 essent
282 1323 424 1403 confuse,
449 1333 480 1388 et
503 1325 619 1390 ceteris
643 1323 798 1388 limitibus
825 1345 1029 1410 nequaquam
1053 1321 1213 1402 distincte,
1238 1329 1270 1384 et
1293 1319 1390 1386 nullis
1414 1319 1594 1408 priuilegiis
1626 1326 1832 1404 communite,

147 1427 198 1491 ita
221 1437 257 1491 ut
278 1429 339 1516 ipsi
363 1430 505 1515 episcopi
530 1431 562 1492 in
587 1424 727 1492 errorem
753 1438 786 1493 et
810 1429 1063 1494 controuersiam
1089 1450 1166 1514 sepo
1189 1425 1429 1510 inducerentur,
1453 1426 1574 1514 placuit
1593 1430 1697 1514 primo
1729 1429 1832 1512 nobis,

147 1541 183 1597 et
209 1536 321 1618 postea
345 1535 494 1599 omnibns
518 1537 636 1599 nostris
660 1536 829 1620 episcopis,
855 1543 1049 1599 memoratas
1071 1531 1241 1619 parochias
1264 1531 1372 1598 taliter
1395 1532 1605 1617 distinguere,
1630 1555 1669 1599 ac
1704 1533 1832 1620 priuile-

148 1638 216 1723 giis
240 1641 447 1722 communire,
472 1649 507 1704 ut
530 1639 570 1704 de
594 1649 701 1705 cetero
727 1639 950 1726 unusquisque
974 1640 1199 1724 episcoporum
1220 1636 1383 1701 attributis
1407 1635 1470 1701 sibi
1495 1635 1657 1722 parochiis
1681 1647 1713 1702 et
1735 1640 1833 1724 priui-

149 1741 282 1828 legiatis
305 1745 456 1830 gaudem,
481 1755 514 1810 et
537 1745 616 1810 nulli
639 1767 791 1832 umquam
817 1745 952 1809 fratrum
978 1766 1108 1808 suornm
1136 1743 1338 1828 questionem
1361 1739 1480 1806 exinde
1504 1761 1635 1808 mouera
1659 1753 1833 1830 presumat.

149 1847 376 1912 Diffiniuimus
399 1852 508 1936 itaque
533 1853 599 1934 pari
625 1859 700 1915 voto
724 1860 756 1914 ct
774 1851 936 1915 communi
962 1847 1127 1913 voluntate
1151 1846 1327 1912 eorundem
1352 1846 1640 1931 suffraganeorum,
1666 1856 1701 1914 nt
1728 1848 1831 1914 archi·

148 1955 323 2040 episcopus
348 1955 540 2040 spalatensis
564 1955 621 2020 has
645 1955 762 2020 habeat
783 1955 970 2042 parochias:
995 1953 1145 2035 Olissam,
1182 1950 1295 2034 Soalle,
1330 1951 1491 2032 Zminam,
1527 1951 1700 2036 Zettinam,
1732 1963 1832 2020 totam

149 2057 319 2141 Clausam,
344 2071 444 2126 totum
483 2061 649 2126 Musarum
688 2071 720 2126 et
753 2071 855 2126 totum
896 2060 1000 2140 Dol,¹
1039 2080 1141 2144 usque
1179 2059 1219 2122 ad
1258 2055 1415 2139 Vrullam,
1453 2067 1485 2122 et
1523 2057 1719 2147 ubicumque
1756 2069 1832 2124 sunt

150 2172 238 2228 terre
278 2168 378 2230 sancti
420 2165 562 2248 Domnii,
601 2165 740 2232 debeant
779 2164 855 2230 dare
894 2164 1053 2230 decimam
1094 2172 1206 2228 sancto
1243 2161 1395 2228 Domnio.
1436 2161 1586 2250 (Insuper
1623 2163 1742 2230 haheat
1775 2163 1834 2230 has

148 2269 323 2334 ecclesiae:
356 2284 499 2337 sanctam
524 2271 693 2354 Martham,
719 2281 864 2336 sanetum
907 2270 1037 2334 Petrum
1076 2269 1115 2333 de
1140 2267 1294 2351 Olobuco,
1330 2277 1474 2334 sanctam
1504 2267 1651 2353 Mariam,
1686 2278 1833 2338 sanctum

148 2373 363 2461 Stephanum,
399 2388 545 2442 sanctum
582 2377 738 2463 Moysem‚
777 2387 923 2441 sanctum
961 2373 1272 2459 Bartholomeum)“
1309 2372 1472 2438 'liniensis
1507 2375 1678 2462 epiecopus
1713 2373 1832 2442 haheat

149 2481 262 2546 sedem
300 2504 389 2546 auam
428 2485 461 2547 in
499 2483 623 2562 Terin,
663 2493 695 2547 et
732 2481 849 2546 habeat
887 2481 945 2546 has
994 2479 1178 2568 parochias:
1228 2477 1333 2544 Tenin
1380 2500 1549 2566 campum,
1597 2479 1833 2564 Verchrecam,

151 2585 238 2651 Pset.
289 2585 515 2672 Traguriensis
556 2591 725 2674 episcopus
767 2587 885 2654 haheat
923 2587 981 2652 has
1012 2585 1201 2672 parochias:
1243 2581 1463 2668 Scardonam,
1502 2583 1640 2669 Brebir,
1678 2583 1831 2672 Belgrad,

152 2713 226 2755 cnm
261 2701 329 2755 tota
359 2692 507 2778 Sidraga.
540 2693 700 2758 Nouensis
733 2697 904 2780 episcopus
935 2691 1054 2757 haheat
1083 2690 1141 2756 has
1173 2689 1362 2777 parochias:
1394 2689 1530 2773 Nonam,
1562 2700 1663 2756 totam
1698 2689 1831 2776 Lucam,

154 2805 189 2860 et
226 2789 430 2861 medietatem
466 2797 553 2863 Lice.
596 2797 775 2883 Signiensis
810 2800 981 2886 episcopus
1020 2796 1138 2861 habeat
1171 2795 1282 2860 sedem
1310 2817 1400 2860 suam
1433 2797 1467 2861 in
1498 2795 1619 2882 Signia,
1651 2805 1683 2862 et
1714 2796 1833 2864 haheat

151 2900 211 2964 has
235 2900 421 2986 parochias:
446 2901 600 2987 Signiam,
625 2903 743 2968 vallem
778 2906 965 2986 vineariam,
990 2900 1143 2984 Gazcam,
1168 2889 1202 2966 et
1222 2901 1341 2966 Busan.
1361 2902 1376 2940 ⁸
1399 2898 1629 2968 Oorhauiensis
1660 2906 1833 2990 episcopus

152 3005 272 3070 habeat
294 3007 403 3072 sedem
429 3031 519 3074 suam
543 3010 575 3074 in
602 3007 761 3090 Corbaua,
786 3019 818 3074 et
841 3008 959 3074 habeat
983 3008 1040 3073 has
1066 3007 1253 3094 parochias:
1280 3006 1473 3089 Oorbauam,
1491 3007 1695 3092 medietatem
1710 3008 1832 3089 Lice,‘

153 3110 330 3196 Nouigrad‚
353 3112 503 3195 Dresnio,
528 3113 613 3196 Plas,
637 3125 669 3179 et
693 3115 888 3181 Modrusam.
912 3113 1100 3200 (Pharensis
1125 3116 1295 3202 episcopus
1317 3107 1435 3180 habent
1450 3113 1560 3179 sedem
1577 3136 1667 3179 suam
1687 3115 1719 3178 in
1735 3113 1831 3198 Phar,

153 3227 185 3281 et
207 3217 326 3282 habeat
350 3217 407 3281 has
432 3219 617 3306 parochias:
645 3220 739 3304 Phar,
765 3221 926 3304 Braciam,
950 3231 982 3286 et
1004 3221 1141 3302 Lissam,
1179 3219 1363 3302 Corcoram,
1392 3219 1534 3302 Laetam,
1567 3229 1599 3284 et
1629 3219 1763 3302 Mulcer,
1798 3229 1831 3286 et

154 3333 252 3388 totam
278 3321 444 3408 Orainam)
463 3327 477 3364 ⁵
496 3325 644 3390 Ecclesie
668 3349 746 3392 vero
771 3328 871 3392 saneti
896 3324 1050 3412 Stephani
1075 3329 1170 3410 regis,
1195 3335 1227 3390 et
1251 3324 1373 3412 capelle
1397 3334 1506 3390 nostra
1530 3326 1562 3389 in
1586 3323 1707 3390 honora
1724 3325 1828 3391 sancti

151 3425 319 3510 Johannis‚
344 3451 442 3516 quam
466 3454 524 3496 nos
549 3455 645 3498 manu
668 3444 777 3498 nostra
800 3434 1072 3514 consecrauimus,
1104 3431 1187 3496 hanc
1220 3431 1455 3496 ordinationem
1487 3429 1641 3496 fecimus:
1675 3429 1771 3511 Quod
1803 3431 1833 3495 ei

154 3543 225 3619 post
248 3534 537 3622 archiepiscopum,
563 3537 670 3602 nullus
695 3541 803 3624 presit,
828 3540 890 3604 nisi
914 3538 1066 3604 sacerdos
1090 3538 1119 3602 ei
1143 3536 1318 3602 ordinatus.
1344 3535 1405 3602 (tui
1429 3535 1488 3602 hos
1510 3535 1642 3618 reditus,
1667 3537 1830 3602 communi

154 3639 319 3704 voluntate
342 3640 477 3705 fratrum
502 3641 548 3707 ibi
572 3645 773 3709 assistentium
792 3645 807 3684 ⁶
829 3646 1058 3724 concessimus,
1083 3645 1212 3707 vineam
1237 3665 1333 3708 unam
1357 3643 1390 3706 in
1413 3640 1513 3724 Biaci,
1538 3664 1635 3729 quam
1655 3641 1831 3728 aquodam

152 3745 345 3828 'fragmina
371 3746 435 3810 filio
460 3747 606 3812 Furmini
630 3748 845 3835 Oaiageorgii,
868 3751 992 3815 iustitia
1015 3748 1166 3831 dictante,
1191 3747 1310 3814 iudicio
1334 3747 1517 3828 Dircemiri,
1537 3748 1551 3786 ⁷
1572 3747 1724 3833 Tragurii
1753 3756 1830 3812 tuno

48 3875 52 3883 ·
152 3852 290 3932 comitis,
314 3854 505 3938 recepimus.
528 3852 628 3919 Cuius
652 3877 748 3919 cause
771 3853 944 3942 pristaldue
967 3863 1016 3919 est
1037 3853 1142 3920 Cerne
1162 3853 1247 3919 filius
1271 3852 1433 3939 Cypriani,
1459 3860 1559 3920 testes
1574 3865 1667 3920 sunt:
1692 3855 1829 3940 iupanns

153 3957 278 4040 Petrus,
303 3957 387 4022 filins
411 3957 604 4044 Gregorelli,
630 3970 662 4025 et
685 3960 844 4026 Martinus
867 3960 1069 4046 'l'ragnrinue
1100 3959 1140 4025 de
1172 3959 1402 4039 Benedicite,⁸
1433 3969 1465 4025 at
1494 3959 1550 4024 alii
1581 3981 1678 4046 quam
1709 3957 1827 4045 plures.

152 4061 196 4126 a:
218 4061 339 4126 ibidem
358 4065 373 4104 ⁹
395 4065 428 4128 in
452 4063 541 4129 Biaci
566 4075 684 4130 terram
708 4065 748 4130 ad
773 4065 854 4131 duos
878 4065 989 4145 boues,
1013 4065 1140 4146 bouem,
1165 4075 1197 4130 et
1219 4086 1363 4130 vaccam.
1388 4064 1566 4130 Statuimus
1602 4064 1761 4150 siqnidem
1794 4071 1829 4128 ut

152 4165 231 4232 nulii
256 4168 385 4232 omnino
409 4167 575 4234 hominum
598 4172 626 4209 ¹⁰
648 4171 743 4237 liceat
766 4171 849 4236 hano
872 4171 1025 4258 paginam
1049 4181 1155 4236 nostre
1182 4171 1419 4236 constitutionis
1443 4180 1475 4236 et
1498 4171 1750 4235 confirmationis
1783 4171 1830 4234 in·

151 4273 305 4358 fringere,
331 4271 383 4338 vel
405 4265 435 4338 ei
460 4275 484 4311 ¹¹
508 4273 712 4362 aliquatenus
743 4278 914 4342 contraire.
946 4276 1151 4364 Quicumque
1174 4277 1200 4315 '⁹
1232 4298 1308 4341 vero
1339 4297 1421 4340 ausu
1454 4277 1625 4340 temerario
1656 4273 1689 4339 id
1721 4275 1828 4340 facere

151 4381 401 4464 attemptauerit,
426 4377 679 4464 indignationem
704 4385 931 4469 omnipotentis
955 4381 1018 4464 dei,
1035 4391 1067 4448 et
1089 4391 1234 4448 nostram
1260 4390 1292 4446 et
1314 4381 1449 4446 fratrum
1473 4389 1656 4446 nostrorum
1681 4379 1831 4445 maledic-

150 4485 272 4548 tionem
295 4483 323 4523 ¹⁸
347 4505 382 4548 ss
405 4487 532 4552 nouerit
556 4487 769 4568 incursurum,
794 4497 827 4552 ct
856 4497 968 4554 sancto
995 4487 1137 4553 Domnio
1169 4497 1342 4574 componat
1371 4495 1500 4552 cantum
1533 4485 1660 4580 Marem
1690 4487 1826 4571 argenti.

308 4769 315 4846 ,¹
339 4775 366 4832 U
389 4773 523 4830 Parlatn:
547 4781 636 4831 totum
661 4775 723 4842 Pol,
746 4775 790 4832 ito
815 4775 840 4832 bi
866 4793 897 4831 ae
919 4793 951 4832 aa
974 4775 1110 4832 Politinm
1145 4775 1274 4833 tumaditi
1312 4775 1388 4832 dato.
1436 4758 1524 4833 ³hto
1544 4777 1576 4848 je
1604 4775 1661 4847 pod
1693 4792 1833 4846 saporem,

151 4863 244 4919 neima
268 4869 335 4934 opet
357 4861 490 4918 starinahi
514 4864 617 4936 prepis,
641 4863 692 4918 niti
715 4862 813 4932 Lueic',
837 4861 887 4919 ved
901 4863 993 4936 jedini
1016 4864 1134 4920 Farlati.
1185 4860 1198 4896 ³
1220 4864 1328 4920 Parlati
1353 4863 1456 4936 dodsja
1479 4881 1595 4936 ovamo:
1619 4869 1649 4918 et
1670 4869 1758 4918 totam
1775 4879 1830 4917 me-

152 4951 286 5008 dietatam
310 4949 390 5006 Lice.
437 4944 584 5008 ‘Parieti
607 4951 710 5024 dodaje
734 4969 832 5008 ovamo
852 4951 916 5022 joh:
940 4951 1073 5022 Vinodol,
1097 4953 1219 5010 Busaan.
1268 4933 1354 5008 θέω
1374 4953 1405 5022 jc
1426 4952 1483 5024 pod
1506 4969 1660 5024 saporem,
1682 4947 1832 5022 iapuec'eno

149 5041 179 5109 je
201 5057 219 5092 u
241 5037 412 5112 starinshom
437 5039 551 5110 prepian
575 5039 584 5093 i
605 5057 623 5094 n
646 5038 763 5097 Lucidu.
812 5033 938 5094 “Lucid
961 5039 1132 5112 pogrieino:
1157 5039 1345 5096 existentium.
1393 5033 1533 5095 ‘'Lucid:
1565 5037 1730 5106 Dirsernari,
1753 5036 1831 5092 Fari.

151 5127 307 5183 Pirsemiri.
356 5119 496 5181 ⁸Imcid:
522 5125 683 5182 Benedicte.
731 5124 846 5183 ⁹Fari,
870 5125 976 5181 itidem.
1028 5119 1055 5158 ¹⁰
1078 5123 1182 5184 Lucid:
1208 5127 1324 5186 homini.
1372 5121 1397 5159 ¹¹
1421 5129 1490 5184 Luc.
1514 5127 1563 5183 eis.
1609 5120 1636 5158 ¹⁹
1658 5125 1735 5183 Fari,
1751 5123 1832 5192 Quis·

153 5215 227 5288 quie.
272 5209 302 5248 ¹⁸
325 5211 398 5270 Stari
422 5215 533 5286 prepis:
559 5215 678 5270 fratrum
702 5215 928 5270 maledictionem
951 5220 1120 5271 nostrorum.
