4276 5934
305 435 370 502 208

311 633 395 693 sicut
419 652 437 692 a
460 629 579 692 nostris
603 627 730 692 ciuibus
749 629 943 712 accepimus,
967 626 1155 708 recolentes,
1181 635 1367 708 statuentes,
1392 625 1478 712 quod
1504 649 1561 690 nos
1586 625 1670 690 dicte
1687 627 1828 690 ciuitatis
1846 625 1994 690 homiues

310 736 351 800 ad
375 745 517 798 nostram
543 737 704 798 ciuitatem
731 735 907 814 venientes,
930 743 1051 796 stautes
1077 744 1109 796 ct
1133 733 1306 796 redeuntes
1332 735 1362 794 in
1389 733 1531 815 generali
1557 733 1692 795 consilio
1717 731 1776 796 sub
1794 743 1906 794 nostra
1922 753 1993 816 pro·

307 844 448 905 tectione
472 862 510 903 so
534 837 722 904 defensione
747 841 851 902 iurato
877 861 934 924 pro
958 861 1052 924 posse
1077 841 1289 923 suscepimus,
1314 860 1353 901 ac
1375 861 1428 901 res
1453 860 1562 901 eorum
1596 847 1814 900 manutenere.
1850 836 1883 900 Si
1918 840 1993 921 quis

306 970 384 1012 vero
409 946 510 1010 hausu
535 947 707 1009 temerario
733 945 855 1030 prefate
880 949 1020 1009 ciuitatis
1045 945 1190 1008 homines
1215 967 1253 1008 ac
1277 945 1418 1006 maxime
1440 945 1659 1026 negotiatores
1683 942 1723 1005 ad
1748 952 1892 1006 nostram
1910 943 1991 1005 ciui-

305 1065 412 1118 tatem·
428 1053 595 1116 venientes
620 1049 671 1113 vel
695 1073 746 1113 res
770 1074 881 1114 corum
904 1051 1083 1131 offenderit,
1109 1049 1159 1114 vel
1185 1049 1416 1130 molestauerit,
1442 1050 1573 1112 solatae
1592 1051 1623 1112 in
1641 1049 1783 1112 bannum
1799 1046 1991 1112 facultatum

307 1181 438 1226 suarum
463 1158 605 1220 omnium
629 1167 666 1219 ac
690 1155 833 1220 fanensis
859 1155 968 1242 populi
991 1155 1245 1239 indignationem
1270 1153 1459 1220 adtentum
1484 1177 1654 1218 excessum
1680 1153 1900 1218 ulciscendum
1941 1155 1993 1216 in·

306 1286 484 1330 cursurum.
508 1260 727 1325 Interfuerunt
752 1259 888 1344 Uguicio
912 1260 1058 1338 Jordani,
1083 1262 1261 1340 Rainerius,
1285 1261 1325 1324 de
1361 1261 1464 1344 Rupe,
1497 1259 1663 1324 Johaunes
1698 1259 1832 1340 Rustici,
1868 1259 1990 1324 Junius

306 1371 415 1450 Periti,
440 1367 600 1432 Oarletius
625 1369 781 1430 masarius
806 1368 960 1446 comunis,
986 1365 1157 1450 Georgius,
1182 1365 1309 1430 Gurceo
1333 1366 1542 1444 Lambertini,
1569 1365 1743 1429 Pedericus
1767 1367 1835 1430 eius
1872 1365 1986 1446 frater,

306 1477 477 1540 Viuiamus
502 1474 624 1550 blattei,
649 1472 840 1537 Dominicus
873 1471 994 1550 Nicole,
1027 1471 1191 1536 Jordanus
1223 1474 1292 1536 eius
1323 1471 1434 1549 frater,
1465 1472 1643 1536 Rainaldus
1675 1469 1816 1556 Ugolini,
1850 1471 1989 1555 Ugouis,

305 1581 468 1646 Rcbertus
492 1578 645 1642 Guiducii
670 1589 701 1640 et
717 1577 779 1642 alii
804 1601 899 1664 quam
926 1577 1044 1662 plures.
1521 1565 1525 1572 ⁵

453 1685 526 1769 Ego
550 1684 703 1748 Fortinus
727 1683 904 1770 imperialis
928 1684 1001 1748 aule
1025 1685 1168 1748 notarius
1193 1694 1224 1746 et
1247 1705 1334 1747 nuuc
1359 1683 1520 1748 lanensis.
1536 1685 1676 1748 ciuitatis
1700 1686 1853 1764 notarius,
1870 1684 1989 1768 scripsi

309 1805 341 1860 et
364 1793 498 1860 absolui.

454 1924 560 1978 Matisa
583 1925 683 1995 pisana
707 1941 743 1978 na
760 1923 900 1978 malenom
924 1920 1075 1978 komadic'u
1096 1939 1273 1992 pergamena,
1297 1923 1369 1976 duva
1391 1941 1421 1978 se
1443 1941 1462 1978 u
1486 1941 1509 1976 c.
1534 1922 1574 1976 kr.
1593 1923 1741 1977 dvorskom
1759 1923 1860 1978 arhivu
1878 1941 1894 1976 u
1910 1921 1992 1976 Beda

308 2013 402 2082 medju
426 2012 510 2083 pismi
535 2011 758 2081 dubrovadkimi,
783 2028 858 2082 prem
884 2013 921 2066 da
944 2029 979 2080 po
1003 2013 1062 2079 svoj
1088 2009 1180 2079 prilici
1205 2027 1304 2064 eramo
1329 2012 1462 2082 nespada,
1486 2029 1560 2082 nego
1583 2029 1613 2065 sc
1630 2011 1724 2082 naljds
1748 2013 1864 2082 protehe
1881 2029 1918 2064 aa
1954 2011 1991 2062 si·

306 2100 478 2156 rakuaanslri
500 2099 571 2172 grad
595 2101 720 2172 Rugusu,
744 2099 895 2169 utemcljen
920 2099 956 2152 od
981 2096 1201 2153 Dubrovdanah.

635 2389 919 2472 cccxxvll.
947 2392 1058 2472 1199.
1087 2389 1146 2472 12„
1174 2391 1335 2492 srpnjis.
1364 2387 1410 2471 ll.
1430 2391 1662 2474 liuleranu.

308 2571 462 2634 Inoeeneio
485 2572 552 2632 III.
572 2590 667 2646 popa,
686 2572 791 2630 vrarase
821 2573 949 2644 carops
971 2571 1148 2628 kninskomu
1171 2572 1182 2627 ι’
1205 2571 1435 2630 siradinakomu
1459 2571 1515 2628 icoo
1547 2572 1672 2643 topotu
1704 2573 1910 2648 tropirslromu,
1943 2569 1985 2628 da

463 2679 572 2752 pecode
594 2679 713 2752 iatropu
728 2679 813 2750 proti
835 2679 963 2750 bahupu
986 2677 1164 2736 hvorakomu
1187 2679 1380 2737 isobrarromu
1403 2676 1594 2750 irodbiskupu
1616 2677 1824 2739 rodurskomu.

459 2833 665 2897 Innocentius
689 2833 857 2916 episcopus
882 2841 941 2895 etc.
974 2829 1225 2895 Venerabilibus
1259 2828 1509 2894 fratribus...
1543 2833 1671 2896 tiniensi
1697 2844 1728 2896 et
1751 2883 1758 2897 .
1856 2834 1989 2897 scardo-

309 2939 402 3004 nensi
429 2939 599 3022 episcopis,
623 2947 656 3000 et
678 2936 795 3000 dilecto
828 2937 894 3002 filio
922 2936 1127 3001 ...abbati
1163 2937 1367 3019 traguriensi,
1403 2933 1536 2998 salutem
1563 2948 1620 3000 etc.
1640 2933 1843 3004 Constitutus
1863 2940 1895 3000 in
1916 2962 1989 3024 prc-

307 3045 411 3108 sentia
438 3053 551 3106 nostra
576 3043 772 3106 venerabilis
808 3043 906 3108 frater
937 3052 1046 3107 noster
1077 3041 1245 3126 M(icbael)
1279 3041 1383 3104 dictus
1419 3041 1555 3104 farensis
1592 3044 1762 3127 episcopus
1798 3067 1857 3107 sua
1893 3044 1990 3108 nobis

305 3151 483 3214 assertione
497 3151 696 3229 monstrauit,
711 3148 883 3234 quodcum
898 3149 1092 3212 venerabilis
1107 3147 1206 3210 frater
1220 3158 1326 3210 noster
1338 3146 1518 3232 N(icolaus)
1533 3147 1668 3210 farensis
1682 3150 1853 3233 episcopus
1866 3149 1990 3212 electus

307 3256 422 3320 fuisset
445 3258 477 3318 in
501 3253 780 3340 archiepiscopum
806 3255 1007 3324 iadertinum,
1041 3276 1190 3316 asserens
1215 3254 1403 3316 electionem
1429 3275 1517 3315 stram
1542 3253 1641 3316 fuisse
1673 3276 1730 3339 per
1765 3255 1874 3318 sedem
1913 3280 1989 3340 apio-

308 3361 452 3424 stolicam
478 3359 710 3441 confirmatam,
730 3359 771 3422 ad
802 3360 990 3422 iadertinam
1015 3360 1164 3424 transiuit
1180 3357 1360 3436 ecclesiam,
1380 3369 1412 3420 et
1435 3361 1465 3420 in
1490 3381 1528 3419 ea
1546 3369 1706 3443 tamquam
1724 3359 1990 3445 archiepiscopus

308 3466 512 3530 ministrasit.
540 3463 746 3527 Postmodum
771 3478 877 3528 autem
901 3466 942 3527 ad
974 3465 1133 3528 farensem
1164 3461 1323 3526 accedeus
1356 3463 1536 3537 ecclesiam,
1570 3467 1655 3548 cepit
1687 3464 1727 3528 de
1759 3465 1987 3530 substituendo

308 3571 370 3634 sibi
395 3573 428 3633 in
450 3570 595 3632 eamdem
622 3569 790 3632 ecclesiam
816 3581 943 3654 pastore
967 3583 1113 3650 tractare,
1139 3568 1250 3632 volens
1276 3572 1308 3632 in
1333 3592 1402 3632 eam
1419 3570 1582 3632 intrudere
1599 3569 1642 3634 M.
1660 3569 1830 3635 diaconum
1850 3569 1990 3635 ecclesie

307 3675 476 3752 iadertine,
507 3675 650 3759 principe
676 3686 759 3738 terre
778 3674 875 3740 ulium
902 3675 1021 3738 ibidem
1048 3676 1212 3739 intrudere
1239 3676 1398 3740 moliente.
1425 3675 1559 3760 Propter
1575 3676 1659 3761 quod
1679 3675 1783 3740 clerus
1801 3689 1832 3742 et
1850 3677 1989 3762 populus

309 3781 445 3845 farensis
470 3783 698 3844 conuenientes
721 3783 753 3842 in
790 3802 898 3859 unum,
935 3781 1102 3845 credentes
1137 3781 1256 3846 dictum
1294 3783 1479 3866 episcopum
1513 3781 1553 3844 ad
1587 3781 1777 3846 iadcrtinam
1815 3783 1986 3846 ecclesiam

308 3888 499 3951 auctoritate
524 3885 610 3948 sedis
633 3886 810 3970 apostolice
836 3888 1034 3968 transiuisse,
1060 3887 1180 3950 dictum
1204 3885 1245 3950 M.
1275 3888 1305 3948 in
1330 3899 1490 3971 pastorem
1516 3888 1720 3950 concorditer
1745 3887 1923 3970 elegerunt,
1956 3903 1990 3952 et

310 3993 499 4056 electionem
524 3992 640 4054 factam
666 3991 792 4054 dilectis
816 3991 890 4054 filiis
916 3991 1089 4076 spalatensi
1113 3991 1253 4076 capitulo
1278 4003 1508 4076 presentantes,
1540 4015 1609 4058 cam
1629 3994 1821 4057 confirmare
1838 3995 1985 4058 obtinue-

314 4109 397 4180 runt,
424 4113 455 4161 et
479 4096 614 4160 electum
640 4119 732 4159 suum
757 4119 815 4180 per
847 4097 1083 4180 suffraganeum
1117 4097 1366 4182 (suffraganeos)
1399 4097 1589 4182 spalatensis
1621 4099 1759 4162 ecclesie
1791 4103 1986 4164 consecrari.

312 4203 521 4268 Postmodum
548 4215 655 4266 autem
680 4202 823 4288 prefatus
858 4203 903 4264 N:
922 4203 1060 4266 farersis
1086 4205 1256 4287 episcopus
1280 4228 1298 4266 a
1323 4205 1415 4266 nobis
1440 4205 1479 4266 sd
1502 4204 1703 4269 venerabiles
1724 4201 1840 4268 fratres
1859 4221 1987 4270 nostros

306 4311 481 4396 polensem,
508 4310 715 4372 absarensem
741 4319 772 4370 et
795 4308 964 4372 arbensem
990 4313 1159 4394 episcopos
1184 4309 1305 4372 litteras
1329 4311 1528 4394 impetrauit:
1554 4335 1573 4372 a
1597 4313 1714 4396 quibus
1745 4313 1820 4376 licet
1853 4325 1984 4399 propter

306 4438 435 4478 causam
461 4415 653 4498 suspicionis
679 4413 762 4475 idem
789 4417 959 4498 episcopus
984 4414 1185 4498 appellasset,
1210 4417 1268 4499 ipsi
1306 4415 1548 4496 nichilominus,
1583 4419 1667 4480 sicut
1701 4422 1729 4480 ei
1767 4419 1827 4482 fuit
1861 4422 1893 4482 in
1931 4421 1985 4482 via

307 4531 507 4604 suggestum,
533 4521 876 4583 excommunicationis
901 4523 1089 4584 seutentiam
1124 4521 1341 4605 protulerunt;
1372 4533 1501 4606 propter
1536 4522 1621 4606 quod
1657 4523 1761 4608 ipsum
1796 4517 1840 4588 ad
1873 4527 1983 4589 sedem

304 4626 513 4711 apostolicam
542 4629 724 4690 venientem
749 4627 883 4690 fecimus
906 4627 945 4689 ad
969 4630 1120 4692 maiorem
1145 4627 1302 4690 cautelam
1320 4627 1455 4693 absolui.
1483 4627 1635 4692 Constitit
1650 4639 1756 4694 autem
1775 4629 1878 4703 nobis,
1900 4631 1987 4716 quod

307 4731 383 4794 licet
407 4731 564 4794 dictusN
598 4732 777 4816 postulatus
802 4733 897 4796 fuerit
922 4735 951 4794 in
977 4732 1145 4796 eeclesiam
1179 4733 1379 4812 iadertinam,
1404 4733 1574 4819 postulatio
1600 4745 1707 4798 tamen
1738 4737 1807 4800 eius
1840 4737 1983 4802 noudum

307 4835 369 4898 fuit
392 4857 449 4920 per
474 4835 581 4897 sedern
606 4837 815 4918 apostolicam
841 4838 1018 4922 approbata
1055 4837 1249 4921 Suggestum
1275 4843 1369 4902 ctiam
1395 4841 1488 4904 uobis
1512 4840 1574 4904 fuit
1592 4864 1649 4925 per
1665 4840 1786 4906 litteras
1808 4852 1840 4905 et
1857 4845 1987 4907 nuntios

306 4942 384 5020 cius,
409 4939 494 5023 quod
520 4961 591 5002 cum
617 4940 790 5022 ladertum,
819 4942 902 5006 unde
927 4944 1081 5007 oriundus
1107 4944 1220 5024 fuerat,
1245 4945 1285 5008 ad
1311 4946 1441 5010 domum
1469 4949 1630 5032 propriam
1657 4949 1858 5028 accessisset,
1892 4961 1923 5014 et
1954 4953 1989 5014 in

304 5045 463 5109 iadertina
494 5046 631 5110 ecclesia
656 5070 717 5111 non
742 5059 904 5133 tamquam
929 5050 1199 5136 archiepiscopus,
1226 5052 1282 5116 sed
1307 5061 1471 5138 tamquam
1505 5052 1751 5118 archidiaconus
1781 5057 1988 5139 ministraret,

308 5149 413 5216 dictus
437 5151 480 5215 M.
505 5153 538 5216 iu
563 5151 666 5216 locum
693 5154 831 5218 viuentis
861 5157 1000 5240 irrepsit,
1025 5167 1056 5219 et
1081 5159 1111 5218 in
1137 5160 1296 5222 larensem
1333 5158 1504 5222 ecclesiam
1539 5169 1660 5222 temere
1696 5183 1730 5224 sc
1766 5163 1912 5244 permisit
1941 5163 1989 5226 iu·

311 5254 396 5321 rudi.
423 5255 558 5341 Propter
584 5258 670 5342 quod
695 5256 735 5322 de
760 5258 910 5330 mandato
937 5270 1044 5326 nostro
1070 5285 1127 5348 per
1154 5272 1348 5328 memoratos
1373 5266 1544 5349 episcopos
1568 5268 1913 5331 excommunicationis
1930 5267 1991 5332 tuit
