4300 5930
357 403 418 468 110

353 598 437 662 siout
459 596 594 664 ecclesie
618 607 671 662 tue
696 595 897 682 priuilegium
921 599 1071 680 continet,
1097 621 1158 665 non
1183 603 1315 686 accepit,
1340 603 1503 688 cumipse
1528 601 1702 687 pontificali
1725 602 1832 668 officio
1859 604 2012 689 preditus,

354 705 593 767 consecratione
617 715 671 767 tua
693 702 745 766 vel
769 717 877 767 nostra
901 727 1103 790 nequaquam
1127 707 1236 788 egerit,
1262 707 1438 786 statuimus,
1472 707 1557 793 quod
1593 730 1653 772 nec
1683 708 1750 790 tibi,
1785 731 1846 772 nco
1881 708 2016 772 ecclesie
2101 712 2102 719 ’

354 816 417 889 tue,
441 805 557 871 debeat
579 808 612 870 in
636 818 797 893 posterum
823 808 1035 894 prciudicium
1059 833 1222 894 generare,
1247 811 1304 876 sed
1335 822 1428 898 prout
1448 820 1478 875 in
1503 813 1614 877 eodem
1639 813 1807 899 priuilegio
1825 816 2016 894 continetur,

354 912 411 976 tibi
434 913 563 998 tuisque
585 915 825 978 successoribus
849 914 1013 980 iadrenses
1037 915 1271 1002 archiepiscopi
1294 926 1359 980 tam
1384 919 1581 982 consecratio
1605 941 1700 1005 quam
1735 920 1934 984 confirmatio
1969 943 2015 983 rc·

354 1027 508 1084 seruetur.
534 1017 654 1084 Datum
678 1020 829 1085 Laterani
852 1021 977 1086 decimo
1002 1031 1115 1086 octauo
1139 1020 1289 1088 calendas
1313 1022 1391 1088 iulii.

510 1217 538 1272 Ia
562 1219 693 1290 rulropisa
716 1219 801 1274 Liber
824 1221 983 1280 Paetorum.
1008 1221 1042 1275 T.
1066 1221 1089 1277 Ι.
1114 1221 1210 1277 charta
1226 1223 1277 1278 41.
1294 1239 1312 1274 u
1329 1220 1505 1290 mletadlrom,
1523 1221 1531 1276 i
1548 1241 1565 1277 u
1582 1239 1604 1276 c.
1622 1223 1665 1282 ltr.
1682 1223 1760 1280 dvor.
1778 1223 1877 1278 arkiru
1893 1241 1912 1278 u
1928 1223 2019 1280 cocu.

693 1511 879 1594 cxnrx.
909 1514 1099 1606 1111111.
1128 1458 1353 1616 risopsoa.
1382 1485 1419 1596 u
1446 1515 1675 1598 1111111111
1760 1567 1763 1574 a

800 1677 890 1748 ruera
911 1677 1024 1752 rupae
1045 1678 1180 1737 11111111·
1200 1679 1264 1737 asne
1284 1677 1343 1736 aa
1366 1695 1402 1736 aa
1424 1677 1577 1753 annana

511 1862 606 1928 Anno
628 1862 788 1930 dominice
812 1865 1042 1930 incarnationis
1065 1864 1286 1932 MCLXXIX.
1311 1865 1486 1932 indictione
1509 1867 1585 1932 XII.
1608 1867 1675 1933 Nos
1698 1868 1829 1954 quidem
1851 1867 2022 1934 Malichai-

356 1991 413 2034 ous
436 1969 522 2034 filius
544 1969 724 2036 Borisclaui
749 1964 867 2057 ispani,
891 1993 954 2036 una
978 1993 1050 2036 cum
1075 1972 1172 2037 fratre
1195 1995 1266 2038 meo
1290 1973 1439 2040 Stroiano
1464 1975 1590 2059 iupano,
1617 1983 1649 2038 et
1665 1973 1846 2058 Porugano,
1863 1997 1901 2039 sc
1917 1973 2022 2038 Mirr-o

355 2076 420 2144 filio
445 2076 591 2161 Bogdani
615 2077 735 2162 iupani,
760 2087 792 2140 et
814 2076 886 2141 aliis
910 2080 1028 2142 nostris
1059 2079 1256 2164 parentibus,
1284 2097 1363 2144 'cum
1399 2081 1432 2143 in
1468 2075 1595 2144 Ablana
1629 2079 1747 2144 fuimus
1782 2081 1912 2144 insimul
1947 2103 2021 2144 curn

356 2183 487 2246 Andrea
510 2182 639 2247 arbensi
662 2186 822 2269 episcopo,
848 2183 1010 2270 Stephano
1034 2195 1066 2248 et
1089 2183 1197 2250 Micha
1219 2183 1390 2260 iudicibus,
1414 2183 1569 2250 Dahrana
1592 2182 1764 2266 Theodori,
1797 2197 1829 2248 et
1862 2183 1934 2248 aliis
1967 2207 2022 2248 no·

354 2289 483 2371 bilibus,
508 2289 595 2351 missi
621 2309 718 2354 causa
742 2290 933 2374 pacificandi
957 2295 1219 2373 controuersiam,
1242 2313 1305 2377 que
1330 2292 1487 2355 internos
1511 2301 1543 2355 et
1559 2289 1723 2354 Arbenses
1739 2299 1827 2373 erat3
1853 2290 2021 2375 pacificata

354 2397 582 2477 controuersia,
607 2394 727 2480 placuit
749 2396 842 2462 nobis
866 2417 1022 2462 renouare
1046 2419 1157 2482 paoem
1193 2405 1225 2462 et
1255 2397 1428 2460 amicitiam
1460 2417 1531 2460 cum
1564 2395 1777 2479 Arbensibus‚
1810 2398 1863 2478 ita,
1894 2407 1929 2460 ut
1960 2397 2020 2481 ipsi

354 2503 468 2582 securi,
495 2515 526 2565 et
549 2503 655 2566 omnia
678 2523 787 2566 eorum
812 2525 934 2584 secura,
958 2512 1025 2566 tuta
1048 2504 1079 2566 in
1104 2503 1250 2588 partibus
1272 2512 1381 2568 nostre
1405 2502 1630 2566 dominationis
1654 2504 1726 2585 sint,
1761 2524 1800 2566 ac
1832 2524 1890 2588 pro
1927 2522 2019 2588 posse

356 2619 463 2672 nostro
488 2659 495 2674 .
522 2659 528 2675 .
555 2609 715 2694 possessio
739 2620 847 2674 nostra
871 2631 933 2696 que
956 2633 975 2673 a
998 2619 1091 2696 parte
1114 2611 1210 2674 maris
1234 2619 1291 2691 est,
1314 2611 1356 2673 sit
1378 2611 1556 2673 communis
1580 2619 1645 2674 tam
1669 2610 1772 2688 vobis,
1797 2631 1893 2695 quam
1918 2609 2018 2688 nobis,

353 2713 520 2800 pascendi,
545 2713 722 2793 laborandi,
746 2715 895 2795 venandi,
917 2725 949 2779 et
972 2715 1128 2801 quidquid
1153 2713 1274 2801 placuit
1297 2713 1443 2780 faciendi.
1476 2713 1519 2780 Et
1547 2739 1565 2779 e
1600 2725 1711 2780 contra
1746 2737 1804 2779 nos
1839 2726 1871 2778 et
1907 2726 2014 2780 nostra

357 2822 465 2884 omnia
489 2822 553 2884 sint
576 2843 689 2885 secura
712 2825 743 2884 in
768 2822 985 2887 dominatione
1008 2833 1126 2886 vestra.
1151 2821 1287 2908 Insuper
1321 2819 1457 2886 ecclesia
1489 2825 1590 2886 sancti
1626 2822 1760 2903 Nicolai,
1796 2845 1890 2908 quam
1927 2821 2014 2885 edili·

356 2929 513 3010 cauimus,
536 2925 685 2992 volumus
706 2930 791 3015 quod
816 2927 980 2993 Arbenses
1003 2930 1068 2992 sint
1093 2928 1277 2992 hereditarii
1301 2949 1342 2991 ex
1366 2951 1413 3011 ea,
1438 2930 1521 2992 sicut
1543 2939 1574 2991 at
1597 2951 1664 3008 nos,
1689 2931 1795 2992 omnia
1812 2949 1874 3014 que
1891 2927 1932 2992 ad
1949 2950 2014 2991 eam
2111 2926 2112 2929 ’

356 3035 517 3120 pertinent
539 3035 720 3098 communia
744 3035 807 3098 sint
831 3043 895 3098 tam
921 3034 1112 3099 Arbensium
1139 3055 1234 3121 quam
1261 3044 1450 3099 nostrorum.
1477 3033 1570 3100 Unde
1595 3057 1652 3097 nos
1677 3033 1823 3098 iubemus
1844 3032 1925 3098 hano
1949 3055 2014 3098 car·

356 3139 455 3203 tulam
480 3139 549 3203 fieri
574 3150 727 3227 perpetue
750 3135 902 3204 memorie
926 3139 1223 3222 commendandam,
1248 3149 1283 3202 ut
1308 3163 1327 3202 a
1350 3139 1444 3212 modo
1468 3141 1501 3204 in
1525 3151 1620 3204 antea
1642 3150 1673 3204 et
1697 3141 1728 3202 in
1754 3147 1941 3224 perpetuum
1958 3138 2013 3202 hoc

356 3245 483 3309 firmum
508 3255 540 3308 et
564 3246 678 3311 stabile
702 3257 896 3334 permaneat.
921 3245 992 3332 Ego
1016 3244 1198 3332 Stephanus
1221 3246 1367 3310 arbensis
1384 3245 1520 3310 ecclesie
1537 3245 1690 3310 diaconus
1706 3267 1744 3308 ac
1761 3245 1913 3324 notarius,
1930 3245 2013 3308 iussu

357 3374 467 3416 eorum
494 3353 608 3438 scripsi
632 3361 664 3416 et
688 3353 835 3417 robaraui
861 3350 916 3416 VI.
942 3351 1097 3418 kalendas
1122 3351 1316 3417 nouembris.
1343 3351 1414 3435 Ego
1438 3352 1577 3426 Miratha
1599 3351 1745 3416 arbensis
1776 3349 2013 3417 archidiaconus

357 3458 516 3542 presbiter
540 3468 572 3521 et
594 3460 747 3540 notarius,
771 3457 832 3522 hoe
856 3456 1039 3544 exemplum
1063 3457 1253 3545 exemplam,
1277 3459 1361 3520 sicut
1386 3459 1424 3521 in
1451 3459 1520 3522 eius
1556 3467 1656 3522 matre
1691 3457 1806 3542 reperi,
1843 3479 1900 3520 nec
1932 3459 2014 3534 auxi,

358 3585 417 3627 nec
438 3566 551 3646 minui,
579 3563 737 3650 compleui
761 3575 793 3627 et
814 3563 974 3646 roboraui,
999 3574 1031 3628 et
1054 3567 1147 3648 signo
1171 3574 1324 3629 consueto
1348 3565 1484 3649 signaui.
1516 3561 1585 3648 Ego
1610 3561 1792 3650 Stephanus
1816 3559 1943 3648 Georgii
1978 3557 2035 3626 de‘

357 3669 495 3752 Simone,
520 3672 731 3750 examinator,
758 3693 883 3734 inanum
907 3669 989 3734 misi.
1015 3667 1087 3754 Ego
1112 3671 1271 3733 Antonius
1292 3669 1332 3733 de
1355 3667 1487 3734 Padcua
1515 3665 1673 3755 imperiali
1704 3669 1892 3732 auctoritate
1927 3678 2010 3731 nota·

357 3779 424 3841 rius
450 3776 608 3856 arbensis,
633 3776 673 3840 de
699 3776 848 3841 mandato
872 3779 959 3842 curie
983 3775 1128 3840 arbensis
1152 3775 1212 3839 hoo
1235 3774 1418 3860 exemplum
1444 3773 1635 3860 exemplari.

504 3975 619 4031 Farlati.
645 3977 789 4047 Illyricum
812 3975 928 4032 Sacrum
952 3975 986 4035 T.
1009 3975 1043 4031 V.
1066 3995 1094 4047 p.
1121 3975 1194 4032 238.

959 4237 1037 4356 cn.
1065 4269 1171 4355 1111.
1199 4265 1265 4352 m
1294 4268 1428 4352 nasu.

359 4461 512 4518 Doauaest
536 4453 708 4530 Robtianolr
723 4451 896 4529 potcrdjua'c
917 4456 1077 4514 aokletoom
1096 4455 1173 4512 stari
1195 4454 1298 4526 obitui,
1321 4453 1362 4511 clo
1384 4451 1444 4510 lead
1459 4449 1493 4524 jc
1507 4465 1564 4524 pop
1581 4468 1623 4510 aa
1639 4449 1701 4512 ictu
1717 4450 1867 4524 obitelislce
1881 4444 2011 4523 andraee,

498 4567 559 4623 imo
581 4564 704 4636 amerino
727 4579 763 4620 aa
784 4562 943 4635 audraqom
966 4579 987 4620 u
1008 4578 1107 4621 erema
1127 4560 1293 4634 odpocoron
1316 4555 1371 4618 biti
1393 4576 1493 4617 evoma
1516 4557 1653 4637 tulupa,
1678 4575 1697 4614 a
1719 4575 1757 4616 aa
1778 4559 1882 4617 taam

516 4753 609 4817 Anno
626 4752 746 4818 domini
764 4753 863 4817 nostri
878 4750 958 4816 Jesu
975 4747 1105 4831 Christi,
1124 4751 1166 4816 M.
1183 4748 1217 4816 (i.
1230 4707 1470 4834 'septuagesimo
1488 4770 1582 4842 nono,
1599 4745 1879 4813 indictione'VIII.
1895 4740 2014 4831 (XIII).

361 4859 520 4945 Tempore
544 4858 673 4943 quidem
699 4857 880 4923 Sebastiani
904 4855 998 4921 Ziani
1022 4857 1113 4922 ducis
1137 4853 1354 4938 Venellorum,
1381 4853 1540 4918 Dalmatis
1569 4864 1665 4946 atque
1701 4853 1840 4920 Oroatie.
1874 4849 2015 4930 Andreas

361 4967 530 5051 episcopus
553 4964 698 5027 arbensis
722 4964 862 5048 quesiuit
884 4972 916 5027 et
938 4964 1150 5046 interrogauit
1173 4961 1339 5026 duodecim
1364 4960 1518 5042 homines,
1550 4961 1604 5046 qui
1640 4960 1681 5025 ad
1716 4959 1881 5024 ecclesiam
1915 4957 2016 5020 sancti

360 5069 524 5136 Leonardi
547 5071 742 5152 iurauerunt,
765 5067 908 5136 iudicare
931 5069 1049 5134 iudicio
1070 5081 1102 5133 et
1125 5068 1303 5148 ostendere,
1327 5067 1487 5152 quomodo
1512 5068 1666 5150 nauigare
1694 5064 1814 5130 debent
1843 5083 1927 5128 suum
1964 5082 2015 5124 cc·

361 5175 498 5239 mitem?
523 5187 555 5238 ut
580 5177 639 5259 ipsi
663 5174 808 5238 dicerent
831 5175 891 5239 sub
914 5175 969 5239 illo
994 5175 1077 5238 idem
1102 5180 1310 5252 sacramento,
1342 5193 1403 5255 que
1428 5181 1513 5234 esset
1536 5170 1735 5236 consuetudo
1757 5170 1932 5233 viduarum.
1973 5164 2015 5226 Et

361 5284 421 5370 ipsi
452 5281 616 5346 videlicet:
646 5279 799 5344 Diminna
829 5279 958 5367 Baxilii,
994 5279 1141 5344 Andreas
1172 5277 1314 5362 Ergani,
1343 5275 1515 5340 Lorentiue
1551 5273 1771 5360 Soorobagati‚
1807 5271 1939 5337 Marcius
1977 5270 2017 5342 de
