4300 5930
308 378 406 448 138·

304 577 664 635 Freundscbsltsbiindniss
688 577 825 636 awiscbeu
847 581 962 652 Bagoas
986 581 1044 636 uod
1067 582 1204 640 awiscben
1224 585 1279 640 den
1309 583 1425 656 Jupsnn
1451 584 1606 661 Namagna,
1631 585 1688 642 und
1719 585 1819 642 descen
1850 584 1983 642 Brbdern

305 664 360 722 don
379 665 480 736 grates
502 665 658 722 Strassimir
682 684 710 723 u.
735 667 877 726 Mircslav.
903 699 943 710 -
968 668 1033 725 Alie
1057 671 1146 726 ’11111111
1172 671 1315 728 Unbilden
1338 672 1427 727 sollen
1457 689 1606 745 rergesssn
1642 690 1668 731 u.
1704 674 1759 728 den
1795 675 1985 746 chussnern

304 751 354 808 der
375 753 497 829 flandel,
520 755 570 808 dss
595 753 758 810 Holaltllsn
777 755 982 812 unbsnommeu
998 756 1119 814 bleiben.
1134 759 1247 830 Ragusa
1274 760 1825 832 -Runservion163-snjubie
1855 762 1930 820 hist.
1960 761 1985 816 1.

299 840 334 911 ju
353 842 385 916 je
407 841 537 919 tatodjsr
559 841 597 898 ali
620 843 749 921 ponjelto
772 843 922 924 pegrietno
946 842 1082 924 priobdic.

665 1091 914 1175 CLXXXV.
942 1093 1052 1177 1186.
1080 1095 1136 1176 11.
1164 1093 1357 1176 studens.
1388 1093 1424 1178 U
1453 1093 1628 1177 Vercnl.

400 1235 503 1296 Urtan
527 1237 593 1298 111.
612 1254 708 1310 papo,
730 1238 901 1311 potordjaje
923 1255 972 1298 sve
994 1239 1122 1298 noredte
1145 1240 1157 1296 s'
1179 1239 1332 1313 sarnatus
1354 1240 1462 1298 sobora
1483 1239 1652 1317 aply‘etstoq,
1675 1240 1748 1299 caim
1769 1239 1893 1312 doujat.

454 1371 607 1437 Urbanus
631 1375 802 1460 episcopus
826 1396 940 1439 seruus
965 1397 1131 1439 seruorum
1157 1375 1218 1458 dei,
1240 1375 1417 1440 venerabili
1442 1376 1530 1442 fratri
1555 1376 1651 1441 Petro
1674 1374 1849 1462 spalatensi
1873 1373 1981 1441 archi-

305 1478 457 1564 episcopo
481 1476 673 1542 salutemet
700 1478 909 1564 apostolicam
947 1475 1215 1545 benedictionem.
1252 1480 1323 1560 Qus
1357 1504 1377 1545 a
1408 1480 1562 1545 fratribus
1598 1491 1630 1545 et
1663 1482 1826 1571 episcopis
1857 1480 1983 1544 ,nostris
2084 1539 2091 1544 .

305 1580 538 1647 rationabiliter
562 1591 808 1667 pertractantur,
832 1583 934 1656 firma,
953 1583 1081 1666 debent,
1106 1600 1138 1649 et
1161 1585 1285 1650 illibata
1309 1608 1514 1672 permanere;
1538 1595 1569 1650 ct
1593 1609 1632 1650 ne
1655 1607 1808 1673 processu
1825 1587 1986 1672 temporit

305 1708 362 1772 per
384 1685 522 1751 alicuius
548 1685 701 1751 malitiam
727 1691 943 1770 immutentur,
967 1691 1144 1776 apostolico
1178 1691 1319 1777 presidio
1354 1693 1554 1756 communiri.
1586 1690 1769 1777 Eapropter
1796 1692 1860 1755 tuis
1889 1691 2012 1766 iustis,

305 1790 576 1879 postulationibus
600 1803 724 1877 gratum
750 1795 970 1879 impertientes
993 1817 1172 1876 assensum,
1198 1796 1375 1860 diuisiones
1397 1795 1632 1882 parochiarum,
1657 1817 1738 1882 quas
1763 1795 1804 1860 de
1827 1795 1983 1880 suffraga-

304 1919 436 1963 neorum
475 1910 603 1963 tuorum
642 1921 775 1964 assensu
813 1899 930 1966 iecisse
969 1903 1188 1986 dignosceris,
1225 1912 1256 1966 et
1293 1901 1396 1987 redigi
1434 1901 1538 1967 fecisti
1577 1905 1610 1966 in
1644 1903 1816 1987 scriptum,
1854 1922 1911 1987 pro
1946 1922 1985 1966 eo

305 2002 390 2090 quod
415 2025 456 2068 ax
479 2003 667 2068 confusione
691 2006 831 2089 ipsarum
856 2008 1041 2092 questiones
1076 2006 1225 2071 difficiles
1263 2009 1372 2093 sepius
1411 2005 1685 2092 1111111111111111,1
1724 2007 1808 2072 sicut
1843 2007 1985 2088 rationa-

305 2107 411 2173 biliter
450 2108 490 2173 de
528 2107 654 2173 illorum
693 2109 970 2196 suffraganeorum
1009 2114 1208 2177 conscientia
1254 2111 1339 2176 facta
1377 2121 1459 2192 suut,
1508 2121 1540 2176 et
1578 2113 1610 2174 iu
1641 2112 1761 2197 scripto
1789 2109 1977 2175 authentico
2015 2121 2025 2134 ⁴

305 2215 525 2294 continentur,
551 2225 583 2278 11
605 2216 849 2279 constitutiones
865 2214 955 2297 alias,
977 2239 1040 2303 que
1064 2239 1121 2302 pro
1145 2217 1345 2303 corrigendis
1380 2207 1598 2302 quorumdam
1626 2216 1814 2300 excessibus
1845 2226 1877 2280 et
1906 2215 1980 2280 aliis

307 2317 450 2383 honestis
473 2319 578 2383 causis
611 2330 805 2404 congregato
841 2321 977 2386 concilio
1013 2321 1244 2387 deliberatione
1280 2322 1415 2410 prouida
1448 2325 1615 2400 statuistis,
1651 2343 1725 2386 cum
1761 2321 1981 2387 additionibus

304 2433 338 2488 st
359 2417 680 2490 determinationibus
702 2449 765 2513 que
787 2429 819 2491 11
844 2427 922 2512 ipsis
946 2427 1096 2513 capitulis
1116 2428 1250 2493 inferius
1273 2438 1487 2514 apponuntur,
1504 2429 1695 2492 auctoritate
1714 2425 1892 2513 apostolica
1907 2448 1983 2490 con-

306 2531 480 2598 firmamus.
501 2533 515 2570 1
539 2567 579 2584 -
605 2531 648 2596 Ut
671 2531 811 2597 officium
838 2533 931 2598 beate
951 2533 1054 2597 Maris
1077 2532 1118 2597 ab
1143 2533 1293 2597 omnibus
1317 2534 1529 2598 communiter
1553 2529 1743 2612 celebretur,
1761 2541 1907 2614 preterea
1928 2553 1982 2596 ca·

305 2638 426 2716 nonici,
449 2638 504 2723 qui
528 2635 651 2702 reditus
675 2639 848 2702 canonicos
871 2637 999 2721 babent,
1026 2640 1059 2702 in
1084 2639 1186 2722 nigris
1210 2639 1331 2724 cappis,
1354 2644 1405 2701 111
1430 2636 1513 2702 albis
1536 2635 1778 2723 superpelliceis
1801 2635 1843 2700 ad
1873 2635 1985 2700 diuina

306 2741 414 2808 cilicia
437 2741 633 2807 celebranda
656 2744 860 2825 conueniant,
885 2753 917 2808 et
940 2743 1101 2808 dormiant
1123 2746 1156 2807 in
1182 2742 1369 2808 dormitorio
1394 2764 1474 2822 uno3
1498 2752 1530 2807 et
1550 2743 1577 2806 si
1591 2741 1718 2828 ,aliquis
1750 2765 1793 2807 ex
1816 2743 1981 2806 canonicis

307 2847 443 2914 ecclesie
455 2858 510 2912 tue
521 2847 562 2912 de
575 2847 726 2913 mandato
741 2847 984 2934 archiepiscopi,
998 2850 1052 2934 qui
1067 2871 1123 2934 pro
1138 2859 1280 2934 tempore
1293 2847 1398 2928 fuerit,
1413 2846 1465 2912 111
1479 2847 1620 2930 capituli,
1633 2847 1828 2933 processerit
1839 2845 1981 2932 aliquor-

308 2975 389 3036 sum,
414 2952 518 3018 donec
541 2964 634 3018 extra
657 2955 878 3040 permanserit,
896 2956 1048 3038 exigente
1064 2957 1264 3034 necessitate,
1281 2953 1406 3018 fructus
1425 2951 1588 3038 prebende
1604 2974 1670 3030 sue,
1688 2973 1745 3016 seu
1761 2951 1843 3016 alios
1860 2952 1982 3017 reditus

308 3081 384 3125 suos
407 3061 533 3147 integre
568 3069 792 3146 consequatur.
828 3048 1024 3125 Prohibuisti
1060 3062 1155 3124 etiam
1193 3083 1232 3123 ne
1263 3058 1489 3124 conuenticula
1520 3058 1644 3137 fierent,
1676 3079 1738 3144 que
1767 3056 1984 3122 fraternitates

307 3163 521 3252 appellantur,
547 3175 579 3230 et
602 3188 641 3229 ne
665 3188 782 3246 comes,
808 3165 860 3230 vel
877 3164 960 3230 alius
979 3167 1161 3252 quicunque
1183 3165 1294 3246 laicus,
1312 3186 1384 3230 cum
1401 3174 1488 3228 tuam
1506 3163 1674 3229 ecclesiam
1693 3171 1851 3228 rectorem
1869 3185 1986 3228 vacare

308 3272 491 3355 contigerit,
515 3270 556 3336 de
580 3271 684 3352 domo,
712 3270 765 3336 vel
789 3271 861 3336 aliis
885 3270 982 3336 rebus
1007 3271 1234 3336 ecclesiasticis
1256 3293 1291 3334 se
1322 3271 1535 3334 intromittere
1561 3267 1646 3338 ¹ulllu
1679 3268 1773 3333 medo
1807 3277 1983 3354 presumat,

301 3374 361 3441 ,vel
386 3397 556 3461 personam
581 3371 722 3463 aliquam
746 3377 792 3441 eis
817 3375 983 3462 preficere.
1011 3427 1018 3442 .
1043 3427 1049 3442 .
1075 3375 1221 3441 Clericus
1256 3376 1296 3441 de
1325 3376 1488 3440 communi
1523 3373 1576 3439 vel
1613 3375 1743 3439 maioris
1778 3385 1811 3439 et
1847 3377 1986 3440 sanioris

310 3482 410 3566 partis
434 3482 710 3566 suffragancorum
735 3481 870 3546 consilio
893 3481 1024 3546 duxerit
1046 3481 1270 3546 ordinandum.
1296 3481 1443 3545 Statuisti
1466 3481 1573 3561 etiam,
1605 3489 1642 3544 ut
1671 3479 1778 3544 nullus
1813 3481 1848 3544 in
1880 3503 1985 3546 sacer·

309 3585 396 3652 dotio
421 3585 518 3650 ducar
541 3609 685 3669 uxorem,
711 3609 770 3652 nec
794 3586 834 3650 ad
857 3587 1035 3652 sacerdotis
1060 3585 1204 3651 ordinem
1227 3597 1420 3666 assumatur,
1447 3586 1507 3650 nisi
1543 3608 1577 3648 se
1608 3586 1769 3650 victurum
1803 3587 1988 3670 promiserit

310 3691 522 3773 continenter,
548 3693 634 3779 quod
658 3693 806 3759 volumus
839 3695 934 3756 etiam
970 3695 1002 3756 in
1035 3691 1222 3757 diaconatus
1258 3691 1370 3756 ordine
1406 3691 1583 3756 obseruari.
1609 3727 1650 3739 -
1676 3690 1729 3754 Ad
1763 3690 1824 3755 hec
1854 3691 1989 3778 insuper

309 3797 463 3878 statuisti,
488 3808 523 3862 ut
546 3796 653 3862 nullus
678 3800 849 3884 epiecopus
872 3797 1107 3884 presbyterum,
1134 3820 1191 3862 sen
1215 3796 1368 3863 clericum
1393 3797 1525 3862 alterius
1548 3796 1707 3861 dioecesis
1730 3799 1881 3882 accipere
1916 3798 1986 3861 sine

310 3903 431 3988 proprii
456 3905 598 3990 episcopi
624 3903 747 3984 litteris,
773 3903 824 3967 vel
848 3904 997 3968 ordinare
1018 3913 1200 3989 presumat,
1226 3913 1258 3966 et
1279 3915 1315 3968 111
1339 3902 1446 3968 nullus
1471 3902 1609 3968 clericus
1633 3900 1803 3967 ecclesiam
1837 3902 1986 3967 obtinere

308 4029 367 4094 per
390 4007 500 4088 laicos,
525 4007 576 4072 vel
601 4009 747 4093 accipere
771 4007 812 4072 ab
843 4008 951 4094 aliquo
983 4009 1205 4072 inuestituram
1237 4007 1373 4073 ecclesie
1407 4031 1471 4072 non
1502 4009 1648 4074 vacantis
1677 4016 1855 4093 attemptet,
1900 4005 1987 4093 qued

308 4112 483 4194 alienarii,
509 4111 608 4177 officii
635 4113 849 4199 beneficiique
872 4135 955 4198 pena
978 4112 1157 4178 mulctetur.
1182 4151 1223 4162 -—
1247 4114 1284 4178 In
1319 4135 1418 4179 causa
1448 4113 1669 4180 ecclesiastica
1702 4114 1765 4178 nisi
1798 4134 1901 4198 parua
1935 4112 1987 4192 sit,

309 4218 432 4284 nullius
457 4220 526 4282 sine
549 4219 729 4284 iuramento
753 4221 971 4284 testimonium
996 4209 1195 4300 admittatur,
1219 4219 1305 4306 quod
1330 4223 1362 4286 11
1380 4220 1525 4307 qualibet
1542 4221 1638 4286 etiam
1655 4217 1876 4284 ecclesiastica
1891 4239 1992 4282 causa

311 4325 450 4390 dicimus
474 4322 723 4388 obseruandum.
748 4361 790 4373 -
814 4325 863 4388 Ita
885 4337 962 4389 vere
984 4323 1024 4389 de
1050 4324 1242 4390 monialibus
1264 4326 1446 4399 decreuisti‚
1470 4326 1555 4412 quod
1581 4334 1653 4411 post
1676 4347 1796 4389 annum
1825 4346 1883 4388 sus
1913 4346 1985 4409 pro-

310 4429 449 4494 bationis
474 4426 622 4494 velamen
646 4430 815 4515 accipiant,
840 4442 896 4494 aut
918 4430 1126 4515 egrediantur
1149 4429 1189 4494 de
1214 4428 1371 4514 claustr03
1396 4432 1482 4518 quod
1507 4432 1554 4496 sic
1576 4439 1700 4494 tantum
1724 4427 1873 4494 volumus
1889 4427 1987 4494 obse-

309 4535 406 4615 ruari,
428 4543 465 4599 ut
487 4533 625 4621 expulsa
649 4537 681 4598 in
705 4533 813 4620 aliquo
838 4534 908 4601 loco
934 4546 1042 4599 votum
1068 4559 1161 4601 suum
1184 4537 1396 4621 (abstersam),
1420 4559 1460 4602 ne
1477 4535 1702 4620 redarguenda
1718 4535 1991 4618 transgressionis

309 4639 491 4706 videantur.
515 4627 693 4705 Abbatissa
715 4662 793 4705 vero
817 4641 902 4705 iufra
921 4664 1065 4706 mensem
1089 4641 1256 4708 electionis
1281 4665 1339 4706 sue
1355 4643 1613 4712 benedictionem
1628 4643 1776 4728 accipiat,
1796 4639 1849 4706 vel
1864 4649 1992 4706 remota

310 4745 434 4826 eadem,
459 4746 523 4810 alia
543 4743 746 4830 subrogetur,
773 4756 805 4811 et
827 4769 934 4833 neque
957 4745 1042 4812 lineo
1066 4750 1268 4826 vestimento,
1293 4769 1398 4832 nsque
1414 4767 1511 4810 carne
1530 4756 1670 4827 utantur,
1690 4747 1753 4810 nisi
1770 4745 1853 4810 forte
1868 4745 1993 4810 fuerint

312 4851 499 4928 infirmitate
522 4849 661 4916 detecte.
687 4891 728 4900 —
754 4851 797 4917 Et
820 4855 895 4938 quia
920 4853 1010 4918 multi
1034 4856 1153 4940 passim
1185 4853 1338 4939 legitimis
1369 4851 1511 4917 dimissis
1544 4851 1701 4917 uxoribus
1733 4850 1993 4938 superinducunt

313 4955 403 5036 alias,
427 4957 582 5022 statuisti:
612 4968 645 5020 ut
668 4961 693 5022 si
719 4961 791 5044 quis
815 4959 949 5023 dimissa
973 4963 1102 5046 propria
1124 4957 1225 5024 uxore
1249 4959 1411 5044 acceperit
1434 4955 1540 5037 aliam,
1566 4959 1628 5022 nisi
1652 4980 1687 5022 sc
1711 4957 1899 5038 correxerit,
1929 4977 1994 5022 nec

314 5064 346 5126 in
371 5063 446 5142 vita,
471 5065 587 5126 necin
612 5075 712 5128 morte
747 5065 922 5152 sepultura,
956 5064 1008 5128 vel
1039 5065 1103 5128 alia
1132 5067 1161 5128 ei
1187 5073 1399 5146 sacramenta
1434 5062 1653 5128 ecclesiastica
1688 5063 1925 5149 impendantur.
1949 5099 1995 5110 -

479 5225 486 5259 ¹
510 5229 626 5290 Lucius.
651 5229 842 5305 emergebant.
870 5224 884 5261 ⁹
907 5228 1068 5302 Sequuntur
1091 5235 1197 5286 statuta
1221 5229 1340 5286 Consilii
1363 5229 1434 5301 spat.
1456 5229 1575 5290 Parieti.
