4350 5932
312 401 355 466 42

311 593 371 654 viri
396 588 610 667 venerabiles,
636 588 819 652 Maxentius
843 585 1004 664 videlicet,
1023 587 1077 671 qui
1104 587 1135 648 in
1158 586 1263 650 locum
1281 608 1382 671 nuper
1411 587 1471 650 viri
1489 584 1683 651 venerabilis
1711 583 1786 648 Vrsi
1811 583 1997 670 patriarche

311 697 504 781 subrogatus
539 703 596 775 est,
632 703 663 756 et
693 690 859 756 Arncnem
900 693 1005 753 virum
1051 690 1270 755 venerabilem
1307 690 1504 755 Juuauensis
1548 691 1684 756 ecclesie
1716 689 2000 774 archiepiscopum

312 805 483 868 decernere
502 799 555 882 (dc
572 797 692 882 cetero)
713 798 744 858 in
761 795 903 860 futurum
922 794 1010 858 nulla
1028 797 1256 876 controuersia,
1274 805 1330 858 aut
1347 796 1472 879 questio
1490 805 1666 874 moueatur,
1689 792 1746 856 sed
1763 796 1906 858 conteuti
1922 796 1997 856 sint.

311 919 407 974 etex
431 917 564 990 utraque
588 913 679 989 parte
704 911 812 964 nostro
836 889 963 966 indicio.
988 898 1075 983 quod
1099 901 1182 962 inter
1210 923 1265 962 eos
1282 899 1459 962 secundum
1480 899 1679 962 rectitudinis
1697 920 1842 961 normam
1861 908 1998 982 propter

312 1013 510 1090 charitatem,
533 1019 566 1072 et
589 1029 711 1094 pacem,
748 1028 811 1091 que
847 1006 928 1068 inter
962 1003 1042 1066 tales
1075 1005 1162 1066 viros
1195 1004 1294 1084 decet,
1329 1002 1593 1081 conseruandam,
1626 1001 1849 1064 iudicauimus.
1883 1001 2000 1086 Neque

312 1121 396 1182 enim
422 1111 535 1179 iustior
555 1114 648 1177 nobis
675 1135 771 1198 super
795 1109 977 1174 huiusmodi
1013 1109 1244 1194 disceptatione
1269 1111 1427 1172 sententia
1459 1106 1650 1192 preferenda
1682 1107 1864 1185 videbatur,
1898 1128 2001 1191 quam

312 1233 348 1288 ut
370 1223 487 1286 diuisio
512 1223 595 1284 inter
619 1240 673 1282 eos
697 1216 783 1280 illius
819 1215 983 1300 prouincia
1007 1217 1106 1294 tieret,
1136 1213 1337 1280 cuiusambo
1354 1235 1388 1276 se
1404 1214 1628 1276 auctoritatem
1652 1210 1772 1276 habere
1796 1211 1999 1290 asserebant,

313 1331 389 1416 qnia
419 1349 477 1390 nos
508 1323 694 1388 earumdem
724 1324 947 1384 auctoritatem
982 1329 1130 1382 neutrum
1167 1317 1289 1392 falsam,
1316 1327 1462 1382 neutrum
1491 1319 1650 1383 infirmam
1682 1317 1791 1380 fricare
1821 1315 2001 1396 voluimus,

310 1435 387 1520 quia
408 1455 470 1496 uua
494 1431 692 1515 antiquitate,
716 1426 816 1489 altera
841 1435 949 1487 structe
979 1421 1109 1486 rouianc
1134 1422 1269 1486 ecclesie
1303 1420 1498 1486 sublimitate
1531 1421 1736 1508 precellebat.
1768 1421 1863 1486 Hanc
1888 1433 1999 1484 nostre

311 1537 511 1604 auctoritatis
535 1535 720 1612 iussionem,
746 1541 780 1594 ut
804 1532 956 1592 maiorem
975 1551 1029 1612 per
1048 1539 1191 1613 tempora
1220 1530 1365 1610 vigorem
1390 1529 1565 1606 sortiretur,
1590 1529 1777 1612 firmiorque
1800 1527 1841 1591 ab
1866 1529 1915 1608 iis,
1940 1529 2000 1612 qui

313 1653 386 1730 post
407 1664 466 1706 nos
489 1639 587 1702 futuri
610 1647 692 1718 sunt,
727 1635 910 1698 hominibus
943 1631 1124 1711 haberetur,
1158 1655 1246 1696 more
1281 1641 1389 1696 nostre
1419 1655 1489 1696 eam
1520 1631 1734 1706 subscribere,
1769 1644 1801 1695 et
1834 1630 1875 1696 de
1911 1630 2004 1694 bulla

315 1757 424 1812 nostra
449 1747 600 1808 iussimus
625 1740 776 1828 sigillare.
811 1738 930 1802 Datum
971 1736 1095 1802 XVIII.
1125 1737 1189 1800 kal.
1213 1737 1303 1800 Juuii
1327 1759 1411 1800 anne
1449 1736 1508 1802 Xl'.
1543 1734 1671 1800 Christo
1703 1738 1842 1822 propitio
1868 1735 2002 1820 Imperii

314 1853 415 1918 nostri
441 1862 473 1914 et
495 1849 601 1913 XLII.
627 1849 716 1930 regni
742 1846 842 1908 nostri
865 1845 898 1907 in
927 1825 1074 1923 Francia,
1093 1852 1188 1927 atque
1206 1841 1383 1906 XXXVII.
1408 1843 1440 1904 in
1465 1839 1568 1904 Italia.
1593 1841 1773 1906 Indictious
1797 1841 1854 1904 IV.
1879 1839 2003 1905 Actum

209 2011 213 2018 .
312 1957 510 2043 Aquisgraui
535 1953 658 2040 palacii,
684 1954 715 2014 in
738 1950 953 2014 Dei'nomine
977 1946 1124 2012 feliciter.
1150 1947 1264 2012 Amen.

471 2159 658 2216 Anhershofe.
684 2157 844 2214 Haudbuch
875 2158 925 2211 der
955 2154 1124 2212 Geschiclte
1156 2155 1205 2209 des
1235 2154 1441 2225 Herzogthums
1472 2153 1627 2208 Karnthen.
1661 2155 1693 2210 B.
1727 2155 1763 2208 ll.
1788 2155 1920 2227 Anhang.
1945 2156 2003 2210 Re-

314 2277 414 2343 gestcn
437 2267 494 2322 und
518 2265 674 2322 Urhundeu
698 2273 746 2319 str.
772 2263 800 2316 9.
875 2297 879 2318 2

1051 2576 1160 2657 LVI.
1189 2576 1275 2660 815.

315 2783 455 2842 Ludo-ailo
477 2779 618 2852 srunadlei
641 2778 728 2850 trull,
746 2773 954 2848 porsrajujua
985 2774 1160 2846 Istrijenom
1180 2777 1262 2831 staro
1281 2773 1398 2844 ujilrovo
1417 2789 1523 2844 pravo,
1546 2772 1585 2830 du
1607 2755 1694 2846 eloqu
1713 2774 1805 2831 bireti
1838 2790 1888 2833 soe
1921 2777 2006 2848 svoJ'c

136 2937 149 2952 .
231 2879 236 2885 ’
317 2890 449 2949 tostnilre
473 2888 541 2945 talto
565 2885 698 2942 daturne
722 2873 778 2940 tue
801 2883 812 2939 a·
833 2881 966 2949 cataste,
985 2879 1125 2951 prasente
1156 2879 1265 2950 ujesso
1288 2896 1336 2936 soc
1359 2895 1413 2936 one
1434 2877 1569 2946 recredita,
1601 2878 1665 2949 lcoje
1689 2879 1823 2939 noticiae
1850 2881 2008 2952 postas-ici

871 2987 994 3058 alcyone
1017 2985 1083 3060 utcu
1110 2983 1170 3052 lec,
1195 2984 1330 3042 cholao
1354 2985 1366 3041 i
1389 2984 1457 3058 Ajc.

709 3157 747 3220 In
771 3155 899 3218 nomine
923 3154 987 3221 Dei
1006 3165 1038 3218 ct
1058 3152 1227 3217 saluatoris
1253 3155 1353 3218 nostri
1377 3153 1457 3218 Jesu
1482 3153 1611 3218 Christi.

475 3335 670 3400 Lodowieus
694 3333 805 3396 diuina
828 3331 996 3394 ordinante
1021 3329 1191 3394 clementia
1215 3327 1392 3406 Inrrrerator
1415 3327 1593 3414 Augustus.
1618 3328 1796 3393 Fortunato
1821 3331 2005 3394 venerabili

319 3442 529 3532 patriarchae,
545 3441 696 3524 idemque
720 3437 869 3502 omnibus
895 3437 1066 3520 episcopis,
1096 3433 1276 3514 abbatibus,
1295 3433 1442 3510 tribunis,
1468 3456 1524 3496 seu
1548 3431 1681 3519 reliquis
1704 3433 1857 3498 fidelibus
1883 3439 2006 3500 nostris

315 3552 459 3616 Histriae
483 3547 668 3636 prouincias
691 3540 972 3616 commorantibus,
996 3563 1016 3602 a
1038 3541 1158 3602 maiore
1174 3559 1275 3622 usquc
1300 3536 1340 3600 ad
1365 3539 1529 3600 minorem.
1553 3537 1654 3602 Sicuti
1677 3539 1762 3600 euim
1779 3561 1798 3600 a
1824 3541 2005 3624 primordio

317 3657 407 3725 urbis
432 3653 659 3730 concessimus,
684 3651 729 3712 ita
752 3659 783 3712 et
806 3648 911 3708 denuo
936 3667 993 3729 per
1016 3665 1139 3706 sacram
1157 3642 1380 3706 auctoritatem
1400 3653 1541 3704 nostram
1566 3641 1756 3704 confirmare
1781 3641 2002 3725 decreuimus,

317 3764 435 3828 vestris
460 3761 552 3824 iustis
577 3754 784 3842 petitionibus
808 3761 995 3828 annuentes,
1021 3746 1172 3810 videlicet
1195 3757 1230 3810 ut
1246 3747 1418 3830 unicuique
1435 3745 1611 3810 seeundum
1633 3745 1777 3809 ordinem
1792 3758 1825 3810 et
1841 3747 2003 3814 honorem

317 3868 493 3953 dignitatis,
519 3875 551 3926 et
574 3863 677 3944 legem
702 3861 876 3942 antiquam,
902 3867 935 3918 nt
959 3857 985 3918 si
1000 3845 1118 3937 aliquis
1144 3863 1286 3914 vestrum
1311 3872 1352 3912 ex
1377 3848 1437 3912 hac
1454 3847 1524 3912 luce
1543 3849 1791 3914 discesserit...
1807 3899 1825 3931 .,
1844 3853 2007 3916 intervos

318 3985 474 4038 rectorem
493 3979 525 4031 et
540 3966 799 4057 gubernatorem,
817 3970 914 4046 atque
934 3957 1158 4044 patriarcham,
1177 3957 1354 4040 episcopos,
1372 3955 1516 4034 abbates,
1542 3977 1598 4018 seu
1623 3955 1778 4036 tribunos,
1804 3967 1835 4018 et
1859 3955 2008 4042 reliquos

318 4076 446 4142 ordines
473 4073 631 4136 licentiam
658 4069 805 4134 habeatis
836 4063 989 4148 eligendi,
1015 4085 1052 4126 ea
1077 4059 1200 4125 scilicet
1230 4062 1361 4138 ratione,
1396 4069 1432 4122 ut
1460 4061 1636 4140 unanimes,
1662 4069 1693 4122 et
1716 4059 1894 4124 concordes
1927 4083 2004 4125 esse

318 4181 473 4260 debeatis,
499 4198 609 4263 pacem
636 4174 677 4236 nd
702 4174 850 4250 inuicem,
876 4179 908 4233 et
930 4168 1083 4232 iustitiam
1110 4166 1345 4229 consentientes
1370 4174 1402 4228 et
1424 4175 1661 4245 conseruuntes,
1679 4174 1710 4227 et
1734 4155 1788 4249 qui
1807 4167 2007 4249 posteriores

318 4286 446 4366 fuerint,
472 4284 611 4350 minores
636 4277 696 4341 sub
722 4277 806 4340 ornni
834 4272 980 4338 custodia
1004 4270 1152 4350 babeant,
1178 4269 1265 4332 nulla
1296 4267 1415 4332 tributa
1447 4268 1558 4333 illicita
1581 4291 1761 4354 supponere
1787 4281 2004 4354 praesumant

318 4389 373 4456 sed
398 4410 508 4454 omues
532 4383 726 4470 generaliter
750 4383 782 4444 in
808 4379 866 4442 Dei
892 4374 1056 4442 voluntate
1074 4375 1212 4458 fideliter
1229 4374 1320 4438 nobis
1353 4385 1385 4438 et
1415 4373 1490 4438 frliis
1515 4375 1631 4438 nostris
1656 4373 1821 4438 deseruire
1845 4375 2008 4440 studeatis

317 4492 513 4573 Patriarcha,
538 4490 689 4582 episcopi,
704 4485 839 4550 abbates
854 4493 886 4547 et
901 4481 1016 4567 reliqui
1034 4480 1225 4560 sacerdotes,
1239 4480 1392 4544 canonice
1406 4481 1551 4542 visentes
1573 4500 1635 4542 nou
1653 4489 1862 4564 praesumant
1876 4529 1883 4544 .
1898 4529 1905 4544 .
1920 4527 1927 4544 .
1942 4530 1950 4544 .
1973 4491 2010 4544 et
2066 4562 2075 4572 .

319 4601 345 4664 si
369 4597 468 4684 (quod
491 4595 589 4681 absit)
614 4591 741 4657 diabolo
763 4590 919 4654 suadente
945 4589 1108 4652 intervos
1132 4586 1230 4664 rixas,
1255 4594 1287 4648 et
1310 4585 1530 4648 contentiones
1555 4593 1610 4647 aut
1633 4585 1861 4668 oppressiones
1887 4607 2011 4671 paupe-

318 4725 389 4770 rum
413 4702 549 4782 faciatis,
575 4711 606 4764 et
629 4697 816 4762 mandatum
836 4703 979 4758 nostrum
1002 4690 1196 4774 transgressi
1213 4689 1346 4770 fueritis,
1364 4697 1419 4752 aut
1441 4687 1627 4754 fidelitatem
1654 4687 1747 4752 nobis
1771 4692 2007 4776 repromissam

319 4811 386 4876 suis
408 4810 439 4872 in
476 4817 620 4892 tempore
652 4826 715 4867 non
747 4799 993 4880 conseruaretis,
1028 4797 1137 4860 sciatis
1171 4817 1229 4880 pro
1260 4803 1347 4858 certo
1372 4803 1511 4856 vestram
1545 4815 1616 4857 esse
1647 4791 1784 4878 culpam,
1819 4805 1852 4858 et
1883 4797 1910 4859 si
1941 4819 2013 4862 non

318 4913 577 4987 emendaueritis,
601 4908 736 4994 legalem
761 4917 792 4970 et
823 4903 993 4991 capitalem
1018 4923 1194 4990 supervos
1219 4923 1347 4964 manere
1381 4901 1583 4964 sententiam.
1616 4898 1660 4963 Et
1690 4903 1887 4986 quicumque
1918 4903 2006 4966 iudi-

319 5031 436 5100 catum,
461 5017 546 5104 quod
569 5013 665 5098 legati
691 5013 810 5078 donnini
836 5022 868 5074 rt
889 5011 1045 5094 genitoris
1074 5007 1192 5072 nostri:
1232 5006 1286 5070 Iao
1324 5004 1506 5090 presbyter,
1527 5015 1559 5068 et
1579 5003 1729 5088 Oadolas,
1747 5015 1846 5092 atque
1864 5007 1925 5070 Aio
1950 5030 2008 5072 co-

320 5126 413 5190 mites
440 5145 496 5208 per
520 5123 693 5184 iussionem
719 5116 864 5184 einsdem
882 5116 1003 5180 domini
1021 5122 1053 5178 et
1080 5113 1234 5198 genitoris
1253 5109 1351 5173 nostri
1369 5110 1525 5173 intervos
1542 5111 1783 5192 constituerant,
1801 5120 1832 5174 et
1849 5113 2013 5196 primates

320 5228 428 5315 populi
455 5228 552 5290 vestri
578 5237 704 5288 centum
730 5233 761 5288 et
785 5223 992 5307 septuaginta
1028 5218 1091 5282 duo
1116 5239 1172 5301 per
1204 5223 1438 5278 sacramentum
1478 5215 1758 5293 confirmauernnt,
1782 5225 1817 5278 ut
1841 5218 1867 5278 si
1893 5215 2009 5302 aliqua

321 5332 522 5426 contumacia
545 5329 723 5413 uiolauerit,
741 5329 869 5392 uerterit
887 5350 921 5419 se
947 5345 1058 5412 poena,
1076 5343 1159 5409 quae
1183 5323 1215 5384 iu
1238 5323 1308 5408 ipso
1325 5318 1467 5384 iudicatu
1487 5321 1668 5406 conscripta
1692 5329 1749 5404 est,
1773 5319 2012 5410 mulctandum,
