4310 5918
1771 435 1830 501 llil

151 633 335 716 Dreseuith,
362 635 526 722 Negeuan‚
551 631 705 714 Veitrich,
731 631 912 714 Streurado,
937 641 968 697 et
1005 629 1134 697 Drusbe
1170 630 1233 698 filie
1257 631 1326 696 eius
1351 639 1382 694 et
1418 627 1564 696 Gorbina
1587 628 1777 716 presbiter0‚
1802 639 1834 696 et
1885 689 1889 696 .

152 741 324 806 Redanech
351 741 528 828 presbitero
552 739 592 804 de
616 739 764 821 Sichoue‚
791 749 822 802 et
845 739 982 826 quodam
1019 737 1196 825 presbitero
1220 735 1260 802 de
1291 737 1469 822 Jugadeua,
1507 747 1539 800 et
1562 735 1763 820 Debrainna,
1800 745 1834 801 et

152 847 332 934 Dregebut
357 851 491 935 eiusque
513 847 580 912 filio
603 846 763 912 Sluuinna
786 845 826 909 de
851 843 979 911 Cerani.

720 952 954 1018 Determinatio
985 950 1080 1016 huius
1105 951 1268 1016 territorii.

307 1060 379 1126 Hec
401 1073 508 1125 autem
532 1070 618 1125 terra
641 1060 871 1124 determinatur
895 1059 950 1139 sic,
974 1057 1014 1122 ab
1049 1055 1218 1140 emigda10,
1242 1079 1304 1144 que
1329 1065 1377 1120 est
1407 1055 1448 1120 ab
1481 1054 1641 1142 aquilone,
1674 1056 1833 1142 incipiens

150 1173 236 1230 rectu
261 1189 412 1232 mensure
436 1166 577 1232 tenditur
597 1189 655 1254 per
679 1180 897 1230 transuersum
915 1163 1073 1252 usquead
1091 1163 1213 1242 collem,
1238 1185 1301 1249 que
1325 1173 1374 1226 est
1397 1160 1438 1226 ab
1454 1173 1573 1244 austro,
1595 1163 1680 1251 litem
1705 1162 1747 1226 eb
1780 1185 1831 1226 ea·

129 1273 219 1337 'dem
245 1273 409 1361 amigdulo
444 1276 536 1340 iuxta
559 1273 682 1360 lapides
705 1271 881 1358 prolatatur
905 1273 938 1336 in
961 1267 1161 1355 longitudine
1178 1291 1279 1356 usque
1303 1267 1344 1334 ed
1369 1267 1492 1350 siloem,
1519 1290 1580 1355 que
1605 1267 1667 1333 sibi
1692 1278 1742 1333 est
1757 1290 1831 1334 con·

149 1379 238 1464 tigna
259 1379 302 1444 ab
327 1382 459 1445 oriente.

307 1483 477 1564 Quomodo
508 1485 543 1550 P.
569 1485 670 1550 abhus
695 1486 829 1549 certauit
851 1491 962 1548 contre
984 1480 1204 1546 Becberistich
1238 1503 1294 1568 pro
1317 1480 1378 1546 hac
1401 1489 1495 1546 terre.

311 1591 407 1656 Hane
430 1601 548 1657 terram
574 1613 653 1656 vero
677 1600 809 1656 conatus
834 1600 883 1654 est
906 1589 1035 1654 auferre
1059 1587 1094 1652 P.
1118 1586 1238 1669 abbati,
1271 1587 1438 1653 Streslnoa
1468 1585 1686 1652 Berberistich
1720 1588 1834 1673 suique

25 1779 27 1796 ¹
149 1707 311 1782 parentes,
336 1720 435 1784 quare
459 1698 543 1762 idem
565 1697 599 1763 P.
624 1697 735 1779 abbas,
760 1697 815 1783 qui
839 1705 982 1760 comotus
1007 1717 1079 1759 cum
1104 1693 1297 1781 quibusdum
1323 1716 1365 1758 ex
1395 1691 1557 1772 frutribus,
1592 1692 1717 1758 Nonum
1741 1693 1831 1774 adiit,

25 1857 26 1862 1
146 1812 178 1868 ct
196 1805 229 1867 in
255 1807 426 1891 presencie
448 1807 535 1891 regis
560 1804 736 1870 Suuinimir
760 1814 873 1868 contra
896 1825 950 1867 eos
976 1800 1110 1866 viriliter
1132 1800 1319 1881 decertauit,
1344 1821 1382 1863 ec
1417 1801 1547 1863 iuuante
1571 1795 1691 1864 Christi
1715 1801 1833 1884 gracia,

146 1908 282 1975 honeste
307 1914 479 1998 superauit,
505 1911 578 2004 dato
602 1910 721 1975 iudicio
745 1933 763 1974 a
787 1911 934 1995 tepizone
957 1909 1137 1983 Dominico,
1163 1906 1273 1970 eodem
1298 1903 1527 1988 Berberisticlr,
1547 1904 1673 1970 volente
1709 1916 1741 1970 et
1771 1905 1833 1970 eol·

146 2013 300 2088 laudante
323 2039 399 2103 rege
422 2017 608 2098 Suuinimir,
633 2019 764 2103 suisque
786 2015 958 2080 nobilibus.
982 2012 1135 2079 Testibus
1158 2013 1226 2078 his:
1253 2010 1365 2076 eodem
1390 2009 1514 2076 scilicet
1537 2033 1613 2096 rege
1647 2010 1833 2092 Suuinimir,

146 2121 259 2187 eodem
286 2125 384 2190 etiem
408 2121 815 2204 Stresinnchrberistich‚
839 2133 871 2186 et
891 2121 988 2186 Jurre
1012 2121 1145 2184 nonensi
1175 2121 1300 2206 lupeno,
1332 2127 1365 2182 ot
1395 2119 1541 2204 tepizone
1571 2117 1696 2182 Jacobo
1718 2127 1750 2182 et
1772 2117 1832 2182 fra·

147 2228 250 2294 tribus
276 2231 346 2295 eius
370 2242 401 2296 et
424 2230 580 2296 Lubomir
596 2234 743 2317 ioppeno.

307 2387 498 2444 Polichorion.
522 2386 547 2443 U
573 2387 673 2442 arhivu
696 2384 838 2441 zaderske
861 2383 1017 2457 gubernije.

731 2696 911 2782 cxciv.
940 2695 1038 2778 1073
1066 2740 1117 2751 —
1145 2693 1252 2777 loti.

149 2869 245 2948 l’cpis
267 2873 418 2934 raulcurt
441 2871 574 2932 Mroouh
597 2871 748 2944 uc'iojeoih
771 2872 943 2930 sumostonu
965 2885 1008 2928 so.
1031 2868 1131 2926 Iouna
1155 2884 1197 2928 eo.
1221 2886 1242 2926 u
1263 2859 1426 2942 Bcldradu,
1448 2883 1486 2926 ru
1509 2868 1619 2927 orieme
1646 2866 1742 2928 Petra
1762 2883 1832 2940 opu·

804 2981 836 3035 ta
859 2976 955 3051 istoya
982 2977 1163 3034 samostaoc.

738 3150 790 3216 De
813 3159 899 3215 terra
922 3150 955 3214 in
978 3146 1064 3214 valle
1088 3146 1250 3232 Pugnene.

223 3387 228 3394 ·
309 3306 370 3372 Est
392 3316 425 3372 et
449 3303 568 3371 ibidem
593 3303 656 3370 ella
679 3325 775 3390 quam
797 3305 874 3368 emit
897 3300 998 3366 abbas
1022 3299 1058 3366 P.
1083 3299 1122 3365 de
1146 3295 1345 3364 Plschabudi
1370 3319 1426 3384 pro
1449 3295 1509 3362 ΙΙΙ.
1533 3293 1581 3360 eol
1603 3317 1725 3363 roman.

309 3413 361 3478 De
383 3412 448 3478 elia
470 3421 556 3476 terra
579 3413 611 3475 in
634 3411 747 3475 eudem
772 3407 866 3473 velle.

310 3502 370 3566 Est
393 3514 425 3568 et
447 3501 566 3565 ibidem
591 3498 663 3582 elie,
684 3522 741 3586 pro
765 3520 830 3584 qua
852 3497 937 3562 idem
963 3495 996 3560 P.
1021 3493 1122 3559 abbas
1146 3493 1283 3558 mutauit
1309 3491 1359 3556 bis
1392 3501 1514 3556 tuntum
1550 3499 1635 3556 terre
1658 3491 1699 3555 'ud
1721 3489 1828 3558 locum

149 3609 297 3676 Murazol
321 3632 394 3674 cum
418 3605 638 3672 monachabus
662 3607 765 3670 sancti
788 3603 913 3668 Thorne
935 3599 1082 3688 apostoli.

311 3715 361 3780 De
384 3714 448 3780 ulia
470 3723 556 3778 terre
579 3714 611 3778 io
635 3711 747 3778 eedem
771 3709 866 3776 valle.

309 3820 369 3886 Est
392 3829 424 3884 et
446 3819 566 3885 ibidem
590 3817 654 3882 alio
677 3839 773 3904 quaro
797 3816 963 3881 Johennes
994 3813 1178 3880 absarensis
1210 3811 1300 3877 dedit
1322 3809 1426 3887 eidem
1452 3810 1644 3875 monasterio
1671 3823 1732 3896 'pro
1765 3809 1830 3874 eni·

151 3927 265 3993 mebus
296 3937 361 3992 tem
386 3949 444 3991 sua
466 3948 563 4013 qnam
587 3935 619 3990 et
643 3935 807 4010 parentum
833 3943 973 3986 suorum.

308 4033 360 4098 De
381 4042 467 4098 terra
490 4055 532 4097 ex
556 4031 619 4095 alio
644 4029 745 4095 latere
769 4027 870 4094 callis.

307 4139 369 4205 Est
392 4148 423 4204 et
446 4137 566 4204 ibidem
590 4137 654 4202 elie
677 4159 720 4202 ex
743 4135 806 4200 alio
830 4134 929 4200 latere
950 4133 1049 4215 callis,
1071 4135 1102 4198 in
1121 4155 1184 4220 qna
1208 4142 1257 4196 est
1274 4131 1397 4216 largum
1415 4132 1570 4204 vinetum,
1590 4141 1712 4215 partem
1739 4131 1830 4194 cuius

152 4247 355 4314 donauerunt
378 4247 482 4312 eidem
507 4245 700 4309 monasterio
726 4241 970 4307 archidiaconus
995 4238 1227 4324 belgradensis‚
1256 4236 1447 4301 Dominicus
1465 4257 1543 4299 vero
1561 4235 1733 4302 Deroiciue
1750 4234 1831 4300 dues

152 4365 269 4442 partes,
294 4363 327 4419 et
345 4355 515 4440 episcopus
538 4348 741 4414 Theodosius
766 4349 918 4414 maiorem
944 4357 1077 4434 partem,
1103 4357 1135 4412 et
1157 4345 1219 4410 hoc
1247 4346 1306 4410 sub
1330 4355 1473 4430 tempore
1495 4342 1622 4408 abbatis
1646 4341 1681 4408 P.

311 4459 363 4526 De
386 4457 451 4523 ulio
472 4461 505 4524 in
530 4458 642 4524 eodem
665 4456 744 4522 loco.
1319 4533 1323 4542 Ι

312 4566 373 4631 Est
396 4575 427 4630 et
449 4565 569 4630 ibidem
601 4562 665 4628 aliu
687 4585 782 4649 quem
807 4561 891 4626 idem
916 4561 951 4625 P.
975 4559 1076 4626 obbas
1100 4559 1226 4646 occepit
1249 4581 1307 4644 pro
1325 4565 1434 4622 mutuo
1450 4554 1491 4620 ab
1507 4554 1711 4620 hereditariis
1728 4557 1829 4620 suncti

155 4672 343 4756 Clementis,
368 4674 447 4738 dans
472 4675 518 4738 eis
542 4683 644 4736 terras
667 4669 793 4734 Thome
818 4667 986 4754 presbiteri
1012 4669 1043 4730 in
1069 4667 1228 4731 territorio
1254 4664 1339 4751 quod
1364 4663 1517 4728 Rorctum
1542 4662 1668 4726 dcitur.

309 4781 360 4846 De
383 4779 447 4844 alia
471 4781 502 4843 in
527 4777 640 4842 eodem
667 4777 747 4842 loco.
772 4801 775 4808 ’
1452 4857 1454 4864 Ι
1767 4855 1768 4860 ¹

308 4889 368 4954 Est
401 4899 432 4953 et
454 4887 573 4952 ibidem
598 4885 661 4949 ulia
682 4907 777 4971 quam
802 4881 889 4947 Rosa
912 4880 1045 4946 sochrus
1069 4877 1195 4963 Streizy
1219 4875 1351 4941 donauit
1374 4873 1479 4940 eidem
1502 4873 1706 4946 monasterio,
1722 4879 1830 4936 tamen

156 5001 266 5084 purtim
292 4995 407 5072 dendo,
432 4995 544 5080 partim
569 5015 639 5055 eam
664 5012 721 5078 pro
744 4989 806 5053 ulia
830 4986 989 5052 mutando,

311 5101 362 5166 De
385 5099 448 5164 elia
467 5111 552 5162 terre
577 5101 608 5162 in
633 5098 796 5182 Pagouna.

309 5207 370 5272 Est
392 5218 424 5270 et
446 5205 566 5269 ibidem
588 5203 651 5267 ulia
674 5225 769 5288 quam
794 5198 896 5264 abbas
920 5199 1045 5284 accepit
1064 5220 1121 5282 pro
1139 5203 1257 5274 mutuo,
1283 5193 1364 5284 dens
1389 5215 1445 5280 pro
1469 5216 1507 5258 ea
1531 5205 1579 5258 tor
1600 5200 1723 5262 tentum
1746 5199 1830 5260 terre

157 5317 346 5384 hereditario
371 5311 506 5378 ecclesie
530 5312 631 5376 sancti
655 5308 797 5394 Georgii,
822 5309 855 5372 in
880 5307 949 5372 loco
974 5308 1028 5394 qui
1052 5292 1153 5389 Frugi
1176 5303 1303 5372 dicitur.

311 5420 363 5488 De
385 5419 450 5487 eliu
472 5417 603 5488 ibidem.
