4310 5918
324 427 385 491 146

481 618 646 684 Paridem
679 641 755 683 vero
787 629 912 705 tempus
936 618 1067 684 domina
1090 619 1189 701 Bona,
1215 619 1282 685 filia
1304 619 1403 686 Madii
1425 621 1518 707 Sege,
1545 621 1740 704 iudicatoris,
1766 647 1823 711 pro
1849 623 1915 690 filia
1939 648 1999 690 sua

320 725 508 808 Maricbina,
533 749 629 812 quam
655 725 844 790 monacham
869 725 1016 807 fecimus,
1041 725 1130 791 dedit
1155 727 1247 791 nobis
1271 738 1417 812 quartam
1444 741 1564 814 partem
1590 729 1753 796 destructe
1771 733 1885 798 domus
1907 731 1999 796 Plani

320 843 394 920 post
416 832 620 918 pinnaculum
646 831 766 918 templi,
792 841 823 896 et
848 843 1002 918 quantum
1039 833 1083 897 ilii
1120 843 1234 920 quarta
1268 856 1342 920 pars
1375 837 1484 919 exigit,
1510 848 1654 920 quartam
1674 850 1795 923 partem
1820 838 2000 903 subiacenti

321 941 419 1004 curie.
443 937 512 1022 Ego
536 961 613 1002 uero
637 936 735 1002 Oicca
757 938 923 1028 abbatissa
945 941 1128 1024 comparaui
1153 948 1217 1002 tres
1236 950 1343 1024 partes
1366 938 1452 1004 illius
1476 941 1590 1006 domus
1614 942 1654 1006 de
1678 947 1806 1030 proprio
1836 967 1909 1010 meo
1934 968 1997 1008 nra-

318 1045 478 1125 trimonio,
510 1044 581 1108 dedi
615 1041 705 1108 Gicle
736 1067 792 1130 pro
825 1043 995 1108 medietate
1029 1043 1143 1107 domus
1176 1057 1207 1108 et
1239 1046 1326 1108 curie
1361 1045 1492 1131 triginta
1516 1047 1645 1131 solidos,
1667 1049 1743 1112 'dedi
1768 1049 1906 1130 Petrizo,
1932 1051 1999 1113 {ilio

319 1149 515 1232 Trunzanni,
543 1153 650 1234 nepoti
681 1149 763 1234 che
796 1149 861 1214 XV
889 1149 946 1214 sol.
979 1173 1036 1236 pro
1070 1159 1184 1236 quarta
1215 1161 1304 1236 parte
1328 1152 1442 1216 domus
1466 1163 1498 1217 et
1520 1154 1716 1218 subiacentis
1741 1157 1839 1222 curie.
1871 1155 1942 1220 Hec
1968 1159 2000 1219 in

320 1255 469 1322 domibus
500 1260 533 1322 eb
563 1259 658 1340 curia,
684 1268 719 1321 ut
740 1257 923 1344 prescripsi,
948 1255 1123 1320 adiuuante
1146 1266 1221 1320 sunt
1244 1260 1438 1322 monasterio
1463 1270 1572 1324 sancto
1598 1259 1708 1326 Marie.

477 1378 504 1434 U
527 1385 687 1434 samostanu
710 1376 859 1432 zadarslrih
882 1377 1086 1448 kaludjericah.

902 1563 1095 1646 CLXXV
1135 1565 1420 1649 loru-rota·

318 1731 467 1791 Kresimir
500 1729 559 1790 IV.
591 1728 671 1801 trudi
693 1727 829 1786 hroatsti
846 1726 961 1800 poditio
1001 1726 1090 1798 Vujtu
1115 1727 1262 1803 Drepsa
1286 1729 1426 1804 Belprad,
1451 1731 1490 1789 da
1513 1690 1630 1790 raavidt
1653 1732 1741 1791 turbu
1766 1732 1888 1792 Fetitso
1909 1739 2002 1807 epoto

645 1837 817 1895 somostaaa
839 1851 881 1892 so.
904 1835 1018 1894 Korma
1039 1831 1234 1908 ruamjana,
1255 1837 1367 1910 peracti
1390 1837 1476 1896 ortos
1498 1853 1540 1897 so.
1567 1833 1672 1896 Iouna.

480 1971 585 2036 Breue
608 1969 852 2053 recordationls,
877 1971 1037 2058 quomodo
1062 1969 1185 2056 placuit
1208 1975 1276 2058 regi
1297 1971 1511 2058 (Oresimiro),
1534 1973 1619 2060 quod
1645 1977 1786 2040 mitteret
1808 1999 1900 2040 suum
1919 2000 2002 2042 nuu-

266 2137 269 2142 Α
318 2080 396 2142 tium
433 2079 466 2142 iu
490 2076 577 2143 Alba
608 2079 738 2142 ciuitate
767 2077 928 2163 inquirere
958 2100 978 2140 a
1001 2075 1136 2164 populos
1161 2079 1311 2160 ciuitatis,
1333 2081 1359 2142 si
1387 2102 1464 2145 vera
1488 2093 1595 2144 essent
1619 2104 1665 2162 ea,
1691 2104 1753 2167 que
1777 2081 1879 2147 abbas
1903 2081 2002 2146 Felix

318 2183 505 2271 requirebat
535 2193 567 2249 et
595 2183 879 2270 proclamationem
911 2183 1060 2266 faciebat,
1093 2185 1216 2250 scilicet
1250 2185 1290 2250 de
1324 2185 1479 2250 iustiticia
1519 2186 1655 2251 ecclesie
1696 2189 1798 2252 sancti
1841 2187 2003 2253 Johaunis

319 2290 517 2376 euangelista
548 2289 587 2354 de
619 2293 738 2355 sanctis
772 2288 889 2354 Cosme
913 2300 944 2355 et
966 2289 1136 2373 Damiano,
1161 2301 1193 2355 et
1215 2291 1290 2375 quid
1315 2279 1452 2378 populus
1477 2291 1615 2356 diceret:
1637 2292 1711 2356 inde
1743 2295 1830 2357 misit
1853 2283 2000 2359 Vuilirim

317 2397 474 2481 Dragum,
490 2399 544 2483 qui
563 2399 692 2460 vocauit
708 2396 860 2482 populum
877 2397 918 2460 ad
935 2419 969 2460 se
986 2397 1027 2460 ad
1044 2381 1189 2461 sanctum
1206 2395 1399 2462 Johaunem.
1419 2397 1469 2462 Ad
1486 2419 1580 2484 quem
1600 2397 1737 2485 populus
1754 2402 1851 2483 venit,
1870 2400 2002 2467 diceus:

317 2503 403 2589 quod
427 2501 581 2590 quicquid
604 2501 706 2567 abbas
730 2503 924 2589 requirebat,
950 2503 990 2568 de
1015 2505 1142 2570 iusticia
1166 2503 1302 2569 ecclesie
1326 2506 1443 2569 iustum
1468 2505 1662 2592 requirebat.
1681 2505 1749 2569 Ista
1774 2517 1848 2570 suut
1870 2509 2004 2572 nomina

316 2609 499 2674 hominum:
524 2609 708 2692 Semiuitus,
734 2609 847 2674 Petrus
871 2609 979 2690 iudex,
1018 2609 1170 2676 Nicolaus
1202 2610 1460 2694 archidiaconus,
1493 2610 1602 2676 Micha
1633 2611 1771 2694 vetulus,
1804 2610 1902 2677 frater
1929 2616 2002 2677 eius

317 2715 426 2798 Belzo,
459 2715 585 2796 Vitaza,
615 2715 781 2782 Johannes
818 2715 988 2802 presbiter,
1020 2715 1182 2801 Negulus,
1213 2717 1312 2801 Lube,
1349 2717 1518 2800 Andreas,
1553 2717 1675 2800 Dras'e,
1711 2728 1743 2782 et
1779 2717 1893 2781 fratres
1930 2719 2002 2782 eius

316 2820 480 2905 Dabrana,
504 2820 691 2906 Gregorius,
709 2821 903 2903 Domaccha,
936 2821 1160 2904 Trunzarrnes,
1197 2835 1229 2888 et
1259 2846 1369 2888 omnes
1400 2825 1487 2888 ciues
1511 2823 1754 2888 affirmauerunt
1787 2823 1994 2910 priuilegium

316 2931 418 2993 sancti
449 2927 608 2993 Johanuis
632 2927 672 2992 de
696 2938 878 2992 sanctorum
912 2925 1029 2992 Cosme
1049 2937 1081 2992 et
1106 2927 1267 3010 Damiani,
1304 2943 1335 2993 et
1368 2951 1494 3016 semper
1525 2929 1690 2995 debuisset
1720 2953 1908 3016 permanere
1933 2930 1997 2995 sub

316 3045 474 3122 potestate
497 3033 592 3098 huius
616 3036 812 3098 monasterii.

472 3167 661 3223 Poliehoriou.
685 3166 712 3224 U
734 3167 832 3222 arkivu
857 3167 993 3223 aadarske
1014 3167 1172 3240 gubernije.

691 3311 694 3318 “
803 3351 1030 3436 onxxvl.
1059 3355 1150 3437 ono
1178 3376 1217 3454 g.
1246 3353 1509 3436 rora-rore.

478 3516 615 3592 Btrjetta
637 3534 653 3576 o
677 3517 829 3591 suppetat
857 3517 981 3590 compat
1005 3535 1042 3578 aa
1064 3523 1216 3577 semustae
1239 3519 1445 3592 tatudjericob
1469 3536 1511 3580 so.
1536 3519 1651 3592 Martie
1674 3537 1694 3578 a
1719 3518 1831 3578 Zadra.

473 3691 632 3756 Abbatisa
656 3687 793 3775 crica)
819 3692 1004 3755 monasterii
1030 3675 1140 3755 sancte
1164 3691 1276 3773 Maria,
1301 3713 1372 3756 cum
1391 3693 1457 3754 suis
1483 3690 1647 3756 sororibus
1664 3694 1864 3778 comparauit
1876 3703 1998 3757 terram

315 3797 347 3862 in
372 3797 542 3880 Petriaani,
559 3796 619 3860 sub
637 3793 811 3860 Oresimiro
828 3819 904 3876 rege
921 3807 953 3860 et
969 3796 1142 3862 Suinimiro
1168 3797 1259 3877 bano,
1284 3821 1303 3860 a
1327 3796 1400 3860 filiis
1426 3796 1623 3878 Dobromiri,
1643 3796 1802 3880 Rudinus,
1828 3797 2000 3880 Adamizo,

315 3903 505 3984 Saracenos,
538 3925 594 3988 pro
624 3901 789 3966 XXXVII
813 3902 869 3967 sol.
894 3903 931 3967 In
957 3903 1071 3968 eodem
1096 3903 1209 3968 iocoa
1241 3901 1342 3987 Grigo
1374 3901 1509 3968 Seuotik
1542 3927 1598 3989 pro
1629 3927 1692 3968 uuo
1729 3904 1786 3969 sol.
1817 3905 1856 3969 de
1889 3907 2001 3990 capris

315 4021 348 4076 et
381 4033 444 4074 uuo
477 4009 560 4074 boue
591 4011 791 4095 comparauit
821 4018 956 4090 terram,
992 4022 1024 4073 et
1056 4009 1151 4074 aliam
1185 4034 1205 4074 a
1235 4009 1355 4092 Teona,
1381 4009 1481 4074 Trilie
1514 4009 1589 4092 tilio,
1622 4034 1676 4092 pro
1710 4009 1835 4074 duobus
1866 4011 1924 4076 sol.
1960 4012 2001 4076 In

314 4115 428 4184 eodem
452 4115 522 4180 loco
546 4115 587 4181 ab
607 4114 713 4180 Adam
745 4114 856 4210 Debel¹
881 4138 939 4202 per
969 4115 1007 4179 V.
1040 4115 1095 4179 sol.
1128 4115 1171 4180 Et
1193 4117 1289 4180 aliam
1321 4115 1490 4192 ineodem
1524 4116 1593 4180 ioco
1617 4139 1636 4180 a
1660 4117 1849 4204 presbytero
1872 4117 1996 4182 Brebe-

314 4225 381 4289 rizo
413 4244 472 4309 per
501 4221 560 4288 Ill.
588 4221 646 4287 sol.
670 4221 714 4286 Et
746 4245 802 4308 pro
827 4223 993 4307 rogatione
1017 4223 1161 4286 eiusdem
1186 4235 1280 4304 terre,
1304 4222 1467 4308 Neupreto
1492 4223 1639 4287 dedimus
1662 4223 1712 4288 Ili
1736 4222 1794 4288 sol.
1820 4223 1859 4288 de
1884 4247 1998 4308 grano.

314 4327 375 4393 His
391 4328 543 4394 testibus:
561 4328 741 4415 Episcopus
759 4327 882 4406 Dabra,
900 4326 993 4413 Segs,
1019 4329 1130 4393 Dabro
1148 4328 1281 4410 Striaza,
1300 4328 1463 4393 Trunzaui
1481 4328 1565 4394 filius
1587 4329 1753 4410 iudicator,
1772 4330 2001 4414 Margastroua

314 4433 493 4522 presbyter,
511 4434 621 4500 Seraia
638 4433 788 4515 Dabrize,
810 4433 1005 4519 Trudalaca,
1025 4436 1130 4517 Dods,
1151 4435 1305 4500 diaconus
1323 4436 1460 4518 Madius,
1478 4435 1649 4523 presbyter
1663 4435 1779 4517 Barba,
1801 4435 2002 4504 Santasedra

315 4539 434 4623 Gosik,
462 4539 583 4626 Spizar,
616 4539 747 4604 Stoiana
778 4540 841 4624 det,
866 4539 1015 4606 Crasona
1038 4543 1208 4624 douornik,
1232 4543 1410 4607 Zarondris
1435 4543 1546 4607 Keuik
1578 4552 1609 4606 et
1631 4542 1731 4607 frater
1753 4544 1821 4616 eius
1846 4541 1998 4610 Adamiz.

471 4661 544 4718 Stari
568 4661 661 4734 propia
684 4680 722 4718 na
741 4662 806 4718 koti
830 4681 848 4717 u
869 4663 970 4719 arkivu
1001 4663 1149 4719 zadarsirih
1175 4663 1379 4734 kaludjericah.

865 4885 1115 4970 ccxxvii.
1139 4827 1251 4970 rota.
1278 4885 1314 4970 u
1343 4887 1471 4971 urna.

320 5047 466 5124 Veberaepo
490 5047 596 5123 claruje
618 5067 639 5108 u
661 5050 718 5109 ime
739 5049 902 5110 aududbiae
925 5053 1099 5109 samoataau
1122 5050 1285 5110 sodomitiis
1307 5050 1514 5124 totadjericoh
1537 5067 1579 5109 aa.
1607 5049 1722 5124 Martie
1744 5067 1797 5110 suo
1819 5052 1882 5125 sooj
1904 5069 1997 5128 aepo-

1034 5158 1140 5216 kreton
1160 5158 1276 5216 emetat.

471 5294 508 5360 Iu
538 5295 664 5360 nomine
688 5293 809 5360 domini
834 5295 933 5360 nostri
954 5292 1056 5359 Jhesu
1083 5291 1212 5376 Christi,
1238 5305 1269 5358 et
1293 5292 1436 5359 eiusdem
1460 5294 1690 5360 incarnationis
1712 5315 1796 5359 anno
1818 5292 1994 5360 millesimo

313 5401 550 5496 septuagesimo
581 5403 689 5468 tercio.
722 5401 888 5492 Reguaute
920 5401 1111 5466 Cressimiro
1136 5398 1296 5486 Obroatis,
1334 5400 1417 5468 bano
1452 5399 1638 5485 Suiuimiro,
1662 5403 1885 5492 episcopatum
1910 5425 1992 5471 vero
