4310 5918
739 667 744 684 ,,
815 559 990 666 oxma
1013 584 1131 668 1oo4.
1159 585 1196 668 u
1222 586 1422 684 arogno.

277 774 429 850 Gradjoni
446 780 586 866 tropirslri
603 780 781 858 mauohuju,
795 799 836 840 aa
850 776 950 840 molbu
973 798 1062 855 scopo
1082 777 1210 854 bisbupo
1226 781 1333 850 loono,
1350 781 1389 838 du
1412 796 1443 840 sc
1465 797 1486 838 u
1512 778 1640 856 Treuiro
1662 781 1787 856 suffodi
1805 783 1961 848 comestore

906 886 1112 961 toludjert'colr
1136 903 1179 947 so.
1205 884 1327 959 Delma.

434 1059 471 1122 In
498 1060 631 1124 nomine
654 1058 775 1124 domini
799 1060 899 1123 nostri
924 1058 1092 1124 saluatoris
1116 1061 1202 1144 regis
1227 1061 1338 1137 eterni,
1362 1080 1446 1123 anno
1471 1053 1592 1122 domini
1615 1058 1773 1122 incarnat.
1798 1057 1958 1151 MLXIV.

275 1161 339 1228 ind.
362 1162 406 1228 II.
430 1173 586 1248 regnante
610 1165 740 1230 domino
764 1175 882 1246 nostro,
902 1165 948 1230 ‘ac‘
974 1167 1118 1251 piissimo
1145 1174 1281 1249 augusto
1306 1163 1518 1228 Constantino
1543 1162 1635 1228 Duce
1659 1172 1691 1228 et
1715 1185 1832 1248 magno
1856 1165 1957 1248 impe-

273 1277 389 1351 ratore,
412 1270 552 1334 ciuitatis
570 1293 647 1335 vero
668 1271 879 1356 traguriensis
909 1279 1041 1355 regente
1066 1269 1253 1335 cathedram
1269 1269 1397 1334 Joanne
1413 1267 1592 1332 venerabili
1609 1269 1761 1354 episcopo
1784 1266 1959 1350 rethorice,

273 1395 433 1440 unacum
458 1373 576 1442 domno
602 1375 756 1442 Dabrana
778 1376 889 1440 inclito
914 1378 1028 1462 priore,
1054 1385 1085 1441 et
1105 1374 1294 1440 cumfratre
1312 1371 1528 1454 squndraa‚
1553 1371 1768 1460 omnibusque
1791 1371 1959 1438 nobilibus

274 1477 342 1544 Sub
358 1477 485 1544 illorum
502 1504 642 1568 namque
658 1482 862 1568 temporibus
887 1482 947 1546 hoc
969 1483 1170 1568 precepimus
1193 1479 1395 1566 priuilegium
1413 1478 1573 1544 conscribi
1590 1499 1648 1542 nos
1665 1500 1786 1560 omnes,
1803 1477 1959 1544 videlicet

274 1581 441 1668 Staligato,
470 1585 645 1671 Georgius,¹
659 1586 815 1671 Tridullo,
833 1587 954 1668 Dabro,
972 1587 1131 1672 Sepelato,
1154 1585 1309 1662 Calefato,
1328 1607 1470 1649 necnon
1490 1583 1623 1665 Vitaaa3
1641 1589 1678 1648 'et
1693 1581 1754 1650 hoc
1778 1593 1958 1670 spontanea

273 1699 385 1754 nostra
408 1691 584 1773 voluntate,
618 1692 658 1756 de
682 1692 749 1775 hoc,
774 1692 859 1779 quod
883 1695 953 1778 ipae
982 1694 1045 1756 iam
1075 1691 1179 1756 dictus
1211 1693 1381 1776 episcopus
1415 1712 1472 1753 nos
1496 1711 1553 1774 per
1577 1687 1748 1773 plurimum
1773 1705 1957 1772 rogauerat,

274 1803 310 1857 ut
333 1794 598 1884 ecclesiamque
622 1806 732 1862 nostra
756 1809 833 1882 erat,
859 1797 985 1863 scilicet
1008 1797 1122 1861 domus
1156 1797 1239 1860 beati
1265 1795 1407 1876 Domnii,
1430 1795 1484 1858 nbi
1509 1803 1601 1879 porta
1624 1793 1786 1858 dominica
1809 1805 1955 1876 vocatur,

273 1899 319 1964 ibi
342 1905 573 1966 monasterinm
597 1903 786 1968 ancillarum
812 1903 1218 1970 dominiconcederemus
1244 1911 1439 1966 construere.
1465 1898 1534 1962 Nos
1558 1921 1639 1988 vero
1667 1898 1805 1964 consulti
1829 1922 1955 1984 omnes,

274 2014 307 2072 et
325 2008 400 2094 quia
417 2017 526 2072 noster
542 2019 648 2074 rector
663 2033 703 2073 ac
719 2001 880 2096 protector
897 2018 1127 2094 permanserat,
1157 2009 1324 2092 magisque
1340 2028 1397 2091 pro
1414 2003 1556 2068 remedio
1574 2012 1755 2070 nostrarum
1772 2006 1954 2070 animarum

275 2111 366 2176 illum
390 2113 593 2193 audiuimus3
627 2115 812 2201 ibidemque
844 2115 973 2180 domino
1005 2124 1166 2177 annuente
1193 2111 1423 2176 monasterinm
1456 2127 1528 2174 esse
1557 2108 1813 2188 affirmauimus3
1844 2109 1899 2174 nbi
1923 2119 1958 2175 et

272 2216 438 2282 abbatissa
473 2241 535 2283 non
560 2229 633 2306 post
664 2219 795 2306 longum
830 2221 982 2306 temporis
1005 2220 1152 2304 spatium,
1178 2217 1305 2280 nominc
1336 2215 1495 2293 Eufemia,
1518 2214 1701 2280 introducta
1732 2215 1802 2298 luit,
1835 2218 1952 2280 ceteris

273 2345 345 2386 cunr
369 2323 541 2388 sororibus.
567 2325 644 2390 Post
667 2325 727 2390 bec
746 2326 876 2390 domine
905 2325 1069 2389 abbatisse
1093 2322 1239 2387 similiter
1263 2333 1364 2386 terras
1389 2331 1420 2384 et
1444 2322 1556 2385 vineas
1580 2319 1806 2402 iudicauimus,
1830 2343 1954 2407 sueque

272 2431 421 2514 potestati
446 2432 676 2513 commisimus,
700 2433 832 2518 insuper
855 2443 887 2496 et
910 2431 985 2496 litus
1006 2433 1098 2496 iuxta
1121 2428 1256 2494 eandem
1282 2426 1450 2491 ecclesium
1475 2424 1517 2489 ad
1542 2424 1732 2510 obsequium
1757 2428 1806 2490 sui
1831 2426 1953 2490 ibidem

274 2537 504 2616 concessimus,
531 2536 587 2600 sed
612 2538 643 2600 in
668 2535 721 2600 tali
745 2547 850 2619 pacto,
887 2538 973 2600 etin
998 2535 1052 2599 tali
1087 2545 1207 2612 tenore,
1241 2543 1276 2596 ut
1307 2535 1370 2595 iam
1403 2529 1490 2594 dicta
1521 2529 1667 2612 ecclesia,
1702 2553 1767 2616 qua
1798 2553 1855 2596 nos
1887 2555 1954 2596 mo·

273 2642 448 2705 nestorium
473 2641 542 2705 fieri
567 2645 795 2720 concessimus,
831 2641 929 2706 alium
954 2641 1118 2705 dominum
1144 2648 1250 2724 preter
1273 2659 1332 2702 nos
1360 2659 1422 2702 non
1446 2635 1591 2718 baberet,
1616 2637 1713 2699 etiam
1741 2659 1824 2700 unns
1849 2647 1884 2700 ut
1907 2637 1954 2700 ibi

271 2746 453 2812 aduocatus
477 2748 656 2810 mitteretur
679 2770 720 2811 ex
745 2747 847 2828 nobis,
872 2747 912 2810 ad
937 2746 1114 2830 regendum
1139 2754 1171 2808 et
1193 2741 1438 2827 gubernandum
1464 2743 1655 2806 necessaria.
1690 2739 1786 2821 Quod
1811 2752 1843 2807 et
1865 2742 1955 2808 affir-

270 2859 391 2914 matum
417 2851 487 2934 luit,
510 2863 585 2915 ante
606 2854 750 2916 notitiam
776 2853 890 2938 prefati
915 2852 1074 2916 Jobannis
1090 2850 1243 2934 episcopi,
1261 2857 1292 2912 at
1307 2846 1462 2910 Dabraue
1478 2846 1622 2910 ciusdem
1648 2849 1737 2912 urbis
1762 2851 1888 2934 prioris,
1912 2873 1953 2912 ac

271 2954 372 3019 Minoe
399 2955 602 3044 Bogoboyse,
627 2981 666 3022 ac
688 2958 830 3036 Andros,
854 2981 913 3022 nec
943 2980 1004 3021 non
1024 2954 1176 3020 nobilium
1201 2964 1233 3018 et
1253 2951 1441 3038 ignobilium
1466 2953 1622 3036 tragurini
1645 2955 1752 3033 castri,
1777 2956 1832 3038 qui
1857 2954 1953 3018 huius

201 3057 209 3069 “
271 3061 317 3123 rei
341 3069 440 3124 testes
464 3061 601 3126 fuerunt.
620 3061 714 3127 Unde
735 3065 762 3126 ai
778 3065 850 3150 quis
868 3062 951 3126 hanc
972 3071 1112 3134 nostram
1134 3060 1345 3122 difinitionem
1364 3058 1566 3143 disrumpere
1590 3061 1804 3143 temptauerit,
1829 3061 1950 3122 trinum

269 3173 301 3228 et
323 3187 421 3228 unum
446 3165 611 3232 dominum
645 3167 762 3232 habeat
793 3171 919 3249 iratum,
953 3177 985 3231 et
1015 3161 1227 3231 CCCXVIII.
1253 3174 1435 3228 sanctorum
1461 3173 1584 3248 patrum
1611 3175 1827 3249 consequatur
1851 3163 1950 3228 male-

269 3270 452 3350 dictionem,
477 3271 634 3356 deglutiat
649 3295 721 3338 eum
736 3285 830 3352 terra,
855 3277 939 3338 sicut
955 3271 1085 3336 Dathan
1103 3282 1134 3335 et
1149 3270 1284 3348 Abiron,
1297 3273 1470 3356 veniatque
1486 3291 1583 3356 super
1599 3291 1671 3334 eum
1696 3269 1785 3355 lepra
1801 3270 1950 3334 Namaan

268 3375 351 3460 Syri,
372 3386 405 3440 et
427 3399 499 3440 cum
524 3378 612 3442 Juda
635 3380 798 3466 proditore
821 3380 1000 3444 denodatur
1023 3382 1055 3442 in
1079 3377 1250 3441 infernum.

424 3525 453 3579 Iz
475 3525 570 3581 izvora
592 3525 701 3598 duvaga
723 3547 738 3581 u
762 3527 916 3582 monastiru
951 3529 1070 3582 durnah.
1100 3547 1139 3582 sv.
1162 3529 1277 3586 ‘Niltole
1308 3547 1326 3584 u
1358 3529 1490 3602 Trogiru.
1514 3529 1553 3583 lv.
1577 3530 1667 3584 Lucio
1690 3530 1726 3583 de
1749 3547 1835 3600 regno
1860 3529 1949 3583 Dalm

267 3621 296 3668 ct
320 3609 415 3668 Creat.
438 3613 503 3669 Lib.
527 3615 564 3668 II.
589 3613 658 3686 Cap.
682 3615 761 3693 XVI.
784 3615 919 3670 Memoria
941 3614 970 3669 di
990 3613 1076 3670 Trari.
1101 3635 1128 3688 p.
1157 3617 1205 3673 13.

818 3890 1013 4010 oxnnr.
1042 3927 1158 4011 roas.
1186 3929 1221 4010 u
1250 3927 1403 4010 caeru.

269 4123 366 4184 Teano
388 4125 526 4196 posloutlr
543 4127 699 4202 poptnslo',
722 4127 1068 4200 dosudjupesumostoau
1090 4141 1134 4184 so.
1158 4125 1318 4184 Krs'evona
1342 4141 1363 4182 u
1386 4125 1498 4192 Zodru,
1521 4127 1630 4199 leopelu
1644 4131 1763 4200 svetoyo
1786 4127 1885 4183 loono
1908 4143 1954 4184 aa

392 4247 398 4252 ·
999 4231 1087 4289 otolru
1112 4229 1228 4305 Tttupu.

424 4405 446 4483 's
469 4402 506 4465 In
531 4402 659 4466 nomine
682 4401 733 4466 dei
751 4405 862 4481 eterni,
880 4404 985 4467 future
1003 4401 1238 4498 recordat-ionis
1261 4401 1414 4466 memorie
1430 4401 1545 4465 litteris
1565 4402 1731 4466 notificare
1759 4402 1948 4485 satagimus,

206 4565 208 4570 .
267 4498 461 4591 ut⁸p0steris
482 4515 600 4592 pateat,
624 4517 658 4570 ut
685 4509 711 4570 si
741 4512 814 4594 quis
845 4534 864 4572 a
885 4511 1030 4574 veritatis
1054 4511 1181 4573 tramite
1206 4507 1389 4572 exorbitare
1418 4507 1563 4588 voluerit,
1589 4510 1659 4594 ipsa
1675 4506 1781 4570 littera
1804 4505 1945 4570 eundem

266 4621 391 4693 arguat.
410 4592 603 4674 -Notum‘sit
626 4610 784 4692 omnibns,
809 4613 894 4698 quod
918 4614 1032 4677 Petrus
1063 4613 1258 4678 venerabilis
1281 4613 1382 4677 abbas
1405 4615 1589 4677 monasterii
1613 4615 1715 4677 sancti
1739 4611 1946 4696 Chrisogoni,

267 4725 377 4779 astans
401 4724 476 4778 ante
500 4724 707 4800 conspectum
743 4715 851 4780 domni
884 4718 1054 4806 'Pannonia
1086 4717 1261 4804 apostolico
1293 4718 1379 4782 sedis
1410 4720 1608 4804 apocrisarii,
1643 4720 1733 4782 missi
1764 4741 1784 4780 a
1814 4717 1947 4781 domino

220 4877 225 4888 .
267 4818 458 4884 Alexandro
483 4841 615 4882 romano
640 4821 800 4903 pontifice,
837 4835 1030 4908 conquestus
1055 4833 1103 4887 est
1126 4823 1166 4888 de
1189 4821 1327 4910 quadam
1348 4823 1430 4888 cella
1452 4825 1484 4886 in
1508 4823 1629 4888 bonore
1661 4825 1763 4887 sancti
1786 4821 1950 4888 Jobannis

266 4923 401 4988 fundata
425 4945 464 4986 ac
488 4925 595 5008 posita
618 4924 652 4986 in
676 4925 789 5006 insula,
814 4949 876 5012 que
900 4928 1017 4991 dicitur
1040 4928 1187 5014 I‘ilagus,
1219 4951 1316 5014 quam
1340 4925 1508 4992 Gorbina'
1533 4927 1648 5014 optulit
1678 4927 1816 4992 ecclesie
1843 4931 1951 4992 sancti

257 5027 474 5110 'Chrisogoni,
500 5049 585 5106 nunc
601 5035 706 5090 antem
725 5030 896 5114 instigante
912 5031 1049 5115 diabolo,
1067 5033 1135 5098 vult
1151 5057 1220 5097 eam
1239 5033 1427 5098 subtrahere
1451 5034 1585 5098 cenobio
1610 5035 1712 5098 sancti
1738 5031 1950 5117 Chrisogoni,

266 5132 307 5195 ad
332 5129 421 5218 quod
437 5131 525 5215 prius
549 5129 665 5194 deuota
682 5143 795 5212 mente,
816 5158 874 5200 aua
890 5147 1001 5223 sponte
1019 5139 1204 5204 contulerat.
1224 5139 1317 5203 Tunc
1333 5141 1547 5225 apocrisarius
1565 5162 1695 5204 romane
1717 5137 1803 5204 sedis
1828 5141 1952 5204 intero-

265 5255 533 5279 ...ss———o—

377 5327 498 5401 ¹Drugi
521 5329 631 5400 propia:
655 5329 791 5386 Grubina.
