4350 5932
305 424 349 488 34

300 617 333 680 iu
357 615 429 680 loeo
453 637 510 680 suo
535 623 569 679 et
601 616 808 701 episcopatus
841 617 947 682 officio
972 617 1084 703 procul
1107 618 1205 682 dubio
1238 618 1437 701 reformetur,
1462 629 1494 684 et
1516 642 1557 686 ne
1581 620 1687 684 denuo
1723 619 1784 684 hac
1822 620 1862 685 de
1890 645 1924 684 re
1948 622 1992 684 in-

302 721 524 808 quietudinem
550 745 588 784 ac
612 720 791 786 molestiam
823 725 973 808 patiatur,
1006 723 1149 788 solicitos
1185 746 1241 787 vos
1274 747 1345 789 esse
1376 747 1509 788 necesse
1534 735 1592 806 est,
1616 724 1777 811 quiahoc
1801 749 1864 791 non
1890 725 1994 790 solum

294 828 344 892 -ad
370 826 466 892 huius
491 828 709 908 monitionem,
735 831 964 892 verumetiam
989 829 1030 892 ad
1054 828 1191 894 aliorum
1229 839 1354 895 constat
1378 829 1636 894 emendationem
1672 831 1839 916 proficere,
1865 843 1900 895 ut
1925 853 1994 916 pra-

304 956 416 999 uornm
440 932 606 996 hominum
632 935 849 1019 praesumptio
875 933 953 998 nibil
978 934 1169 1000 decaetero
1201 944 1313 1000 contra
1336 957 1503 1000 sacrorum
1528 957 1686 999 canonum
1711 943 1840 1016 statuta,
1866 935 1921 1000 vel
1944 959 1992 1000 ec-

304 1037 517 1112 clesiasticam
543 1039 746 1126 disciplinam
773 1036 836 1103 ullo
858 1038 952 1102 modo
976 1038 1095 1102 audeat
1117 1049 1285 1104 attentare.

463 1185 564 1242 Menai.
591 1185 737 1278 collectio.
754 1184 862 1240 concil.
886 1186 920 1238 T.
943 1186 979 1239 X.
1003 1193 1053 1239 str.
1080 1186 1153 1240 329.

647 1476 806 1558 XLIX.
836 1476 928 1558 602.
960 1479 1152 1578 mjeseoa
1179 1479 1430 1577 stutenogs.
1460 1479 1497 1560 U
1526 1480 1671 1609 Rimu.

309 1637 410 1712 Gryur
436 1635 461 1698 I.
481 1655 567 1710 papo
589 1639 653 1710 pite
676 1638 833 1696 Matrimn
857 1638 986 1709 biskopa
1009 1639 1199 1706 sottastoma,
1223 1639 1264 1697 do
1285 1655 1316 1696 se
1338 1656 1358 1696 ιι
1382 1639 1494 1698 battuta
1517 1640 1585 1698 aec'e
1606 1641 1686 1699 obstr
1709 1642 1787 1699 arati
1810 1658 1853 1698 aa
1877 1643 1998 1714 menone

435 1745 591 1816 poslanilte
616 1745 672 1802 oleo
694 1760 730 1800 tte
754 1743 865 1800 donesa
889 1743 1013 1814 sajedno
1040 1745 1137 1814 pismo
1155 1743 1325 1815 podpisano
1348 1744 1386 1802 od
1407 1745 1522 1818 monci
1544 1746 1667 1820 njepotrc
1698 1745 1877 1806 sretmaton.

786 1909 975 1994 Gregorius,
999 1913 1143 1976 Maximo
1168 1915 1319 1998 episcopo
1342 1907 1530 1978 salonitano.

466 2089 541 2152 Alia
565 2089 697 2174 quidem
735 2091 856 2175 scripta
888 2091 928 2153 ad
959 2088 1189 2152 fraternitatem
1216 2098 1303 2151 tuam
1333 2099 1427 2153 antea
1459 2089 1646 2171 feceramus,
1677 2089 1734 2154 sed
1763 2100 1908 2176 tempore
1934 2113 1999 2177 quo

308 2196 455 2260 homines
479 2205 560 2276 tuos,
586 2218 670 2280 quos
697 2195 738 2259 ad
775 2219 832 2258 nos
867 2197 992 2274 misisti,
1024 2193 1171 2258 relaxare
1209 2191 1376 2276 voluimus,
1408 2196 1574 2279 scripsisse
1600 2204 1629 2258 te
1654 2195 1847 2281 quibusdam
1879 2197 2002 2264 nostris
2038 2271 2042 2277 Ι

308 2301 533 2386 comperimus,
556 2300 642 2386 quod
666 2299 861 2364 Veteranum
889 2299 1111 2384 presbyterum
1147 2308 1243 2383 atque
1279 2297 1432 2386 Optatam
1467 2299 1668 2363 defensorem
1702 2309 1778 2362 tunc
1802 2302 1935 2366 minime
1968 2305 2000 2366 in

300 2429 423 2474 ¹sarissa
458 2407 675 2469 transmiseris
711 2417 742 2468 et
766 2405 908 2468 Thomas
945 2403 1107 2468 ecclesiae
1147 2415 1219 2466 tuae
1251 2403 1401 2467 defensor
1435 2403 1494 2468 sibi
1521 2403 1621 2468 verbo
1645 2427 1664 2467 a
1689 2415 1718 2467 te
1739 2395 1860 2468 dictum
1895 2406 2002 2491 perhi-

310 2513 388 2576 buit.
413 2511 555 2595 Exque
588 2512 707 2574 roiam
740 2533 800 2573 nec
829 2509 1051 2594 praesentium
1097 2506 1304 2591 portitoribus
1333 2508 1545 2571 iudicauimus
1570 2531 1640 2580 essa
1665 2509 1871 2592 credendum,
1896 2533 1938 2575 ne
1962 2511 2005 2576 de

311 2619 541 2702 ipsisquoque
566 2614 742 2701 posthaec
776 2615 921 2678 similiter
942 2614 1080 2676 diceres.
1118 2597 1202 2689 Qua
1234 2634 1311 2695 ergo
1343 2609 1423 2674 haec
1447 2634 1498 2675 res
1523 2635 1580 2675 nos
1605 2601 1698 2677 valde
1722 2613 1799 2677 fecit
1822 2617 2002 2700 ambigere,

311 2731 343 2786 et
365 2733 476 2784 cautos
497 2744 567 2784 csse
591 2718 710 2784 debere
732 2721 945 2805 praemonuit,
967 2720 992 2780 si
1018 2741 1165 2781 caussam
1200 2715 1297 2780 vultis
1321 2717 1438 2798 dicere,
1463 2718 1649 2782 instructam
1674 2718 1864 2784 decaetero
1889 2744 2000 2806 perso-

312 2851 386 2892 nam
410 2851 481 2891 cum
508 2826 658 2890 mandato
684 2825 832 2909 legaliter
855 2825 942 2887 farto
967 2825 1030 2886 tuis
1054 2845 1093 2898 ac
1118 2821 1380 2908 presbyterorum
1409 2843 1464 2885 seu
1489 2822 1695 2886 diaconorum
1720 2825 1753 2887 iu
1778 2827 2000 2890 testimonium

312 2931 603 3020 subscriptionibus
637 2929 804 3007 roborato,
837 2929 1001 3012 gestisque
1034 2950 1075 2990 ex
1104 2949 1192 2991 more
1224 2927 1325 2991 indito
1357 2928 1572 3006 transmittite,
1605 2939 1639 2992 ut
1666 2929 1825 3015 quidquid
1857 2953 1930 2994 cum
1963 2955 2002 2995 ea

312 3047 418 3102 actum
443 3036 549 3114 fuerit,
575 3037 676 3120 possit
700 3037 769 3097 iure
806 3034 994 3096 subsistere.
1029 3031 1112 3094 Nam
1142 3055 1288 3096 noanon
1318 3030 1420 3094 solum
1445 3031 1514 3112 tibi,
1538 3032 1595 3095 sed
1619 3035 1713 3096 etiam
1739 3035 1889 3098 omnibus
1913 3037 2001 3120 quod

312 3145 430 3205 iustum
455 3140 698 3224 legitimumque
722 3138 818 3202 fuerit
844 3140 945 3223 parati
970 3159 1081 3201 smnus
1107 3137 1170 3200 deo
1195 3141 1326 3201 iuvante
1341 3161 1397 3222 per
1422 3139 1529 3200 omnia
1552 3138 1723 3219 custodire,
1749 3149 1871 3203 tantum
1899 3155 1933 3204 nt
1957 3153 2002 3221 tu,

313 3246 399 3332 quod
421 3244 492 3330 lege
517 3248 724 3330 praecipitur,
749 3245 854 3307 facere
881 3267 943 3306 non
967 3244 1104 3305 omittas.

395 3463 398 3468 ‚
472 3391 572 3444 Mansi.
597 3391 735 3446 Collectio
761 3389 869 3448 Concil.
894 3389 927 3442 T.
952 3389 988 3441 X.
1013 3397 1060 3442 str.
1086 3390 1158 3442 350.
1184 3423 1186 3428 ·

842 3572 1359 3717 ·nmmm

316 3815 418 3891 Grpur
440 3817 487 3875 11.
507 3833 592 3888 papa
615 3817 759 3886 spctntnje
783 3833 800 3872 ιι
821 3813 915 3886 sooJ'oj
933 3816 1083 3886 postumat
1101 3816 1223 3886 pisanoj
1254 3833 1328 3874 cora
1355 3817 1468 3886 Leouu,
1498 3819 1574 3874 talto
1603 3835 1639 3874 su
1672 3818 1898 3892 Loupobordii
1932 3819 2005 3877 Sor·

315 3924 397 3991 mati,
425 3919 497 4002 (ped
519 3922 620 3994 trojt'nti
640 3939 670 3978 se
694 3921 794 3978 innodo
816 3921 1013 3990 raaurnjeoott
1035 3921 1124 3992 jorni
1146 3919 1299 3998 Sloojent)‚
1322 3923 1435 3979 sonasti
1455 3923 1532 3996 prod
1552 3923 1678 3980 Ravana
1700 3925 1712 3980 i
1735 3925 1865 3994 ootttnja
1888 3925 2003 3998 mjesta.

834 4089 886 4152 Ad
911 4089 1052 4154 Leonam
1078 4091 1225 4158 lsamum
1252 4093 1477 4177 imperatorem

998 4219 1107 4288 (Ostalo
1131 4219 1334 4289 izostavljeno).

474 4390 556 4454 Tum
593 4401 626 4454 tu
657 4389 730 4453 mali
763 4388 942 4452 aetnulator
967 4379 1303 4466 missis'satellitibus,
1336 4386 1484 4450 mulieres
1517 4390 1625 4452 nescio
1649 4399 1726 4473 quot
1751 4389 1818 4453 illie
1841 4393 2001 4474 occidisti,

314 4498 494 4562 astantibus
518 4496 649 4560 utilibus
674 4497 751 4558 viris
776 4495 938 4574 Romanis,
964 4501 995 4556 et
1020 4515 1061 4556 ex
1079 4492 1224 4562 Francia,
1243 4513 1285 4554 ex
1302 4491 1466 4571 Vandalis,
1492 4515 1535 4555 ex
1557 4493 1761 4575 Mauritania,
1788 4518 1829 4558 ex
1853 4495 2000 4580 Gottbia,

274 4682 282 4693 ⁸
317 4614 350 4668 et
372 4613 406 4666 ut
428 4593 603 4686 generatim
637 4599 752 4678 dicam,
785 4622 827 4662 ax
858 4608 923 4661 toto
957 4599 1100 4660 interiori
1136 4597 1309 4660 occidente.
1340 4593 1421 4660 Cum
1448 4607 1554 4660 antem
1579 4597 1796 4679 aduenissent,
1821 4605 1909 4665 etin
1935 4607 2003 4666 suis

314 4707 501 4793 regionibus
525 4707 641 4790 singuli
678 4703 832 4769 iuuenilis
857 4715 910 4765 tua
935 4700 1135 4786 pueriliaque
1167 4700 1252 4764 facta
1284 4712 1482 4776 narrasssnt3
1515 4713 1589 4765 tune
1622 4705 1763 4787 proiecta
1796 4702 1923 4768 laurata
1945 4717 2000 4770 tua
2084 4757 2087 4762 ,

263 4797 268 4812 ’
315 4811 551 4889 conculcarunt,
577 4811 742 4874 etfaciam
777 4819 863 4872 tuam
895 4806 1114 4885 conciderunt,
1142 4827 1180 4869 ac
1210 4805 1336 4870 delectu
1370 4805 1478 4868 habito
1511 4806 1717 4890 Langobardi
1748 4819 1781 4872 et
1812 4809 1994 4890 Sarmatae,

316 4919 499 5002 caeterique
523 4918 577 5000 qui
600 4916 639 4979 ad
665 4915 926 4999 septemtrionem
953 4909 1109 4987 habitant,
1136 4913 1284 4974 miseram
1311 4910 1500 4995 Decapolim
1536 4913 1774 4976 incursionibus
1799 4913 1997 4980 infestarunt

317 5023 484 5107 ipsamque
508 5017 709 5103 metropolim
735 5017 923 5080 Rauennam
957 5024 1164 5116 occuparunt,
1191 5025 1223 5078 et
1246 5017 1356 5078 eiectis
1382 5016 1622 5099 magistratibus
1647 5019 1719 5098 tuis,
1753 5021 1899 5104 proprios
1924 5042 2002 5084 con·
2032 5109 2038 5114 -

317 5127 450 5188 stituere
474 5125 691 5207 magistratus,
723 5131 756 5184 et
780 5123 902 5184 vicinas
928 5119 1019 5183 nobis
1038 5118 1131 5181 sedes
1148 5121 1264 5202 regias,
1290 5120 1458 5206 ipsamque
1482 5119 1614 5184 Romam
1632 5123 1688 5185 sic.
1703 5131 1841 5186 tractare
1867 5125 2002 5189 studue-

319 5237 403 5310 runt,
428 5250 501 5292 cum
526 5235 559 5290 tu
583 5248 642 5288 nos
665 5224 838 5288 defendere
864 5226 993 5288 minime
1021 5225 1134 5307 possis.
1160 5234 1220 5288 etc.

478 5345 577 5400 uanas.
602 5344 738 5398 correctio
761 5343 870 5400 conen.
893 5345 926 5398 r.
951 5342 1016 5398 xn.
1040 5329 1088 5396 atr.
1114 5343 1185 5396 971.
1209 5341 1324 5396 aava:
1349 5342 1485 5396 nursam
1508 5341 1608 5413 strips.
1633 5344 1655 5397 1.
1681 5345 1710 5401 2.
1734 5351 1782 5399 nr.
1808 5345 1882 5400 noa.
