4310 5918
337 419 380 482 82

330 609 471 676 cundum
495 614 703 699 apostolicam
727 618 900 682 iussionem
927 617 1149 684 Madalbertus
1182 619 1379 685 venerabilis
1405 624 1577 709 episcopus
1599 629 1823 710 perscrutata¹
1855 629 1966 693 omnia
1990 639 2024 694 et

331 729 497 804 comperta
528 724 694 800 veraciter,
727 721 867 787 feliciter
899 727 1047 806 sanciuit,
1079 729 1123 788 ita
1156 736 1190 788 ut
1221 724 1326 790 nullus
1365 750 1505 813 unquam
1530 729 1624 794 buius
1647 730 1859 796 ordinationis
1885 733 2027 798 violator

332 825 460 898 existat,
483 848 556 890 cum
581 837 705 910 cuncta,
738 849 820 912 quae
851 827 954 914 (sunt)
979 829 1166 914 praelibata,
1202 853 1259 916 per
1293 832 1412 897 dictum
1448 837 1679 919 apocrisarium
1712 861 1845 902 romano
1878 840 2025 924 pontifici

333 929 452 996 suerint
482 942 696 1017 praesentata,
720 943 752 997 et
769 933 811 997 ab
836 957 874 998 eo
894 934 1004 998 diuina
1028 938 1218 1000 auctoritate
1242 949 1274 1000 et
1304 941 1405 1003 sancti
1431 940 1526 1023 Petri,
1551 963 1609 1027 per
1628 965 1702 1006 suas
1727 941 1849 1008 litteras
1873 955 1906 1010 st
1935 945 2027 1032 pallii

237 1025 240 1034 ¹
333 1037 486 1102 missione
508 1038 705 1104 confirmata

491 1186 520 1240 Ia
536 1187 672 1258 rukopisa
688 1187 871 1242 barberinslre
888 1188 1029 1258 linjitnice
1047 1207 1065 1242 u
1083 1189 1175 1258 Rimu,
1196 1189 1279 1245 vielra
1300 1191 1380 1245 Xlll.
1398 1191 1430 1244 ili
1445 1191 1524 1248 xlv.
1548 1191 1614 1264 Broj
1635 1195 1729 1249 alst.
1753 1202 1803 1250 atr.
1831 1197 2020 1251 rat-135.

224 1302 228 1310 ¹
333 1273 451 1329 Sravni:
475 1273 584 1330 Parlati
609 1275 688 1344 illyr.
709 1275 787 1332 Sacr.
812 1275 847 1329 Τ.
871 1275 922 1330 111.
945 1285 992 1330 str.
1017 1277 1178 1330 96-103.

1036 1568 1194 1650 xnlll.
1222 1568 1313 1652 928.
1405 1658 1413 1664 ,

331 1763 395 1824 Leo
425 1765 478 1823 VI.
498 1781 584 1838 popu
600 1764 705 1824 udaie
720 1765 871 1838 biskupom
895 1764 1069 1841 hrootslrim,
1082 1765 1283 1840 podtiujeuim
1297 1764 1513 1841 ,nucibislrapiji
1535 1769 1696 1842 mastaloni
1720 1771 1760 1828 dn
1783 1771 2025 1844 aeprelroroduja

967 1871 1061 1943 medje
1086 1871 1182 1954 soojds,
1205 1873 1387 1946 biskupijulr.

333 2041 400 2105 Leo
425 2043 596 2127 episcopus
621 2063 734 2105 seruus
760 2062 927 2104 seruorum
952 2039 1014 2124 dei,
1038 2041 1192 2106 Formino
1217 2055 1347 2106 sanctae
1390 2043 1600 2109 iaderatensis
1624 2045 1780 2110 ecelesiae
1804 2048 1967 2132 episeopo,
1992 2057 2025 2110 et

333 2148 493 2232 Gregorio
519 2157 649 2211 sanctae
674 2149 827 2211 nonensis
851 2145 1005 2210 ecelesiae
1038 2149 1198 2232 episcopo,
1217 2147 1430 2234 omnibusque
1447 2151 1608 2236 episcopis
1637 2173 1693 2236 per
1711 2149 1909 2215 Dalmatiam
1935 2174 2022 2216 com-

756 2252 965 2333 morantibus,
983 2249 1110 2314 dilectis
1134 2251 1206 2317 filiis
1230 2276 1269 2317 ac
1292 2253 1441 2317 fidelibus
1467 2255 1594 2318 nostris.

490 2426 574 2508 Quia
596 2429 736 2514 gratuita
760 2428 812 2493 dei
836 2429 1063 2514 omnipotentis
1098 2427 1318 2492 misericordia
1343 2451 1402 2492 vos
1430 2431 1467 2492 iu
1501 2429 1676 2514 episcopali
1707 2429 1810 2494 infula
1840 2433 2022 2512 constituit,

334 2533 544 2620 dignumst,
569 2545 604 2598 ut
628 2545 735 2598 vestro
761 2534 1006 2620 metropolitano
1038 2538 1168 2598 sanetae
1192 2533 1384 2618 spalatensis
1408 2533 1564 2598 ecclesiae
1588 2536 1832 2622 archiepiscopo
1857 2559 2020 2600 summam

332 2643 546 2705 reuerentiam
571 2639 726 2704 exhibere
750 2639 974 2720 delectamini,
1007 2651 1165 2725 quatenus
1198 2662 1255 2725 per
1279 2639 1421 2703 ordinem
1453 2649 1484 2703 et
1516 2663 1572 2725 per
1605 2664 1748 2706 normam
1782 2644 1924 2705 institiae
1949 2666 2022 2724 gra·

308 2746 458 2810 ‘dientes
483 2747 587 2810 securi
611 2756 644 2809 et
664 2745 825 2831 intrepidi,
858 2745 992 2809 valeatis
1024 2744 1064 2808 ad
1098 2745 1241 2808 diuinam
1274 2745 1576 2830 contemplationem
1611 2748 1790 2831 peruenire.
1824 2745 1907 2809 Nam
1942 2747 2022 2832 quid

333 2852 475 2917 deterius
498 2875 568 2916 esse
593 2854 745 2932 cernitur,
771 2873 866 2938 quam
892 2855 1063 2938 episeopus
1086 2853 1214 2936 proprio
1235 2850 1478 2936 metropolitano
1503 2851 1692 2916 inobediens
1716 2875 1796 2933 esse,
1822 2874 1895 2915 curn
1921 2855 2023 2938 scrip·

331 2967 398 3022 tum
423 2959 520 3022 sitin
542 2957 686 3020 africano
712 2957 868 3021 concilio:
894 2957 981 3020 Nibil
1011 2957 1196 3042 episcopum
1219 2967 1346 3042 praeter
1369 2958 1598 3020 conscientiam
1624 2959 1745 3042 proprii
1779 2957 2019 3043 metropolitani

329 3062 451 3149 aliquid
475 3085 571 3146 agere
596 3062 726 3125 debere.
749 3059 793 3125 Et
816 3065 841 3125 si
869 3063 913 3124 ita
937 3072 995 3142 est,
1018 3085 1090 3125 cum
1118 3063 1237 3126 scimus
1265 3065 1338 3149 quia
1363 3063 1405 3124 ita
1430 3073 1486 3144 est,
1513 3073 1547 3124 ut
1571 3061 1676 3125 nullus
1701 3065 1874 3148 episcopus
1900 3063 2022 3128 debeat

329 3170 491 3255 proprium
518 3190 611 3232 suum
638 3167 947 3252 metropolitanumq
971 3169 1138 3252 ignorare;
1175 3190 1232 3231 cur
1257 3190 1314 3231 vos
1343 3166 1574 3230 Dalmatiarum
1601 3169 1743 3252 episcopi
1777 3181 2019 3255 contemptores

330 3291 361 3338 et
385 3276 476 3359 quasi
503 3297 559 3359 per
584 3272 788 3336 latrocinium
806 3273 928 3336 alienas
947 3272 1116 3358 parochias
1134 3273 1348 3358 dirripiuntes,
1367 3275 1528 3356 usurpatis
1552 3273 1645 3337 vobis
1670 3274 1870 3360 prophanum
1890 3299 2020 3360 nomeu,

328 3381 415 3467 quod
440 3380 482 3444 ab
503 3380 645 3463 antiquis
672 3377 815 3463 patribus
846 3377 941 3442 vobis
966 3389 1127 3464 arreptum
1160 3397 1230 3442 esse
1255 3379 1404 3442 cernitur.
1428 3377 1520 3442 Unde
1547 3402 1712 3442 monemus
1744 3403 1812 3462 vos,
1846 3391 1881 3444 ut
1905 3405 2020 3448 omnes

329 3489 473 3573 episcopi
499 3487 530 3548 in
559 3486 697 3570 propriis
723 3483 877 3548 limitibus
903 3487 966 3547 sint
1000 3487 1151 3548 contenti.
1176 3484 1363 3547 Forminum
1398 3507 1534 3569 namque
1560 3507 1737 3556 monemus.
1768 3489 1813 3549 ita
1846 3509 1939 3551 suam
1966 3511 2019 3574 pa·

329 3591 471 3657 rocbiam
496 3594 646 3672 retinere,
671 3591 942 3676 quemadmodum
968 3592 999 3653 in
1024 3587 1165 3674 antiquis
1194 3591 1392 3676 temporibus
1421 3593 1555 3670 malusii,
1581 3589 1728 3654 similiter
1754 3591 1944 3656 absarensis
1969 3617 2019 3658 eo·

329 3697 447 3762 clasiae
480 3699 666 3781 episcopum
700 3705 732 3760 et
763 3695 944 3759 arbitanum
976 3705 1072 3780 atque
1104 3697 1335 3779 ragusitanum,
1360 3695 1578 3780 spalatensem
1603 3698 1699 3758 etiam
1732 3698 2016 3784 archiepiscopum

329 3805 361 3866 iu
386 3800 577 3865 (iuratorum
611 3811 696 3864 terra
728 3800 875 3864 volumus
909 3811 942 3864 ut
972 3802 1133 3886 propriam
1166 3823 1256 3863 suam
1288 3799 1530 3886 parochialern³
1561 3804 1705 3881 retineat,
1740 3803 2016 3887 quemadmodum

327 3909 504 3993 antiquitus
528 3905 709 3968 salonitana
738 3906 876 3969 ecelesia
904 3906 1072 3970 retinebat.
1102 3903 1189 3983 Quia
1213 3929 1274 3969 non
1299 3915 1404 3992 potest
1435 3906 1583 3992 parocbia
1618 3907 1700 3970 inira
1733 3931 1841 3971 muros
1874 3911 2016 3975 ciuitatis

328 4015 384 4078 scd
410 4035 467 4099 per
491 4010 667 4096 longinqua
691 4014 796 4096 spatia
813 4021 974 4075 terrarum
993 4013 1025 4074 in
1044 4010 1203 4097 plebibus,
1220 4025 1252 4074 et
1272 4011 1366 4090 villis,
1384 4029 1415 4073 et
1432 4014 1541 4092 curtis,
1558 4023 1590 4076 et
1612 4011 1776 4076 ecclesiis⁴
1792 4027 1823 4078 et
1840 4015 1870 4078 in
1898 4015 2017 4102 populo

326 4121 503 4205 antiquitus
527 4118 739 4208 determinato
765 4117 936 4203 (extendi).
961 4115 1153 4202 Gregorium
1179 4139 1255 4180 vero
1288 4117 1341 4201 qui
1377 4116 1533 4199 probitate
1568 4120 1721 4202 temporis
1754 4120 1786 4182 in
1822 4117 2017 4200 Creatorum

327 4237 411 4290 terra
434 4226 603 4310 episcopus
628 4222 760 4285 effectus
785 4233 844 4302 est,
869 4223 1084 4307 praecipimus
1109 4225 1140 4286 in
1173 4221 1241 4286 sola
1265 4221 1491 4285 scardonitana
1515 4222 1652 4287 ecclesia
1676 4225 1898 4289 tantummodo
1924 4229 2015 4290 mini·

327 4343 441 4408 strare,
468 4329 590 4393 alienas
616 4327 785 4412 parochias
805 4329 833 4390 ei
859 4329 1074 4413 praecipimus
1099 4326 1186 4392 nullo
1204 4328 1298 4392 modo
1314 4327 1450 4404 auiplius
1473 4349 1647 4413 usurpare3
1672 4329 1747 4413 quia
1764 4331 1789 4392 si
1808 4329 1931 4412 fecerit,
1948 4334 2019 4398 sine

327 4435 425 4500 dubio
449 4459 468 4498 a
494 4443 602 4498 nostro
628 4431 791 4517 pontificio
817 4435 1115 4496 excommunicatus
1140 4433 1291 4497 manebit.
1317 4432 1453 4496 Palliunr
1479 4455 1566 4514 vero,
1587 4439 1624 4496 'et
1647 4455 1738 4498 usuin
1765 4433 1860 4519 pallei
1893 4435 2013 4502 Joanni

326 4552 456 4606 sanctas
482 4537 674 4624 spalatensis
690 4537 848 4601 ecclesiae
861 4537 1115 4624 archiepiscopo,
1139 4540 1222 4602 sicut
1245 4540 1377 4624 antiqua
1394 4539 1592 4602 consuetudo
1611 4537 1680 4618 fuit,
1703 4543 1936 4606 concessimus.
1954 4539 2014 4608 Oui

283 4675 287 4682 ¹
328 4627 477 4712 volumus
498 4655 534 4710 ut
556 4655 623 4708 tota
640 4654 745 4707 mente
763 4643 931 4724 obediatis,
949 4667 1086 4730 eumque
1109 4653 1301 4708 utvestrum
1333 4656 1454 4729 patrem
1478 4647 1601 4726 ametis,
1627 4648 1703 4730 quia
1726 4655 1804 4710 tunc
1827 4646 1879 4710 dei
1908 4651 2016 4731 gratia

325 4752 472 4816 subditos
496 4749 648 4822 illuxerit,
681 4771 753 4812 curn
787 4751 855 4812 suis
886 4751 1079 4835 praepositis
1111 4771 1221 4813 curam
1259 4747 1461 4814 obedientias
1482 4749 1637 4814 exhibere
1657 4749 1868 4816 delectantur.
1895 4753 2014 4819 Arnen.

480 4933 506 4986 lz
531 4931 665 5000 rukopisa
686 4931 826 5001 knjitnice
851 4930 1033 4985 barbariuske
1057 4948 1075 4985 u
1098 4928 1190 4985 Rima.
1219 4931 1250 4985 B.
1276 4931 1370 4984 3491.
1394 4932 1441 4986 sir.
1469 4932 1540 4987 135.
1561 4949 1598 4987 sr.
1622 4931 1729 4988 Farlati
1753 4933 1900 5003 Illyricum
1925 4935 2012 4992 Saor.

323 5021 435 5083 T.‚111.
458 5027 508 5074 atr.
536 5019 609 5072 106.

325 5153 591 5172 .-----—-·

426 5228 435 5262 ¹
460 5225 569 5286 Farlati
593 5235 792 5298 perscrutatus.
822 5221 883 5280 ap,
908 5229 1121 5299 metropolitam.
1145 5225 1205 5285 ³1⁴¹.
1230 5231 1402 5302 parochiam.
1429 5221 1493 5287 Ὗ.
1518 5233 1601 5289 curis.
