4310 5918
299 376 339 442 76

291 592 375 636 uxor
397 593 470 637 mea
492 595 564 638 cum
592 576 681 660 ipsis.
695 573 963 663 Ceteranamque
987 599 1049 664 que
1070 585 1151 642 suut·
1161 578 1243 642 infra
1260 578 1354 643 domo
1372 576 1511 658 mobilia,
1529 577 1636 642 omnia
1648 598 1712 664 que
1727 575 1878 641 videntur
1900 596 1977 640 esse
2060 641 2070 668 ι

184 764 205 774 -
292 674 438 741 dluidant
457 700 567 743 omnes
589 678 644 742 lilii
673 681 735 744 me'i
753 689 784 744 et
798 679 861 746 filie
885 703 966 762 mee,
991 692 1023 746 et
1044 704 1125 746 uxor
1141 705 1213 748 mea
1229 683 1331 766 Maria
1348 705 1420 756 cum
1437 683 1525 767 ipsis.
1542 681 1585 746 Et
1601 683 1632 746 in
1651 689 1762 746 sancto
1789 679 1976 765 Grisogono

292 778 417 846 dimitto
435 785 529 848 uinea
544 805 607 868 que
624 785 686 848 emi
703 783 743 848 de
755 784 882 850 Mczulo
902 795 934 860 et
957 795 1041 850 terre
1058 808 1077 849 a
1093 786 1220 851 Duculo
1238 809 1299 875 quo
1316 767 1511 872 comparaui,
1528 795 1560 850 et
1575 808 1703 850 seruum
1721 794 1753 850 et
1768 783 1918 850 ancillam
1943 793 1978 848 et

291 892 420 952 cautum
434 890 539 972 capita
559 888 602 952 de
626 912 744 974 pecora
767 900 799 954 et
822 912 885 954 uno
909 913 1014 976 panno
1028 891 1068 955 de
1082 892 1176 955 sirico
1201 901 1232 956 et
1255 915 1318 956 uno
1333 914 1461 956 sanano.
1476 891 1514 955 In
1527 896 1637 955 sancta
1652 889 1755 956 Maria
1778 912 1842 954 uno
1866 911 1976 976 panno

290 989 330 1055 dc
347 991 452 1056 sirico.
470 992 508 1056 In
531 1003 642 1058 sancto
660 993 754 1085 Petro
783 1017 845 1059 uno
867 1018 972 1082 panno
997 997 1103 1060 sirico.
1121 995 1158 1059 In
1175 1006 1285 1062 sancto
1301 997 1426 1062 Thema
1442 1019 1505 1060 uno
1522 1017 1651 1060 sauauo.
1675 995 1712 1058 In
1744 1003 1856 1058 sancta
1886 993 1975 1061 Ana-

290 1097 388 1160 stasia
418 1119 482 1162 una
497 1119 600 1185 eoppa
616 1098 656 1164 de
668 1110 801 1183 argento
819 1110 850 1164 et
873 1122 934 1164 uno
953 1123 1057 1186 panno
1075 1101 1180 1164 sirico.
1198 1101 1342 1166 Firmino
1361 1104 1511 1187 episcopo
1530 1101 1654 1164 dimitto
1675 1098 1834 1164 cauallum
1853 1121 1972 1162 meum.

289 1199 385 1265 Petro
399 1199 534 1267 diacono
546 1202 636 1267 fratri
652 1225 721 1268 meo
736 1227 798 1268 una
815 1226 916 1290 eoppa
932 1213 1084 1289 argentea
1101 1215 1132 1271 et
1148 1205 1225 1271 sella
1239 1217 1399 1293 argentea.
1414 1204 1592 1270 Adolberto
1620 1205 1730 1270 abbati
1745 1205 1972 1267 vestimentum
2058 1267 2073 1278 ,

288 1304 329 1370 de
362 1308 524 1394 squirineo
545 1309 697 1374 inuestito
714 1331 785 1374 cum
812 1333 917 1396 panno
942 1312 1031 1374 vario
1054 1321 1085 1375 et
1109 1333 1171 1374 una
1194 1322 1267 1376 tana
1292 1313 1433 1398 soprius,
1451 1320 1482 1374 et
1509 1333 1573 1374 una
1588 1309 1669 1374 futta
1686 1308 1760 1396 (sic)
1774 1307 1814 1372 de
1840 1309 1916 1372 vino
1940 1315 1974 1370 et

288 1431 352 1473 uno
372 1410 505 1476 cauallo.
530 1411 671 1477 Johanni
695 1414 830 1479 diacono
855 1415 1059 1501 coopertorio
1086 1413 1126 1478 de
1159 1413 1241 1480 lecto
1273 1417 1400 1502 quirino
1424 1416 1575 1479 inuestito
1594 1411 1682 1478 'cum
1717 1415 1822 1494 sirico,
1848 1421 1880 1478 et
1903 1433 1970 1475 uno

288 1513 369 1580 fetro
394 1517 498 1582 iocato
520 1540 591 1582 cum
617 1521 723 1584 sirico.
749 1520 800 1584 Ad
824 1520 1008 1586 sacerdotes
1034 1521 1149 1586 dentur
1179 1543 1236 1606 pro
1270 1523 1377 1586 anima
1401 1543 1472 1584 mea
1496 1529 1623 1584 centum
1648 1520 1753 1604 capita
1777 1517 1817 1583 de
1842 1515 1971 1604 peculio

287 1627 319 1685 et
341 1630 468 1686 centurn
491 1623 598 1688 modia
621 1623 785 1708 degrano
806 1635 837 1690 et
860 1648 924 1690 una
946 1625 1026 1690 futte
1050 1625 1090 1689 de
1114 1625 1199 1708 vino,
1226 1635 1258 1690 et
1287 1635 1392 1690 cetere
1417 1647 1494 1690 oves
1517 1636 1613 1712 atque
1639 1645 1734 1709 capre
1758 1645 1820 1708 que
1844 1645 1966 1686 remau

287 1727 387 1791 serint
410 1727 526 1792 dentur
549 1751 607 1815 pro
627 1731 735 1794 anima
768 1753 849 1795 mea.
875 1730 918 1794 Et
934 1732 966 1794 in
983 1731 1118 1817 captiuis
1135 1731 1251 1795 dentur
1274 1731 1366 1796 solidi
1390 1737 1514 1795 eentum
1538 1739 1570 1823 et
1593 1751 1709 1794 nonem
1740 1725 1971 1792 venundentur

287 1839 318 1895 et
341 1831 458 1898 dentur
482 1835 755 1922 proanimamea.
775 1835 816 1899 Et
837 1858 894 1921 pro
925 1837 1033 1900 anima
1067 1859 1139 1902 mea
1162 1835 1274 1902 dimite
1295 1837 1413 1902 liberos
1438 1836 1574 1901 Murano
1599 1857 1671 1900 cum
1696 1854 1798 1898 uxore
1830 1843 1861 1896 st
1892 1829 1971 1912 filia,

286 1946 318 2002 et
342 1936 383 2002 do
408 1941 438 2004 ei
457 1941 554 2005 uinea
578 1962 640 2026 que
664 1943 850 2026 comparaui
880 1941 921 2006 de
953 1940 1165 2008 Constantino
1189 1963 1272 2026 mog.
1305 1940 1452 2006 Ominico
1483 1938 1641 2004 caltaroso
1674 1960 1747 2003 cum
1778 1957 1880 2000 uxore
1904 1936 1971 1999 sint

285 2039 389 2124 liberi.
410 2043 502 2109 Libri
526 2042 653 2110 Cosano
677 2044 744 2109 filio
770 2045 927 2130 Butirani‚
951 2047 1045 2112 Justo
1065 2069 1137 2141 cum
1164 2070 1266 2112 uxore
1290 2069 1346 2111 sua
1371 2056 1403 2110 et
1426 2057 1563 2132 quatuor
1596 2042 1663 2124 filii,
1694 2042 1760 2108 filio
1792 2040 1971 2122 Prisinucn‚

285 2145 351 2212 filio
384 2147 525 2230 Pribina,
558 2147 767 2232 Techamila,
801 2149 905 2215 Mllica
941 2151 980 2216 de
1012 2151 1156 2217 Sicirane
1189 2175 1261 2218 cum
1295 2151 1359 2216 duo
1377 2151 1458 2234 ‚filii‚
1492 2172 1575 2216 uxor
1602 2149 1782 2213 Rasiuacco
1804 2167 1877 2210 cum
1901 2145 1970 2209 filio

285 2249 473 2334 Strietecho‚
500 2245 686 2335 Semissina,
710 2254 862 2337 Zremilo‚
887 2277 998 2320 omnes
1021 2257 1072 2320 isti
1098 2257 1162 2321 sint
1195 2256 1297 2322 liberi.
1322 2253 1501 2322 Adnanello
1526 2254 1652 2318 dimitto
1675 2255 1771 2318 uinea
1795 2273 1857 2338 que
1881 2273 1970 2315 com-

284 2359 396 2442 paraui
421 2356 461 2423 de
482 2358 586 2423 Maria
610 2361 769 2424 venetica.
795 2361 838 2425 At
861 2361 924 2426 alia
948 2361 1035 2426 lassa
1067 2361 1106 2426 de
1140 2362 1235 2424 vinea
1259 2360 1378 2424 ibidem
1402 2361 1545 2447 quecmi
1569 2357 1609 2422 de
1632 2357 1783 2422 Barbaua
1807 2355 1848 2420 de
1872 2353 1970 2420 Cres·

284 2463 368 2528 coni.
390 2461 479 2527 Etsi
506 2462 574 2527 vult
595 2486 678 2529 uxor
697 2487 766 2530 mea
783 2465 886 2530 Maria
903 2467 1081 2553 portionem
1101 2489 1190 2530 suam
1209 2465 1373 2552 possidere
1405 2463 1556 2528 obseruet
1578 2463 1706 2546 lectum,
1731 2471 1763 2525 et
1786 2463 1812 2524 si
1837 2460 1971 2556 duxerit
2044 2537 2049 2544 ι

283 2567 389 2632 virum
413 2567 509 2632 alium
535 2570 642 2632 omnia
660 2570 784 2645 auferte
808 2571 849 2636 ab
872 2594 919 2654 ea,
944 2581 975 2635 et
990 2572 1075 2657 quod
1093 2571 1186 2652 absit,
1211 2573 1237 2635 si
1258 2593 1357 2634 unum
1374 2569 1414 2633 de
1430 2569 1506 2633 liliis
1530 2570 1609 2634 meis
1634 2577 1689 2632 aut
1710 2565 1793 2632 filias
1818 2565 1969 2644 obierint,

284 2693 395 2738 omnes
419 2671 536 2738 fratres
560 2676 629 2739 eius
654 2687 685 2739 et
709 2698 835 2740 sorores
864 2685 987 2762 partem
1012 2677 1153 2740 defuncti
1170 2675 1325 2740 diuident.
1342 2674 1413 2738 Heo
1429 2673 1558 2760 quidem
1582 2682 1699 2738 cuncta
1722 2670 1879 2757 prelibata
1904 2669 1968 2734 deo

282 2785 412 2842 auctore
436 2777 510 2842 volo
535 2787 568 2844 ut
591 2779 684 2843 firma
708 2789 740 2844 et
763 2779 888 2844 stabilis
920 2790 1108 2866 permaneat
1136 2790 1167 2844 et
1198 2778 1302 2844 nullus
1334 2801 1474 2866 unquam
1506 2776 1623 2842 audeat
1653 2775 1785 2840 violare
1818 2773 1969 2854 Quodsi

282 2884 354 2967 quis
378 2893 546 2968 proteruus
559 2883 653 2948 deum
670 2907 733 2949 non
754 2895 899 2949 metuens
913 2895 1019 2950 nostre
1037 2885 1230 2951 deffinicioni
1250 2886 1340 2969 parui
1357 2883 1510 2976 pendens,
1535 2883 1693 2946 contraire
1718 2878 1967 2952 voluerit'iram

283 2985 335 3052 dei
367 2989 595 3075 omnipotentis
630 2992 730 3075 patris
754 3000 786 3054 et
811 2989 867 3054 filii
891 2999 922 3054 et
946 2993 1077 3076 spiritus
1094 2993 1195 3054 sancti
1220 2991 1363 3054 incurrat
1377 2996 1408 3052 et
1434 2985 1691 3051 maledictionem
1716 3007 1735 3049 a
1760 2982 1966 3049 CCCXVIII

281 3093 383 3156 sancti
408 3101 513 3178 patres
537 3103 569 3158 et
594 3092 683 3178 lepra
699 3093 845 3158 Naaman
871 3095 945 3182 Syri
963 3094 1077 3180 plexus
1094 3092 1346 3160 inremediabilis
1371 3094 1531 3156 crucietur
1550 3102 1583 3156 et
1606 3093 1639 3154 iu
1662 3092 1840 3154 nouissitno
1863 3087 1962 3152 male·

280 3194 432 3262 dictionis
454 3219 526 3262 cum
552 3197 680 3263 diabolo
716 3208 747 3263 et
781 3201 851 3264 eius
887 3208 984 3264 tetras
1020 3201 1183 3265 ministros
1218 3222 1256 3264 ec
1288 3197 1392 3264 Judas
1427 3196 1602 3262 Scariottes
1626 3198 1659 3260 in
1681 3194 1829 3280 gehenne
1852 3195 1965 3259 faratri

279 3311 476 3367 muneretur.
1089 3316 1095 3323 '

438 3406 555 3473 Actum
580 3408 650 3488 hoc,
675 3418 819 3496 tempore
842 3409 894 3474 die
918 3409 988 3474 loco
1011 3431 1049 3474 ac
1074 3408 1206 3474 consule
1230 3419 1394 3494 utsupra.
1420 3407 1531 3472 Palam
1555 3407 1605 3471 his
1628 3405 1788 3470 testibus:

438 3511 529 3596 Sigit.
555 3513 598 3578 M.
621 3513 767 3579 Formini
782 3515 985 3598 sanctissimi
1002 3516 1154 3600 episcopi.
1173 3511 1342 3578 Odolberti
1361 3512 1481 3578 Altatii.
1504 3512 1592 3578 Petri
1614 3510 1743 3576 diaconi
1760 3513 1965 3576 commissori

278 3611 342 3676 fide
366 3613 460 3678 huius
484 3615 721 3703 descriptionis.
745 3617 836 3705 Sigil.
853 3619 897 3682 M.
918 3618 1087 3683 Prostantii
1117 3619 1190 3688 trib.
1223 3617 1435 3684 Constantino
1458 3617 1576 3701 tribun,
1601 3615 1716 3682 Vitalis
1739 3615 1815 3681 trib.
1838 3615 1965 3701 Georgi

278 3715 351 3782 trib.
375 3717 486 3783 Dabro
511 3721 582 3786 trib.
607 3721 797 3788 Anastasius
822 3723 895 3788 trib.
920 3721 1020 3788 Paulo
1044 3723 1127 3810 trib.¹

384 3821 427 3886 Et
446 3847 506 3908 ego
526 3825 692 3891 Johannes
709 3827 864 3892 diaconus
897 3830 985 3893 iussu
1002 3852 1021 3890 a
1037 3815 1312 3913 supramemorato
1329 3827 1461 3892 Andrea
1482 3829 1589 3913 priore
1614 3847 1710 3890 manu
1736 3847 1808 3890 mea
1830 3827 1964 3912 propria

278 3926 393 4010 scripsi
416 3936 514 4014 atque
538 3929 675 3995 feliciter
698 3943 769 4017 post
789 3932 939 3996 traditam
964 3931 1134 4019 compleui.
1159 3933 1275 3998 Amen.

435 4108 509 4164 Stari
533 4110 629 4182 prepis
654 4129 691 4166 na
709 4113 873 4184 pergameni
896 4114 988 4169 nalazi
1011 4132 1046 4179 se¹
1065 4133 1082 4169 u
1106 4114 1279 4183 pismobrani
1293 4115 1469 4184 zadarskoga
1484 4115 1634 4186 gubernijn
1649 4116 1744 4186 medjn
1759 4114 1843 4186 pismi
1858 4115 1961 4186 dignu-

275 4199 324 4266 tog
348 4197 500 4252 monastira
523 4217 563 4252 sv.
586 4197 747 4272 Krisogona
769 4200 823 4270 pod
847 4201 889 4256 br.
914 4201 963 4255 35.
982 4201 1075 4257 Masso
1090 4203 1128 4292 Ι5.
1153 4201 1277 4273 capsula
1299 4201 1391 4258 XVII.
1416 4233 1454 4242 -
1480 4201 1602 4274 odagora
1620 4203 1692 4258 616.

923 4547 1009 4630 XO.
1032 4549 1127 4631 cuo
1153 4570 1191 4647 g.
1218 4549 1306 4632 925.
1341 4665 1344 4672 Δ

274 4723 353 4782 Iona
375 4723 413 4784 X
435 4743 517 4798 popa
546 4744 698 4801 napoouru
729 4727 829 4800 trotio
860 4727 1039 4800 tractatopa
1073 4721 1241 4786 Tomislosu
1275 4730 1286 4786 t
1316 4726 1451 4797 Mteajta
1473 4727 1567 4784 lanoso
1589 4725 1760 4799 hamtona,
1788 4725 1845 4782 tao
1869 4725 1880 4780 i
1905 4741 1956 4782 soe

272 4827 389 4899 njtbove
407 4829 583 4902 podtoa'm'te
602 4833 678 4890 nelca
701 4831 813 4904 doouju
827 4831 1011 4903 podutavuti
1026 4832 1111 4903 sunja
1127 4833 1224 4904 djntou
1240 4850 1261 4890 u
1276 4832 1434 4890 trutinatum
1447 4831 1556 4902 jesika,
1572 4847 1591 4888 a
1606 4847 1648 4889 aa
1663 4829 1765 4902 artato
1788 4827 1954 4902 aloojenslce

601 4936 640 4994 du
663 4937 760 4995 uuedu
781 4937 915 4995 tutinslsa
937 4936 1085 5010 liturgiis,
1108 4937 1120 4993 t
1143 4937 1182 4994 do
1205 4937 1290 5008 dJ'eou
1308 4935 1456 5009 poliljoju
1480 4953 1501 4994 a
1524 4935 1629 4993 nauh.

429 5103 573 5170 Joanncs
605 5103 775 5192 episcopus
812 5129 924 5171 seruus
959 5127 1125 5170 seruorum
1160 5103 1224 5186 dei,
1255 5102 1372 5169 dilecto
1404 5103 1470 5169 filio
1494 5103 1657 5169 Tamislao
1682 5101 1892 5185 Croatorum‚
1925 5113 1960 5170 et

272 5205 422 5273 Michaeli
446 5209 718 5276 excellentissimo
731 5211 806 5276 duci
823 5207 1043 5292 Chulmorum,
1062 5232 1122 5275 nec
1141 5231 1203 5274 non
1220 5208 1491 5274 reuerendissimo
1515 5231 1554 5272 ac
1577 5196 1790 5274 sanctissimo*
1800 5208 1956 5274 confratri

273 5321 381 5378 nostro
404 5311 535 5398 Joanni‚
559 5324 690 5381 sanctae
714 5316 912 5382 salonitanae
936 5314 1093 5382 ecclesias
1128 5313 1380 5400 archiepiscopo,
1405 5313 1619 5398 omnibusque
1644 5314 1806 5400 episcopis
1838 5313 1955 5379 suffre-
