4276 5934
308 365 371 432 186

306 561 421 643 fidelis,
443 562 572 647 nobilis,
595 568 831 650 magnanimus,
856 569 986 633 nomine
1009 568 1191 655 Stephanus
1215 569 1343 643 Nicolai
1367 570 1462 654 filius,
1486 593 1582 657 quem
1606 580 1711 637 ortum
1724 573 1765 638 de
1787 571 1985 658 genealogia

308 665 504 732 Ursiuorum
528 670 680 734 comitum
704 693 743 735 ac
760 681 944 737 senatorum
969 671 1058 736 urbis
1083 696 1223 754 romane,
1249 674 1288 738 de
1313 676 1385 740 vico
1408 679 1604 742 lateranensi
1623 677 1804 759 apartibus
1822 687 1984 741 transma-

307 772 397 854 rinis,
422 763 537 838 reuera
560 779 753 860 agnouimus
774 777 852 860 fore,
877 789 909 842 et
933 789 1063 864 propter
1088 779 1250 865 quandam
1275 781 1467 845 seditionem
1500 791 1532 845 et
1566 781 1737 846 tumultum
1772 783 1858 846 iuter
1892 783 1984 867 ipsos

311 877 444 942 comites
468 887 501 943 et
523 889 688 945 senatores
712 881 801 947 urbis
826 905 959 947 romane
983 887 1152 949 suscitatas
1177 887 1328 967 exiuisse,
1353 897 1385 950 et
1409 886 1451 950 ad
1475 889 1679 970 magnificum
1698 891 1799 952 virum
1816 887 1985 952 dominum

304 979 506 1048 Hermanum
530 984 570 1050 de
593 985 729 1067 Goritia,
753 989 786 1051 in
810 989 956 1074 partibus
979 989 1151 1054 Karinthie
1175 993 1367 1055 existentem
1392 987 1530 1074 venisse,
1553 1015 1591 1056 ac
1615 991 1711 1058 tiliam
1735 1017 1827 1057 suam
1852 995 1915 1056 ritu
1939 991 1984 1058 le-

306 1086 418 1170 gitimo
443 1089 668 1154 matrimoniali
691 1092 725 1155 in
749 1114 882 1157 uxorem
908 1092 970 1158 sibi
995 1093 1138 1160 duxisse.
1163 1095 1227 1159 Hic
1250 1118 1358 1159 comes
1383 1096 1576 1182 Stephanus,
1608 1097 1779 1162 attendens
1810 1108 1843 1162 et
1875 1099 1983 1162 cousi·

306 1188 423 1255 derans
447 1193 671 1260 tribulationes
695 1205 726 1260 et
750 1198 959 1262 contumelias
982 1209 1078 1285 atque
1102 1203 1327 1285 oppressiones
1351 1204 1495 1284 gentium
1525 1201 1679 1266 antedicti
1714 1202 1850 1267 ducatus
1888 1201 1981 1267 Scla-

305 1297 400 1360 uouie
423 1319 550 1382 graues,
575 1323 707 1376 sperans
732 1323 859 1387 quoque
883 1326 917 1367 se
942 1325 1036 1388 posse
1060 1305 1138 1388 ipsis
1162 1327 1254 1390 opem
1279 1305 1509 1370 consolationis
1534 1306 1631 1388 ferre,
1648 1318 1745 1392 atque
1761 1309 1807 1371 eis
1824 1309 1857 1370 iu
1874 1306 1988 1370 huius-

305 1399 391 1464 modi
415 1402 491 1485 iugo
516 1412 548 1467 et
571 1407 780 1489 oppressione
804 1405 981 1470 miserabili
1005 1409 1201 1493 patrocinari
1223 1409 1341 1490 valere,
1373 1413 1434 1496 ipsi
1452 1433 1579 1497 quoque
1596 1414 1678 1496 parri
1697 1421 1806 1476 nostro
1827 1421 1859 1476 et
1877 1411 1985 1490 nobis,

305 1507 428 1590 totique
451 1529 551 1592 regno
576 1508 726 1590 notabile,
753 1517 850 1596 atque
874 1533 1023 1597 supreme
1046 1513 1247 1599 acceptabile
1264 1515 1454 1600 obsequium
1473 1519 1637 1580 seruitutis
1654 1517 1858 1602 impender03
1875 1519 1988 1580 missis

304 1611 412 1697 itaque
436 1612 588 1678 fidelibus
612 1615 818 1679 ambassiatis
842 1619 919 1699 suis,
943 1617 985 1681 ab
1009 1619 1122 1683 eodem
1147 1631 1238 1704 patre
1263 1631 1371 1684 nostro
1396 1623 1482 1684 circa
1505 1620 1689 1698 huiusmodi
1714 1621 1822 1685 oneris
1857 1639 1984 1684 assum·

305 1717 437 1798 tionem,
461 1721 924 1805 seruitiiqueexsecutionem,
946 1723 1074 1788 licentis
1098 1733 1130 1788 et
1151 1724 1358 1790 admissionis
1381 1725 1565 1790 facultatem
1590 1729 1773 1812 impetrare.
1811 1725 1884 1804 Qua
1917 1725 1987 1790 sibi

304 1821 422 1886 exinde
445 1822 599 1904 adhibita,
625 1823 711 1889 idem
737 1847 844 1889 comes
870 1824 1053 1912 Stephanus
1078 1851 1140 1892 non
1166 1841 1239 1914 post
1262 1829 1435 1894 multorum
1459 1831 1630 1895 decursum
1656 1831 1793 1912 dierum,
1818 1847 1987 1896 unacum

304 1947 367 1989 non
392 1927 521 1992 modica
552 1951 681 1993 suorum
713 1929 994 2016 phalangariorum
1012 1931 1055 2019 (f)
1074 1943 1269 1998 armatorum
1294 1935 1508 2018 familiarium,
1533 1945 1650 2001 terram
1678 1938 1821 2001 annotati
1852 1936 1985 2000 Alberti

305 2039 451 2115 potenter
474 2035 684 2120 animoseque
706 2036 875 2116 inuadere,
900 2047 932 2102 et
954 2040 1024 2123 ipso
1061 2039 1210 2104 similiter
1242 2062 1313 2105 cum
1345 2043 1412 2106 suis
1441 2040 1503 2104 sibi
1535 2052 1716 2122 occurente,
1750 2045 1834 2106 iuter
1865 2051 1982 2126 partes

304 2143 457 2223 utrasque
481 2137 561 2202 dure
587 2139 706 2204 diutius
730 2143 917 2206 certaminis
941 2142 1092 2207 conflictu
1116 2155 1253 2226 seruato,
1279 2146 1334 2209 ubi
1358 2155 1496 2231 quatuor
1519 2147 1621 2231 ipsius
1654 2145 1809 2232 Stephani
1840 2145 1981 2226 nobiles,

304 2240 365 2304 viri
390 2239 452 2306 sibi
476 2243 508 2306 in
533 2242 618 2309 linea
639 2248 948 2330 consanguineitatis
981 2250 1130 2333 proximi,
1164 2259 1196 2314 et
1221 2260 1345 2336 septem
1381 2253 1504 2316 strenui
1539 2251 1657 2316 milites
1685 2253 1737 2316 'sui
1771 2275 1828 2337 per
1861 2251 1986 2316 lineam

304 2344 452 2410 similiter
475 2349 692 2432 proximitatis
716 2352 900 2434 attinentes,
925 2353 1116 2436 occubuere,
1140 2356 1275 2441 ipseque
1300 2358 1332 2420 in
1356 2379 1414 2422 suo
1439 2379 1572 2442 corpore
1597 2381 1660 2422 non
1694 2379 1797 2443 pauca
1833 2357 2008 2446 suscepit.

303 2449 437 2516 vulnera
459 2455 582 2536 grauia,
615 2454 656 2519 ad
681 2455 827 2520 ultimum
851 2480 929 2522 vero
954 2459 1016 2542 ipsi
1044 2457 1179 2524 Alberto
1203 2459 1332 2525 fortuna
1356 2472 1560 2544 nouercaute,
1592 2472 1627 2526 ut
1650 2465 1774 2528 cunctis
1798 2464 1860 2525 iam
1888 2462 1989 2525 bonis

302 2563 367 2618 tam
392 2557 467 2636 suis,
493 2580 589 2644 quam
613 2558 793 2624 incolarum
817 2563 948 2626 suorum
972 2563 1153 2646 destitutus,
1177 2589 1216 2630 ac
1237 2567 1378 2632 antefato
1402 2567 1562 2648 Michoua‚
1588 2591 1648 2632 nec
1680 2591 1743 2632 non
1776 2567 1918 2642 dominio
1951 2575 1990 2630 et

303 2662 561 2744 possessionibus
582 2666 710 2750 penitus
733 2667 766 2730 in
788 2665 931 2731 fauillam
961 2668 1110 2751 redactis,
1134 2692 1193 2756 per
1215 2672 1320 2756 ipsum
1346 2674 1495 2737 comitem
1520 2671 1723 2758 Stephanum,
1747 2675 1779 2736 in
1803 2673 1989 2736 certamine

241 2809 243 2817 ·
303 2767 475 2851 campestri
499 2771 698 2853 prepotentis
723 2769 773 2834 dei
799 2773 918 2836 virtute
942 2773 1092 2838 omuibus
1116 2774 1184 2839 fere
1208 2775 1296 2840 elisis
1320 2786 1351 2840 et
1374 2776 1520 2859 deuictis,
1545 2777 1586 2842 ad
1610 2779 1643 2842 id
1673 2780 1760 2842 etin
1790 2787 1926 2858 tantum,
1950 2785 1992 2839 nt

303 2870 460 2954 quosdam
485 2895 527 2938 ex
549 2873 671 2937 eisdem
697 2875 769 2940 dira
792 2899 871 2942 nece
894 2886 1112 2963 consumptos,
1137 2877 1218 2944 alios
1242 2887 1350 2945 autem
1371 2885 1549 2968 captiuitati
1574 2881 1717 2963 traditos,
1742 2882 1886 2968 reliquos
1903 2903 1989 2945 vero

302 2975 473 3059 aufugatus
491 2976 569 3058 fore,
594 2980 817 3064 experimento
841 2983 986 3047 veritatis
1010 2982 1199 3070 perhibente
1224 2987 1384 3051 nouimus.
1416 2987 1477 3051 His
1511 2988 1660 3074 equidem
1691 2989 1738 3052 sic
1770 2985 1909 3051 feliciter
1940 2985 1987 3050 ad

301 3080 403 3163 ipsius
428 3080 548 3145 domiui
573 3092 605 3146 et
627 3085 728 3168 patris
752 3087 852 3149 nostri
877 3086 985 3164 decus,
1009 3091 1183 3174 regnisque
1207 3092 1274 3153 suis
1297 3091 1496 3156 fructuosum
1530 3093 1718 3178 profectum,
1751 3101 1784 3156 et
1815 3089 1987 3176 tranquilli

301 3194 403 3250 status
428 3187 567 3273 quietem
592 3189 624 3252 in
648 3189 797 3254 effectum
822 3190 979 3272 deductis,
1005 3194 1142 3258 eundem
1159 3194 1367 3261 nihilominus
1382 3197 1562 3278 Albertum,
1579 3199 1659 3262 alias
1676 3195 1867 3262 indomabili
1883 3193 1988 3260 corde

302 3301 543 3374 tumescentem,
570 3295 699 3380 iamque
722 3295 940 3381 permollitum
964 3308 997 3363 et
1020 3301 1209 3386 precipitem
1233 3301 1273 3365 ad
1298 3301 1397 3386 pedes
1420 3303 1522 3387 ipsius
1545 3303 1668 3366 domini
1689 3311 1721 3366 et
1745 3303 1846 3388 patris
1877 3303 1986 3366 nostri

294 3394 528 3482 collapsurum,
553 3408 585 3462 et
607 3399 649 3462 ab
672 3400 786 3464 eodem
808 3402 1061 3468 misericordiam
1084 3416 1116 3470 et
1147 3407 1275 3470 veniam
1307 3406 1347 3471 de
1377 3410 1559 3472 commissis
1591 3407 1846 3494 imploraturum,
1879 3409 1983 3490 atque

301 3500 342 3565 ad
366 3502 574 3587 prestandum
598 3504 764 3590 corporale
787 3507 1012 3589 iuramentum,
1037 3531 1078 3574 ue
1101 3511 1240 3598 amplius
1263 3533 1399 3597 reguum
1424 3514 1523 3598 patris
1554 3514 1655 3577 nostri
1688 3510 1847 3576 hostiliter
1878 3509 1984 3575 insul·

303 3615 394 3689 taret,
419 3607 537 3674 damna
560 3621 592 3674 et
615 3612 844 3696 impressiones
869 3613 981 3678 inferri
1004 3613 1113 3679 facere
1141 3616 1283 3698 deberet,
1319 3619 1397 3702 quin
1430 3619 1495 3682 imo
1529 3617 1634 3682 eidem
1669 3626 1702 3681 et
1737 3615 1835 3681 nobis
1870 3615 1987 3680 fidelia

302 3734 430 3798 semper
453 3717 586 3780 seruitia
609 3739 682 3781 cum
705 3715 905 3783 subiectione
928 3729 960 3784 et
996 3719 1180 3786 obedientia
1211 3721 1329 3804 debita,
1365 3721 1550 3808 impendere
1586 3721 1757 3802 teneretur,
1794 3743 1853 3806 per
1887 3742 1984 3785 suam

302 3817 471 3903 probitatis
495 3821 685 3886 industriam
711 3832 742 3886 et
765 3825 909 3888 virtuose
933 3823 1047 3888 militie
1069 3824 1232 3890 laudanda
1256 3849 1363 3912 opera,
1392 3825 1469 3891 licet
1498 3829 1634 3892 inuitum
1666 3824 1860 3912 compellere
1891 3823 1985 3889 fecit.

301 3920 400 3986 Plura
424 3945 561 4010 namque
585 3937 617 3990 et
640 3926 816 3992 multifaria
840 3937 933 4013 gesta
955 3927 1102 4014 preclara
1125 3931 1251 3996 sincere
1275 3930 1441 3994 fidelitatis
1471 3954 1628 3996 accensus
1661 3931 1740 4012 selo,
1772 3931 1983 3995 seruitiorum

301 4026 516 4112 acceptabilia
540 4029 704 4116 obsequia,
729 4055 792 4118 que
816 4035 1020 4120 presentibus
1043 4035 1205 4099 tediosum
1229 4035 1290 4100 fuit
1312 4057 1502 4121 propagare,
1535 4045 1643 4100 tamen
1677 4034 1907 4100 memorialiter
1944 4035 1980 4098 in

302 4132 396 4196 nobis
418 4133 585 4198 recondita
609 4135 778 4218 vehuntur,
803 4161 861 4224 per
883 4139 1021 4204 eundem
1053 4140 1219 4227 sepedicto
1255 4141 1385 4206 domino
1423 4150 1455 4204 et
1489 4142 1718 4225 patrinostro
1752 4150 1850 4225 atque
1883 4138 1982 4203 uobis

301 4235 490 4303 exhibuisse
515 4241 719 4306 meminimus
754 4243 916 4329 Respectu
941 4267 1077 4331 quorum
1097 4245 1183 4310 idem
1208 4247 1260 4332 pie
1291 4247 1444 4310 memorie
1482 4255 1573 4332 pater
1607 4255 1724 4326 noster,
1750 4245 1870 4328 insigni
1906 4266 1981 4329 spe-

302 4341 394 4406 cialis
419 4342 610 4428 dilectionis,
632 4368 728 4432 quam
752 4349 785 4412 in
810 4350 917 4414 cordis
940 4353 990 4415 sui
1013 4373 1131 4415 arcano
1155 4359 1286 4434 gestans
1309 4353 1341 4415 in
1365 4355 1470 4436 ipsum
1506 4350 1706 4437 Stephanum
1738 4351 1889 4414 comitem
1917 4350 1979 4412 fiu-

301 4457 404 4531 xerat,
428 4449 755 4539 animaduerteusque
777 4455 884 4540 ipsum
908 4456 948 4520 de
973 4455 1122 4541 originali
1147 4465 1179 4520 et
1202 4478 1360 4542 generosa
1379 4457 1469 4546 urbis
1492 4478 1624 4521 romane
1649 4466 1834 4521 senatorum
1859 4477 1982 4540 genea-

302 4550 389 4636 logia
413 4557 607 4637 surrexisse,
629 4567 660 4622 et
683 4568 747 4624 tam
773 4562 901 4624 virtutis
926 4563 1102 4646 innumeris
1125 4563 1236 4646 gestis,
1260 4559 1412 4646 claraque
1434 4560 1589 4626 fidelitate
1613 4571 1645 4625 et
1668 4561 1827 4626 industria
1850 4583 1890 4624 ac
1910 4559 1981 4623 lau·

207 4679 210 4686 ·
303 4656 403 4721 dabili
427 4663 617 4727 strenuitate
641 4665 828 4750 insignitum
853 4665 938 4747 fore3
962 4665 1002 4731 de
1018 4667 1214 4752 prelatorum
1231 4676 1263 4730 et
1278 4666 1435 4732 baronum
1452 4669 1679 4732 communicati
1696 4664 1821 4730 consilii
1839 4663 1981 4751 prouida

302 4760 542 4846 deliberatione,
566 4769 629 4852 ipsi
663 4772 771 4834 comiti
811 4769 975 4856 Stephano
1008 4794 1097 4835 arma
1132 4793 1189 4836 seu
1223 4773 1364 4856 insignia
1397 4795 1456 4837 sua
1486 4771 1617 4858 regalia,
1654 4773 1766 4856 vigore
1806 4771 1856 4834 sui
1892 4771 1981 4832 iura·

301 4871 399 4932 menti
424 4872 627 4954 presentibus
650 4873 743 4938 nobis
767 4875 806 4940 ds
830 4875 951 4941 eisdem
977 4875 1106 4961 prelatis
1130 4886 1162 4941 et
1185 4876 1371 4951 baronibus,
1394 4887 1426 4940 et
1445 4877 1617 4962 quamdam
1639 4887 1757 4942 terram
1778 4874 1904 4939 Vodiaa
1918 4896 1978 4938 vo·

301 4982 405 5037 catam
428 4975 462 5038 in
486 4976 631 5060 partibus
655 4978 859 5045 inferioribus
883 4979 1053 5046 Sclauouie
1076 4982 1108 5044 iu
1133 4983 1341 5064 contiguitate
1372 4981 1536 5047 districtus
1559 4981 1648 5046 Zane
1684 4991 1716 5046 et
1753 4980 1880 5045 Dubiea
1907 4981 1981 5042 exi·

301 5087 448 5161 stentem,
471 5079 573 5147 libero
597 5092 629 5147 et
652 5084 735 5147 iusto
759 5083 872 5150 ordine
894 5085 936 5149 ad
960 5108 1019 5150 nos
1043 5094 1075 5150 et
1098 5087 1258 5150 neminem
1281 5086 1416 5151 alterum
1438 5089 1659 5173 pertinentem,
1684 5108 1745 5150 nec
1762 5107 1825 5150 uon
1843 5095 1980 5149 etarma

302 5204 359 5248 seu
382 5186 524 5272 insignia
547 5183 751 5280 sua'regalia
774 5189 852 5255 dare
875 5200 906 5255 et
930 5193 1087 5257 conficere
1120 5189 1269 5277 policitus
1301 5193 1479 5273 extitisset3
1515 5192 1621 5258 medio
1657 5191 1798 5277 denique
1834 5189 1978 5256 noudum
