4292 5926
1764 455 1804 520 13

14 631 15 676 3
127 643 219 720 libus,
244 646 277 708 in
302 667 399 731 super
422 651 454 710 et
476 643 517 709 de
539 646 685 730 priore
712 641 873 707 Valiaa.
897 642 926 706 Ε
950 653 1061 710 contra
1085 644 1154 729 ipse
1176 643 1323 710 dicebat:
1348 645 1486 710 Habetis
1510 645 1632 710 testes?
1655 646 1726 731 Ego
1759 669 1807 710 rc·

127 750 258 834 spondi:
278 751 387 837 plures
411 759 509 814 testes
533 749 637 814 habeo
660 749 855 835 presbiteros
879 758 910 812 et
933 747 1053 835 laycos.
1079 749 1227 836 Denique
1253 751 1299 814 sic
1322 751 1547 816 iudicauerunt
1567 752 1743 838 prephatus
1758 776 1807 816 ar-

126 855 359 942 chiepiscopus,
381 855 489 921 etalii
515 857 675 941 episcopi:
700 866 735 918 ut
756 857 839 919 sicut
861 854 1040 941 presbiteri,
1066 855 1174 918 etalii
1200 857 1342 919 seniores
1375 857 1525 939 dixerint,
1558 860 1599 922 sit
1630 869 1746 933 ratum,
1775 868 1807 922 et

14 973 16 1010 t
125 960 269 1044 firmum3
292 960 379 1048 quod
403 971 436 1026 et
458 960 577 1026 factum
603 971 661 1025 est.
686 960 804 1025 Postea
830 962 1014 1046 perexinrus
1038 962 1166 1046 utrique
1190 960 1230 1024 ad
1262 971 1370 1042 testes,
1395 985 1455 1048 ego
1484 973 1516 1026 et
1549 963 1745 1042 Teobaldus,
1776 975 1808 1028 et

14 1109 15 1120 .
127 1069 269 1152 cepimus
293 1070 492 1152 interrogare
518 1066 589 1132 illos
612 1067 657 1130 ita
680 1067 841 1131 dicentes:
866 1065 948 1130 Sunt
971 1089 1082 1130 omnes
1100 1077 1184 1130 terre
1207 1069 1268 1130 iste
1294 1067 1334 1131 de
1357 1079 1467 1132 sancto
1482 1069 1627 1155 Moysen,
1652 1094 1692 1132 an
1717 1068 1806 1134 non?

14 1241 16 1250 ,
127 1171 188 1250 Qui
213 1173 382 1238 dixerunt:
407 1173 478 1238 Non
501 1196 621 1255 omnes,
645 1183 694 1238 ιιι
711 1172 912 1237 solummodo
936 1171 1042 1236 insula
1059 1195 1121 1258 que
1138 1173 1222 1236 infra
1239 1173 1419 1237 Mentem
1445 1197 1640 1258 grassum
1658 1186 1714 1256 est,
1734 1199 1806 1262 per-

14 1267 15 1314 1
127 1280 204 1342 tinet
227 1291 338 1344 sancto
362 1279 478 1367 Moysi.
503 1278 588 1345 Histi
613 1291 687 1345 sunt
710 1289 809 1344 testes
833 1281 889 1366 qui
913 1279 1182 1360 testificauerunt3
1208 1279 1368 1365 presbiter
1394 1282 1524 1362 l'onesa,
1549 1291 1580 1344 et
1604 1281 1703 1346 frater
1736 1284 1806 1345 eius

14 1387 16 1436 l
129 1382 233 1466 Belzo,
259 1384 406 1449 Pradano
430 1384 684 1466 duornicus,
707 1385 867 1471 presbiter
899 1381 1065 1449 Clemente
1097 1385 1136 1449 de
1168 1384 1366 1466 Srenina,
1399 1397 1430 1450 et
1462 1408 1573 1450 omnes
1605 1385 1807 1470 Srenani,

14 1485 16 1584 J
127 1490 175 1552 isti
199 1490 457 1555 testifieauerunt
481 1513 587 1554 coram
614 1490 800 1555 Crescentio
814 1489 1056 1577 archiepiscopo
1082 1501 1113 1554 et
1132 1491 1243 1554 Dabro
1262 1490 1397 1556 diacono
1415 1503 1446 1555 et
1462 1493 1640 1578 presbitero
1658 1492 1807 1556 Johanne

127 1594 190 1660 lilio
208 1595 328 1678 Karna,
345 1606 378 1660 et
401 1595 580 1683 presbitero
595 1597 721 1679 Vlcina,
746 1607 778 1662 et
800 1597 906 1661 Fusco
931 1597 1195 1680 iudicatore,
1219 1597 1374 1682 Nicyloro
1395 1595 1460 1662 filio
1484 1595 1576 1679 (lino,
1596 1597 1723 1662 Luoaro
1742 1597 1807 1663 filio

129 1703 270 1784 Benetie,
294 1701 423 1766 Gaudio
447 1702 574 1767 Frucci.

282 1903 312 1958 12
334 1903 464 1974 regestuh
487 1903 553 1960 Xll.
578 1903 661 1958 risle
683 1921 721 1958 na
743 1903 898 1974 prgamani,
922 1919 941 1957 u
964 1902 1136 1974 pismobrani
1156 1903 1273 1972 kaptola
1296 1903 1473 1974 splistslroga
1496 1911 1545 1958 str.
1571 1903 1622 1960 23.

836 2143 955 2224 xlv.
981 2142 1090 2224 1107.

217 2303 365 2380 Vetrcaeao
390 2307 509 2378 epatica
529 2307 640 2378 capuae
662 2323 699 2402 aa
723 2310 875 2364 samostan
898 2323 940 2364 su.
967 2306 1080 2378 Mortis
1102 2323 1122 2362 ιι
1147 2303 1250 2362 Zadra
1272 2306 1358 2376 acjctc
1380 2306 1481 2378 aemh'e
1503 2325 1524 2365 ιι
1549 2305 1691 2368 Obrovcu.

280 2447 374 2508 Anno
399 2444 559 2508 dominice
583 2445 816 2508 incarnationis
839 2441 1006 2505 millesimo
1031 2443 1205 2504 centesimo
1230 2443 1376 2526 septimo.
1401 2441 1472 2526 Ego
1498 2441 1670 2529 Voasnega
1703 2445 1801 2510 abba·

127 2556 202 2616 tissa
225 2564 335 2616 sancte
358 2551 471 2633 Maris,
496 2552 682 2637 comporaui
707 2563 809 2614 terras
833 2552 864 2613 in
891 2548 1028 2612 Brauizo
1052 2571 1072 2610 a
1105 2559 1194 2629 parte
1225 2547 1385 2632 aquilonis
1418 2549 1507 2612 iuxta
1538 2551 1652 2631 riuum,
1684 2575 1704 2613 a
1735 2555 1806 2615 riuo

129 2659 291 2745 usquead
317 2659 442 2741 siluam,
466 2681 485 2722 a
507 2657 641 2722 muralis
666 2657 919 2721 occidentalibus
945 2655 1111 2740 usquead
1137 2665 1252 2718 terram
1280 2655 1401 2738 Prisne,
1426 2677 1488 2742 que
1513 2667 1563 2720 est
1586 2679 1671 2721 nunc
1700 2660 1806 2722 sancti

17 2758 23 2859 ζ
129 2763 277 2846 Platonis,
302 2767 333 2827 in
357 2763 490 2828 australi
515 2775 614 2850 parte,
639 2785 658 2826 a
682 2762 844 2848 Stephano
869 2762 1047 2843 Driscsuia,
1072 2761 1138 2826 filio
1163 2759 1315 2823 Desimiri
1338 2761 1528 2845 perdecem
1553 2760 1674 2826 solidos
1699 2786 1805 2827 coram

17 2892 22 2936 ι
127 2869 175 2934 bis
197 2871 350 2936 testibus:

281 2977 423 3061 Sergius,
446 2979 599 3040 nonensis
624 2997 741 3058 comes,
765 2977 867 3040 testis.

281 3083 422 3146 Bratona
446 3083 631 3163 duornicus,
653 3084 754 3145 tostis.

283 3189 401 3253 Paulus
425 3189 696 3275 archipresbyter.

282 3295 386 3358 Mario
412 3295 669 3359 archidiaconus.

280 3401 397 3480 Missa,
422 3401 521 3465 irater
544 3402 698 3486 episcopi.

282 3508 421 3572 Pratona
446 3509 616 3593 presbyter
640 3515 749 3570 sancte
775 3503 927 3567 Barbare.

282 3613 416 3694 Sdebor,
439 3613 591 3678 ,Peninna
615 3612 763 3692 Drisoeu,
788 3613 1045 3694 consanguineus
1070 3608 1233 3694 Stephani,
1259 3611 1360 3672 testis.

283 3721 483 3802 Nosdronna‚
509 3719 699 3783 staresinna.

281 3826 440 3890 Martinus
465 3826 693 3906 subdiaconus,
718 3825 803 3888 lilius
827 3821 1097 3908 archipresbiteri.

281 3934 424 4014 Radoan,
449 3931 534 3996 filius
559 3931 698 3996 Drusen.

282 4039 436 4120 Desinna,
460 4037 545 4101 tilius
569 4035 738 4116 Vidomiri,
763 4033 989 4113 subdiaconus,
1015 4035 1115 4096 testis.

281 4145 324 4210 Et
347 4169 406 4230 ego
431 4145 609 4228 Gregorius
633 4145 803 4228 episcopus
828 4143 940 4225 scripsi
964 4149 994 4203 et
1020 4142 1110 4201 testis
1135 4160 1215 4200 sum.

282 4251 323 4314 Et
344 4275 405 4335 ego
429 4249 594 4314 Johannes
613 4249 796 4335 jadertinus
821 4249 965 4310 notarius
989 4256 1024 4307 ut
1047 4246 1078 4308 in
1104 4243 1241 4328 quadam
1267 4243 1390 4306 cartula
1413 4267 1494 4330 pens
1529 4255 1697 4310 corisumta
1723 4247 1801 4328 vidi,
1841 4321 1845 4330 Ι

281 4381 384 4443 neque
407 4357 528 4437 addidi,
553 4378 658 4442 neque
682 4356 791 4436 minui,
816 4355 928 4439 scripsi
954 4352 1024 4415 hec.

277 4557 306 4614 la
329 4557 476 4630 sapisnika
500 4563 661 4612 samostans
684 4573 724 4609 ss.
748 4555 849 4625 Marije
872 4573 891 4608 u
914 4553 1018 4609 Zadru.

853 4795 945 4880 XV.
972 4793 1082 4878 1107.

138 4963 278 5051 Velienses
300 4971 418 5048 epatica
438 4967 550 5044 tcapujc
571 4983 609 5030 aa
631 4965 783 5026 somostoa
806 4981 848 5024 su.
873 4961 988 5033 Martie
1012 4979 1032 5018 ιι
1056 4957 1160 5018 Zadra
1187 4957 1273 5030 mese
1304 4957 1405 5030 acmhe
1436 4955 1512 5016 Lete
1547 4973 1569 5014 a
1602 4955 1734 5016 Obroocu
1769 4955 1806 5014 ott

572 5074 705 5148 Gjurone
728 5072 800 5130 iod
828 5071 973 5143 Vclecacpc
996 5067 1151 5138 nedabinje
1174 5064 1353 5137 Radonjaoc.

278 5219 349 5308 Ego
373 5218 553 5302 Vekcnega
576 5214 740 5278 abbatissa
760 5215 869 5273 sancte
894 5205 995 5268 Maris
1020 5203 1203 5288 comparaui
1230 5213 1332 5263 terras
1354 5201 1386 5262 in
1412 5199 1537 5262 Brauzo
1561 5221 1580 5261 a
1603 5197 1733 5261 Zurona
1761 5197 1796 5259 fi-

133 5321 467 5412 liastroMaaogomile,
493 5325 524 5387 in
550 5343 612 5385 uno
637 5319 716 5402 loco,
742 5315 797 5381 ubi
820 5313 1059 5393 Lessedicitur,
1083 5333 1140 5396 pro
1165 5306 1220 5371 VI.
1241 5307 1425 5370 romanatis.
1442 5303 1486 5368 'In
1512 5303 1693 5367 testimonio
1714 5301 1799 5366 er-
