4310 5918
617 655 761 740 nult.
787 659 880 741 949.
907 658 967 742 21.
994 654 1174 758 vellate.
1205 655 1415 759 Ualrstn.

166 853 351 915 Grad'Trst
373 855 546 928 outuptjitje
568 816 604 914 aa
615 855 702 928 iapod
727 854 834 912 obturati
859 853 985 925 biskupu
1013 855 1026 911 i
1056 853 1176 925 taptota
1208 851 1399 928 tretanstoqa
1429 871 1467 912 aa
1495 857 1559 912 517
1567 851 1610 932 'ln
1632 855 1759 956 marton
1790 857 1856 930 toja

164 961 285 1020 morade
312 961 419 1034 ptatttt
451 961 558 1032 bistrup
589 977 610 1018 a
641 961 697 1018 ime
731 960 811 1032 daea
844 959 917 1018 tiata
948 957 1081 1018 Dantetu
1110 959 1233 1018 Dauidu
1255 961 1283 1020 ta
1307 957 1420 1031 dorice,
1444 960 1494 1032 Ιεο]ο
1516 977 1566 1018 oue
1589 979 1677 1020 novce
1696 961 1808 1034 posuer·
1829 979 1852 1020 u

269 1067 377 1126 ariane
399 1067 600 1137 naemuunja
620 1064 775 1138 susjedm'lt
797 1064 935 1124 arrodat
963 1067 992 1123 ta
1015 1063 1219 1136 Korontanije
1241 1064 1253 1122 ι’
1275 1064 1619 1140 sbvenako-brvutakoya
1641 1067 1753 1128 Kroaa.

328 1235 423 1300 Anno
446 1235 487 1300 ab
511 1236 749 1300 incarnatione·
764 1234 885 1298 domini
920 1231 1239 1299 DOOOOXLVIIH.
1273 1235 1391 1298 mensis
1426 1235 1580 1300 februarii
1606 1237 1659 1302 die
1684 1235 1778 1302 XXI.
1803 1238 1850 1302 in·

167 1340 311 1406 dictione
347 1341 403 1406 lv.
441 1339 532 1428 (Vll)
564 1339 700 1404 testibus
736 1339 948 1426 infrascriptis
984 1336 1215 1424 praesentibus.
1253 1337 1410 1404 Nouerint
1444 1343 1586 1406 uniuersi
1620 1341 1681 1406 hoc
1716 1344 1852 1428 primum

166 1451 415 1510 instrumentum
451 1447 635 1532 inspecturi,
672 1444 757 1532 quod
793 1444 990 1510 reuerendus
1026 1455 1118 1531 pater
1149 1443 1298 1510 dominus
1328 1445 1473 1510 ‚loannes
1513 1449 1719 1512 miseratione
1742 1446 1854 1512 diuina

166 1553 341 1638 episeopus
365 1565 396 1615 et
420 1551 540 1615 domini
562 1549 595 1614 Η
629 1549 780 1632 decanus,
809 1552 955 1614 canonici
980 1573 1091 1615 omnes
1116 1560 1148 1614 et
1170 1549 1345 1636 capitulum
1382 1549 1539 1616 ecclesiae
1575 1553 1770 1638 tergestinae
1794 1575 1852 1639 pro

168 1681 204 1722 se
229 1659 309 1743 ipsis
336 1669 368 1721 et
390 1657 631 1722 successoribus
660 1679 770 1720 eorum
787 1659 926 1736 nomina,
952 1679 990 1720 ae
1014 1680 1070 1742 pro
1104 1655 1239 1720 utilitate
1267 1655 1372 1721 dictae
1407 1655 1572 1738 eeclesiae,
1598 1659 1800 1744 episcopatus
1818 1667 1863 1728 ¹et-

166 1762 310 1849 capituli,
340 1762 415 1828 binc
445 1761 521 1826 inde
551 1761 667 1828 dantes
700 1785 867 1826 assensum
902 1785 944 1828 ex
977 1785 1041 1826 nna
1062 1771 1159 1848 parte,
1183 1771 1216 1826 et
1238 1761 1387 1826 dominus
1422 1761 1537 1827 Petrus
1568 1761 1724 1828 Bernardi
1757 1762 1856 1828 infra·

163 1871 305 1953 scriptus
339 1867 491 1954 syndicus
529 1879 728 1955 procurator,
764 1878 796 1931 et
831 1870 1005 1933 massarius
1041 1869 1278 1932 communitatis
1314 1880 1345 1931 et
1380 1865 1489 1954 populi
1530 1869 1669 1932 ciuitatis
1694 1867 1853 1954 Tergesti,

157 1995 264 2059 super
288 1972 501 2060 infrascriptis
525 1995 568 2038 ex
591 1972 701 2038 altera.
739 1971 989 2038 Considerantes
1011 1973 1181 2038 utilitatem
1219 1983 1251 2037 at
1285 1983 1403 2036 statum
1438 1973 1545 2037 dictae
1576 1973 1743 2057 ecclesiae,
1773 1975 1855 2060 epis·
1902 2023 1911 2040 Ι

166 2089 300 2164 copatus
330 2089 361 2142 et
394 2078 534 2165 capituli,
568 2089 600 2143 et
631 2102 744 2166 paoem
776 2081 859 2142 inter
888 2089 1003 2165 partes,
1039 2090 1071 2142 et
1101 2099 1269 2142 remouere
1293 2077 1447 2142 scandala
1471 2086 1504 2142 et
1527 2099 1652 2142 errores
1677 2081 1854 2144 existentes

168 2186 251 2247 inter
274 2185 472 2270 episcopum,
498 2187 680 2268 canonicos,
718 2183 902 2272 capitulum,
939 2193 970 2248 et
1002 2181 1171 2248 ecclesiam
1196 2205 1238 2247 ex
1261 2205 1324 2248 una
1348 2193 1449 2269 parte,
1474 2191 1505 2248 et
1529 2183 1650 2248 dictum
1684 2205 1854 2248 commune

167 2302 200 2353 et
230 2288 383 2375 populum
416 2312 457 2354 ex
489 2290 597 2372 altera,
623 2302 655 2354 et
687 2311 801 2354 cauere
827 2289 866 2353 de
898 2287 1025 2370 futur03
1058 2311 1096 2353 ac
1119 2287 1245 2371 damna,
1265 2289 1416 2374 pericula,
1442 2301 1473 2354 et
1497 2285 1582 2353 mala
1608 2305 1744 2354 occursu
1770 2311 1853 2374 quae

166 2404 304 2480 possunt
327 2415 495 2458 occurrere
521 2397 668 2480 posteris,
693 2409 725 2458 et
746 2395 854 2459 debita
878 2417 996 2477 eorum,
1023 2403 1054 2458 et
1088 2395 1193 2460 dictae
1229 2394 1394 2478 ecelesiae,
1421 2395 1594 2482 inquibus
1619 2405 1695 2458 sunt
1718 2393 1852 2480 obligati

168 2497 298 2564 Danieli
325 2499 431 2564 David
451 2500 546 2564 iudeo
571 2499 611 2564 de
635 2499 762 2564 Goritia
785 2501 911 2564 tinctori
941 2499 1102 2584 Tergesti,
1126 2511 1160 2564 ut
1185 2509 1273 2586 patet
1296 2501 1543 2564 instrumentum
1566 2499 1731 2586 publicum
1756 2521 1854 2562 manu

166 2603 304 2668 Joanuis
325 2603 440 2690 Longi,
465 2619 497 2669 et
521 2607 626 2670 usuris
660 2607 862 2670 currentibus
887 2605 1018 2686 eisdem,
1054 2627 1298 2691 quaesumma
1328 2605 1477 2670 ascendit
1500 2628 1572 2670 cum
1597 2607 1853 2690 usuriis,'usque
1893 2629 1895 2642 ·

168 2709 208 2774 ad
235 2733 377 2774 inensem
404 2721 616 2795 praesentem,
641 2712 682 2776 ad
707 2733 864 2775 summam
895 2710 1095 2776 marcharum
1120 2712 1262 2796 quinque
1287 2722 1415 2775 centum
1440 2710 1551 2775 decem
1578 2720 1610 2774 et
1633 2721 1754 2796 septeni
1781 2733 1853 2774 cum

169 2815 313 2896 dimidia,
338 2839 421 2903 quae
456 2819 603 2902 pecunia,
639 2817 790 2881 videlieet
827 2815 1052 2880 inarcharum¹
1085 2817 1356 2904 quinquecentum
1389 2816 1451 2880 fuit
1482 2815 1634 2902 expedita
1668 2817 1700 2879 in
1729 2837 1856 2900 guerra,

168 2943 266 2984 causa
290 2920 478 2986 defensandi
516 2921 599 2986 bona
631 2945 740 2987 eorum
765 2935 797 2988 et
819 2906 924 2987 dictae
959 2921 1115 2987 ecelesiae
1147 2933 1258 2987 contra
1287 2933 1399 3006 gentes
1420 2921 1542 2986 domini
1566 2922 1658 2986 ducis
1686 2919 1856 2986 Kariutiaa

168 3038 200 3090 et
223 3027 320 3090 etiarn
341 3026 420 3091 alios
442 3029 563 3114 piratos
587 3027 628 3092 de
652 3025 762 3093 (lassis
786 3038 817 3092 et
839 3029 1014 3104 robatores,
1040 3029 1096 3112 qui
1129 3051 1244 3114 magno
1269 3040 1421 3114 tempore,
1446 3030 1542 3114 ipsos,
1569 3027 1654 3092 bona
1678 3049 1799 3108 eorum,
1823 3037 1855 3090 et

169 3131 327 3196 eeclesiae
363 3132 602 3214 destruxerunt,
632 3143 664 3196 et
694 3133 864 3198 destruunt
890 3136 1066 3214 annuatim,
1091 3145 1127 3197 ut
1149 3133 1298 3198 omnibus
1326 3143 1375 3198 est
1400 3135 1604 3198 manifestum
1630 3132 1670 3197 de
1692 3131 1856 3219 partibus;

169 3237 213 3301 ita
236 3236 325 3324 quod
357 3240 428 3324 ipsi,
461 3251 493 3304 et
522 3239 609 3304 bona
631 3239 786 3304 ecclesiae
810 3262 894 3327 quase
917 3241 957 3303 ad
990 3239 1123 3304 nihilum
1146 3239 1316 3322 deueuere,
1346 3249 1379 3303 et
1402 3239 1652 3319 considerantes,
1683 3237 1769 3323 quod
1795 3239 1857 3301 nisi

170 3343 229 3428 ipsi
256 3343 385 3407 Danieli
414 3344 519 3408 David
544 3345 703 3431 usquead
723 3369 866 3410 mensem
885 3347 959 3410 maii
978 3357 1063 3411 esset
1079 3346 1217 3411 solutum
1235 3345 1275 3409 de
1298 3347 1409 3430 pactis,
1436 3343 1567 3409 caderet
1590 3366 1662 3408 cum
1687 3341 1856 3408 fideiusso·
1905 3361 1914 3373 ·

170 3449 259 3512 ribus
285 3451 352 3512 suis
371 3449 411 3512 ad
430 3471 568 3535 paenam
594 3449 694 3538 dupli,
715 3461 935 3537 etpensantes
952 3452 1116 3516 erroribus
1139 3461 1171 3517 et
1192 3450 1362 3532 scandalis,
1381 3453 1435 3536 qui
1460 3449 1549 3514 fuere
1573 3462 1605 3514 et
1629 3471 1748 3513 venere
1772 3451 1857 3513 inter

99 3581 111 3606 ·
171 3553 272 3618 dictas
297 3567 406 3640 partes
427 3577 485 3642 pro
509 3554 723 3642 infrascriptis
750 3555 883 3638 iuribus,
907 3580 990 3644 quae
1014 3579 1182 3622 commune
1208 3579 1335 3642 semper
1358 3556 1463 3620 tenuit
1487 3577 1560 3619 eum
1585 3553 1765 3640 priuilegiis
1800 3575 1855 3618 au-

111 3671 121 3678 ’
172 3664 298 3725 tentieis
323 3682 528 3726 romanorum
554 3665 793 3748 imperatorum,
826 3665 857 3726 in
888 3664 1006 3750 quibus
1042 3661 1288 3749 plenalibertas
1313 3663 1359 3725 eis
1380 3683 1535 3725 concessa
1560 3681 1630 3724 esse
1654 3659 1801 3741 videtur;
1824 3669 1858 3724 et

171 3765 421 3844 considerantes,
446 3767 531 3854 quod
567 3769 638 3854 ipsi.
664 3753 864 3850 etecclesia,
895 3777 927 3832 et
950 3769 1034 3833 bona
1067 3791 1177 3832 eorum
1202 3770 1234 3831 in
1259 3775 1448 3854 perpetuum
1473 3788 1530 3852 per
1554 3787 1723 3830 commune
1748 3775 1779 3829 et
1800 3785 1855 3850 po-

172 3870 278 3956 pulum
305 3872 411 3936 dictae
432 3873 572 3937 ciuitatis
597 3871 711 3938 melius
735 3889 830 3958 quam
856 3873 1029 3959 paraliam
1056 3897 1226 3960 personam
1251 3876 1390 3959 poterint
1418 3872 1547 3936 vardari
1570 3883 1602 3935 et
1625 3870 1796 3950 defensari,
1822 3879 1854 3934 et

171 3998 212 4039 ex
232 3975 306 4040 aliia
331 3979 424 4042 iustis
448 3981 554 4044 musis
578 3977 742 4064 pluribus3
768 3979 823 4042 diu
848 3989 879 4042 et
902 3978 966 4064 diu,
991 3990 1023 4044 et
1047 3979 1166 4066 pluries
1202 3980 1365 4042 intereos
1390 3976 1500 4042 habito
1525 3986 1743 4062 pensamento,
1768 3977 1854 4039 etin

171 4081 320 4168 capitulo,
346 4091 379 4149 et
401 4091 503 4165 extra,
528 4081 648 4169 pluries
670 4083 932 4149 deliberauerunt
957 4107 1012 4170 pro
1037 4085 1161 4149 meliori
1187 4083 1322 4148 utilitate
1360 4081 1516 4146 ecclesiae
1552 4080 1747 4166 reportanda
1781 4102 1852 4144 cum

115 4257 119 4262 ,
172 4187 209 4251 da
232 4187 450 4275 infrascriptis
474 4189 598 4254 iuribus
622 4187 721 4254 nichil
746 4189 786 4254 de
812 4189 991 4254 redditibus
1015 4190 1197 4276 pertinebat
1222 4190 1262 4254 de
1285 4189 1333 4252 his
1358 4210 1442 4273 quae
1467 4186 1643 4273 possident,
1667 4185 1723 4249 sed
1748 4186 1855 4272 potius

171 4293 288 4357 damna
310 4295 464 4380 ipsorum,
497 4307 530 4361 et
560 4319 685 4361 errores
716 4295 823 4361 facere
855 4295 1067 4382 infrascripta,
1093 4297 1195 4361 etsie
1220 4295 1338 4360 ibidem
1364 4295 1425 4379 ipsi
1450 4293 1571 4357 domini
1597 4294 1778 4377 episcopus,
1802 4289 1856 4354 de·

171 4420 278 4478 caum,
315 4401 462 4464 canonici
494 4411 526 4465 et
555 4400 730 4487 capitulum
763 4403 953 4496 iurauerunt
983 4404 1076 4466 tactis
1109 4400 1300 4486 euangeliis,
1330 4399 1415 4486 qnod
1450 4420 1489 4463 ea
1520 4397 1696 4462 credebant
1718 4395 1801 4460 bene
1824 4406 1857 4460 et

170 4504 291 4570 utiliter
312 4503 429 4586 facere,
454 4515 486 4568 et
509 4528 582 4571 esse
605 4506 782 4592 expediens
807 4529 864 4592 pro
888 4505 1035 4588 ecclesia,
1062 4517 1096 4570 ut
1116 4505 1237 4570 dictum
1262 4515 1311 4569 est
1333 4527 1440 4592 supra.

327 4607 394 4696 Ipsi
418 4609 541 4675 domini
563 4613 745 4698 episcopus,
770 4611 922 4694 decanus,
951 4613 1094 4677 canonici
1116 4633 1227 4676 omnes
1245 4609 1298 4674 hic
1316 4619 1511 4697 praesentes,
1529 4619 1561 4673 et
1577 4608 1751 4695 capitulum
1778 4629 1854 4672 con·
1925 4631 1931 4644 ‘

170 4713 310 4779 corditer
334 4715 574 4797 consentiendo,
598 4727 630 4782 et
652 4716 800 4782 faciendo
824 4717 1039 4803 infrascripta,
1064 4726 1095 4781 et
1117 4739 1215 4802 super
1250 4726 1459 4803 pensamento
1483 4717 1572 4803 prius
1596 4714 1707 4780 habito
1731 4713 1853 4780 dudum

170 4823 343 4886 reseruatis
369 4823 425 4902 eia,
450 4833 483 4886 et
517 4821 683 4888 ecclesiae.
710 4821 817 4888 Primo
837 4821 1059 4888 iurisdictione
1084 4821 1255 4908 spirituali,
1273 4823 1385 4903 vineis,
1403 4823 1535 4908 campis,
1557 4821 1667 4906 pratis,
1692 4819 1851 4898 domibus,

171 4949 253 5012 quae
277 4949 364 4993 nunc
386 4926 507 4993 habent
529 4929 561 4992 in
585 4930 718 4994 ciuitate
734 4928 896 5014 Tergesti,
921 4937 953 4994 et
975 4929 1045 4994 eius
1069 4927 1227 5012 districtu,
1249 4927 1302 4992 vel
1317 4929 1527 5013 imposterum
1552 4935 1701 5012 poterunt
1725 4924 1854 5004 babere,

171 5045 202 5100 et
224 5036 323 5100 etiam
346 5045 440 5100 extra
463 5034 657 5100 districtum.
742 5099 746 5109 ,

278 5285 288 5320 ¹
311 5289 412 5346 Marka
445 5291 574 5364 oglajaks
606 5291 721 5348 vriedila
741 5292 773 5364 je
795 5308 814 5346 u
838 5309 893 5347 ono
916 5290 991 5348 dcba
1015 5292 1032 5346 9
1059 5291 1139 5362 lirab,
1165 5292 1182 5348 6
1207 5289 1307 5348 soldab
1329 5289 1338 5344 i
1363 5289 1380 5345 8
1407 5285 1570 5364 bagatinsh.
1595 5285 1745 5342 Dianaest
1768 5282 1853 5358 baga-

170 5376 245 5434 tinalr
267 5401 311 5426 ει
331 5379 467 5452 jednomu
490 5381 611 5437 soldius.
1949 5371 1962 5376 ’

1675 5437 1679 5446 ’
1730 5469 1750 5516 e
