4300 5930
1779 313 1842 379 133
1899 253 1904 268 ι

23 593 24 596 ¹
149 498 290 566 facilem
316 499 453 588 prebere
476 521 654 584 assensum,
679 509 712 564 et
734 507 811 565 vota
834 519 938 586 quea
968 497 1101 562 rationis
1132 499 1259 563 tramite
1290 521 1351 563 non
1385 499 1582 582 discordant,
1616 503 1730 568 effectu
1766 527 1839 591 pro·

150 616 317 692 sequente
336 605 507 694 complere.
532 605 582 673 Ea
604 614 736 692 propter
759 603 868 669 dilecti
891 605 925 668 in
949 603 1078 668 domino
1102 603 1169 684 filii,
1195 609 1313 670 vestris
1339 605 1609 692 postulationibus
1640 619 1731 694 grato
1762 634 1836 677 cun-

152 722 330 776 currentes
352 734 498 792 assensu,
524 709 633 776 villam
659 709 780 797 Signye
797 734 816 774 a
832 709 1023 774 charissimo
1039 711 1072 772 in
1094 708 1213 774 christo
1231 709 1297 776 lilio
1316 720 1425 776 nostro
1441 711 1521 776 Bela
1537 712 1652 778 illustri
1670 714 1838 801 Hungarie

28 835 36 848 ·
149 837 248 902 rege,
273 839 345 882 cum
370 816 520 882 omnibus
547 817 753 903 pertinenciis
778 815 831 902 pia
855 815 963 879 domni
988 823 1095 878 vestre
1117 813 1308 880 liberalitate
1334 817 1459 900 collata,
1483 840 1556 883 cum
1580 819 1718 885 ccclesia
1735 825 1836 889 saneti
1885 863 1887 868 .

151 920 305 1006 Georgii,
331 932 363 986 et
385 920 535 986 omnibus
559 923 672 1008 quein
697 919 810 985 eodem
830 919 900 985 loco
921 919 962 984 de
986 918 1158 984 donatione
1183 923 1272 1006 regia
1297 920 1531 987 rationabiliter
1547 923 1727 1009 possidetis,
1744 925 1838 991 vobis

156 1037 193 1091 et
219 1027 464 1094 successoribus
490 1029 605 1092 vestris
629 1025 806 1114 apostoliea
830 1027 1020 1090 auctoritate
1044 1024 1282 1094 confirmamus.
1307 1025 1396 1092 Nulli
1419 1049 1496 1112 ergo
1521 1031 1650 1094 omnino
1674 1029 1838 1098 hominum

157 1131 261 1197 liceat
285 1131 367 1197 hane
391 1133 540 1220 paginam
564 1141 672 1196 nostre
696 1131 950 1195 confirmationis
982 1131 1169 1216 iufringere,
1202 1129 1253 1196 vel
1286 1133 1316 1198 ei
1347 1155 1427 1198 ausu
1459 1136 1630 1200 temerario
1663 1138 1833 1201 contraire.

153 1239 192 1303 Si
217 1240 291 1326 quis
314 1249 420 1304 autem
444 1237 505 1302 hoc
528 1247 687 1302 attentare
718 1239 937 1324 presumserit,
974 1237 1227 1322 indignationem
1257 1239 1486 1325 omnipotentis
1520 1239 1572 1302 dei
1605 1249 1637 1305 et
1668 1240 1835 1306 beatorum

155 1342 248 1410 Petri
270 1353 301 1410 et
324 1343 414 1432 Pauli
438 1343 657 1430 apostolorum
683 1345 761 1423 eius,
794 1365 829 1408 se
867 1345 993 1408 nouerit
1029 1345 1244 1408 incursurum.
1269 1343 1400 1410 'Datum
1438 1343 1566 1409 Verona
1601 1345 1644 1410 X.
1680 1345 1837 1412 kalendas

156 1447 354 1515 decembris.

313 1612 405 1684 cher.
430 1612 525 1670 (lodex
548 1605 627 1686 Dipl.
652 1613 685 1668 R.
710 1614 805 1684 flung.
830 1612 858 1667 ll
891 1619 940 1672 str.
967 1613 1038 1669 204.
1062 1613 1146 1670 leffe.
1172 1615 1398 1674 1184—1185.
1421 1617 1471 1673 22.
1492 1617 1562 1675 Nos.

687 1907 901 1990 onxxx.
928 1906 1034 1990 nse.
1063 1907 1099 1990 u
1127 1907 1308 2011 spnstu.

158 2089 251 2148 Pater
273 2088 450 2162 mousson,
473 2090 485 2148 s'
508 2088 628 2148 crkvsm
650 2089 738 2146 schor
760 2087 903 2162 apljstslsi,
922 2085 1101 2160 pctvrdjuiu
1124 2088 1302 2148 besonticam
1332 2085 1497 2168 enectis
1529 2091 1620 2164 malou
1649 2091 1735 2162 datu,
1764 2093 1837 2166 toja

425 2211 465 2270 tm
489 2211 607 2271 moratis
628 2211 732 2270 dovoti
754 2211 842 2270 aucte
863 2211 970 2284 podius
990 2229 1032 2270 aa
1054 2212 1153 2285 satra,
1178 2214 1331 2272 somostcn
1353 2228 1395 2271 ευ.
1421 2210 1577 2287 sospena.

318 2403 432 2468 Petrus
463 2403 514 2468 dei
552 2404 656 2488 gratia
692 2401 955 2487 archiepiscopus
989 2399 1125 2466 ecclesie
1156 2399 1360 2486 spalatensis,
1393 2399 1543 2466 omnibus
1581 2401 1622 2468 ad
1659 2425 1739 2490 qnos
1777 2408 1837 2471 hec

159 2510 282 2596 scripta
306 2511 521 2595 peruenerint,
546 2507 681 2572 salutern
706 2511 738 2572 in
763 2507 904 2572 domino.
929 2503 1090 2586 Quoniam
1115 2514 1183 2569 etas
1207 2504 1302 2570 huius
1327 2504 1427 2570 seculi
1444 2515 1599 2593 perpetuo
1615 2530 1711 2574 cursu
1731 2510 1836 2576 instar

157 2613 301 2678 fluminis
324 2613 494 2695 delabitur,
520 2623 552 2678 ct
576 2613 654 2678 nihil
679 2611 795 2678 stabile
819 2621 851 2676 et
874 2610 975 2676 fixum
1001 2611 1134 2684 retinet;
1160 2610 1304 2698 preclare
1327 2632 1365 2675 ac
1382 2611 1557 2698 prudenter
1571 2635 1660 2678 more
1676 2615 1834 2680 maiorum

158 2729 379 2806 comparatum
404 2729 462 2800 est,
488 2729 522 2784 ut
543 2719 725 2784 mortalium
749 2727 823 2786 acta
846 2727 878 2781 et
901 2716 1031 2781 decreta
1054 2715 1168 2780 litteris
1199 2714 1335 2802 publicis
1369 2717 1527 2804 impressa
1559 2720 1738 2804 posteritati
1770 2730 1833 2786 tra·

161 2825 289 2890 dantur.
315 2823 423 2906 Quare
447 2847 519 2890 cum
537 2847 596 2889 nos
613 2825 850 2910 presideremus
868 2824 992 2910 synode
1009 2823 1208 2909 prouinciali,
1226 2845 1321 2910 quam
1339 2845 1381 2888 ex
1396 2823 1548 2889 mandato
1564 2824 1657 2890 Lucii
1674 2848 1756 2912 pape
1772 2826 1830 2894 lll.

157 2955 230 2997 cum
255 2933 374 2997 nostris
398 2933 570 3018 episeopis,
593 2930 765 2996 abbatibus
789 2941 822 2995 et
844 2929 931 2995 clero
955 2932 1053 2995 totius
1078 2931 1243 3016 prouincia
1267 2930 1299 2993 in
1323 2927 1384 2994 ede
1407 2930 1510 2994 sancti
1539 2927 1671 2994 Andres
1693 2931 1831 3016 apostoli

157 3036 413 3117 celebrauimus3
437 3045 607 3123 postquam
632 3039 749 3119 omnia,
774 3059 836 3123 que
859 3035 987 3122 agenda
1010 3044 1110 3118 eraut,
1136 3035 1220 3100 iacta
1244 3044 1276 3099 et
1298 3043 1461 3100 hansacta
1485 3045 1602 3119 essent,
1629 3045 1663 3102 ut
1686 3037 1760 3102 finis
1777 3037 1833 3104 ali·

157 3142 287 3229 quandu
312 3145 606 3208 controuersiarum
631 3145 772 3207 omnium
797 3144 1055 3223 constitueretur,
1081 3141 1185 3227 palam
1210 3139 1381 3222 ediximus,
1403 3149 1438 3205 ut
1454 3141 1625 3227 quisquam
1641 3144 1674 3205 in
1692 3143 1832 3208 medium

156 3247 324 3334 proferret,
349 3269 411 3334 que
435 3247 550 3334 synodi
584 3249 774 3312 summitate
798 3247 938 3329 decerni,
974 3256 1030 3311 aut
1063 3246 1247 3311 confirmari
1282 3255 1431 3332 oportere
1466 3250 1611 3332 putaret,
1647 3270 1720 3313 nam
1757 3259 1831 3336 post

158 3352 318 3439 synodum
342 3352 508 3418 dimissam
532 3353 572 3418 de
595 3345 804 3418 bisce‘rebus
827 3353 945 3436 agendi
971 3351 1156 3418 facultatem
1180 3351 1366 3437 ademptum
1389 3353 1439 3416 iri.
1475 3350 1568 3435 'lfunc
1598 3352 1737 3419 Duimus
1768 3358 1831 3442 pri·

158 3459 309 3522 miserius
331 3459 433 3522 sancti
459 3459 586 3522 Domnii
611 3467 643 3521 et
666 3460 814 3522 canonici
837 3458 907 3523 edis
932 3457 1177 3543 metropolitane
1194 3467 1364 3542 surgentes
1386 3456 1594 3538 esubselliis,
1612 3470 1833 3544 exposuerunt

157 3585 266 3628 coram
291 3562 394 3644 nobis,
420 3564 498 3650 quid
522 3575 554 3628 et
574 3573 729 3651 quantum
754 3587 797 3630 ex
819 3567 952 3652 antiqua
975 3563 1208 3628 consuetudine
1232 3561 1368 3647 singulis
1392 3562 1487 3626 annis
1511 3561 1563 3627 die
1580 3562 1743 3648 paschatis
1760 3575 1833 3652 post

157 3668 329 3756 prandium
354 3669 416 3734 sibi
440 3668 646 3734 contribuere
668 3670 817 3736 monaehi
841 3669 945 3733 sancti
970 3665 1125 3754 Stephani
1158 3667 1323 3732 deberent.
1359 3665 1518 3732 Nimirum
1554 3667 1634 3733 duos
1667 3692 1833 3752 verueees,

155 3774 238 3838 duos
259 3773 407 3858 agnellos
429 3774 536 3840 adbuc
559 3778 714 3858 intonsos,
737 3776 817 3842 duas
842 3774 1013 3862 amphoras
1038 3775 1104 3840 vini
1130 3775 1252 3861 optimi,
1276 3773 1418 3859 itemque
1442 3795 1543 3860 panes
1571 3776 1715 3839 triticeos
1739 3776 1829 3862 quin-

156 3881 329 3966 quaginta3
354 3880 385 3944 id
408 3879 493 3967 quod
520 3879 626 3946 Ysaac
647 3879 749 3948 abbas
774 3881 919 3948 eiusdem
943 3879 1080 3962 cenobii,
1106 3879 1263 3944 Martinus
1296 3881 1487 3965 prepositus,
1523 3877 1679 3946 Olaudius
1713 3879 1830 3946 Drese·

156 3986 251 4072 dape,
275 3996 306 4050 et
322 3988 425 4052 ceteri
451 3986 598 4052 monachi
621 3987 862 4052 confirmarunt.
888 3983 1047 4066 Quamuis
1068 3993 1175 4051 autem
1197 3986 1374 4050 faterentur
1395 3986 1551 4068 canonici,
1569 3985 1629 4050 bec
1645 3988 1752 4051 omnia
1768 3987 1831 4052 sibi

156 4092 329 4178 quotannis
353 4093 479 4178 integre
502 4114 541 4157 ae
560 4091 698 4159 fideliter
719 4093 844 4180 prsbita
867 4091 976 4170 fuisse,
1000 4099 1108 4156 tamen
1132 4114 1173 4156 ne
1198 4089 1380 4156 huiusmodi
1404 4089 1609 4172 contributio,
1634 4093 1739 4156 autin
1756 4114 1830 4158 cen·

157 4199 346 4264 trouersiam
373 4199 491 4279 vocari,
515 4208 571 4264 aut
594 4198 805 4264 desuetudine
828 4197 1014 4262 exolescere
1037 4196 1210 4282 aliquando
1233 4205 1351 4284 posset,
1369 4195 1581 4285 postularunt,
1601 4207 1637 4261 ut
1650 4195 1707 4262 illa
1723 4201 1831 4264 omnia

156 4303 245 4369 hisce
270 4301 384 4369 litteris
409 4303 596 4391 singillatim
619 4327 658 4369 ac
682 4304 831 4368 distincte
856 4304 1132 4389 consignarentur.
1157 4302 1278 4367 Contra
1299 4321 1375 4368 vero
1400 4302 1547 4368 monachi
1564 4301 1713 4368 aiebant:
1732 4305 1829 4370 moris

156 4433 229 4474 esse
252 4413 480 4477 canonicorum
505 4410 747 4496 spalatensium,
772 4421 807 4474 ut
832 4409 968 4496 singulis
993 4409 1086 4473 annis
1111 4407 1163 4472 die
1187 4408 1348 4474 dominica
1371 4409 1404 4472 in
1428 4407 1521 4490 albis,
1550 4430 1613 4495 que
1644 4418 1760 4474 octaua
1781 4420 1831 4474 est

156 4524 229 4602 post
252 4513 338 4580 diem
359 4513 696 4602 lestumnpaschalem,
728 4515 864 4581 solemni
895 4513 1108 4602 suplicatione
1139 4516 1294 4594 instituta,
1330 4514 1373 4579 ad
1407 4513 1500 4580 edem
1535 4517 1637 4580 sancti
1674 4513 1829 4602 Stephani

154 4619 291 4685 adirent.
318 4618 381 4686 Sed
406 4643 447 4685 ex
471 4622 653 4686 testimonio
678 4619 875 4709 M(icbaelis)
900 4620 1043 4707 episcopi
1067 4621 1279 4703 traguriensis
1301 4629 1332 4684 et
1362 4617 1531 4689 Michaelis
1567 4621 1709 4707 episcopi
1743 4643 1828 4687 scar-

156 4725 319 4807 donensis,
344 4735 376 4789 et
398 4724 546 4810 G(audii)
570 4725 787 4791 archidiaconi
813 4727 1033 4812 traguriensis,
1058 4726 1113 4811 qui
1138 4724 1280 4811 legitime
1304 4727 1407 4808 rogati
1432 4725 1567 4807 fuerant,
1596 4727 1760 4810 cognitum
1792 4750 1832 4792 ac

155 4829 319 4896 decretum
344 4841 401 4910 est,
428 4853 547 4896 morem
572 4831 662 4896 illum
687 4833 851 4898 canonicis
875 4830 963 4896 nulla
986 4830 1058 4916 lege
1090 4831 1304 4917 prescriptum
1337 4829 1447 4912 fuisse,
1479 4829 1536 4895 sed
1567 4829 1663 4916 plane
1694 4831 1829 4897 liberum

156 4959 194 5001 ac
217 4935 435 5001 voluntarium
460 4959 541 5018 esse,
566 4937 701 5024 eiusque
724 4921 905 5026 abrogandi
930 4936 981 5002 vel
1006 4936 1166 5003 retinendi
1191 4959 1290 5024 penes
1314 4939 1458 5024 ipsorum
1479 4936 1646 5002 arbitrium
1670 4959 1710 5002 ac
1739 4941 1829 5024 pote·

158 5049 271 5122 stetem
298 5063 379 5108 esse.
405 5039 575 5125 Quocirca,
600 5065 640 5108 ne
664 5043 706 5109 ad
729 5043 998 5112 contributionsm
1023 5043 1110 5111 illem
1135 5065 1285 5126 annuam,
1310 5042 1361 5108 vel
1387 5044 1531 5109 canonici
1556 5041 1678 5130 aliquid
1702 5043 1830 5123 addere,

157 5146 210 5214 vel
224 5147 384 5214 monachi
408 5149 448 5214 de
471 5148 528 5215 illa
551 5149 674 5238 aliquid
700 5150 870 5218 detrahere
893 5159 1034 5238 possent,
1057 5149 1118 5217 hec
1141 5173 1198 5237 per
1227 5149 1271 5215 Μ.
1298 5148 1466 5216 Alhertum
1499 5151 1697 5237 prepositum
1729 5148 1832 5214 sancti
