4254 5922
1764 444 1827 510 175

160 648 192 706 ut
211 639 348 704 habeant
370 638 509 722 ofieium,
533 637 698 704 elaborent
716 661 776 704 non
798 637 838 704 ad
856 661 935 728 opus
951 659 1054 720 suram,
1072 645 1121 702 set
1145 635 1184 702 ed
1209 635 1354 718 ecclesie,
1378 646 1409 702 et
1432 637 1476 702 ibi
1498 637 1723 720 seruientibus,
1748 637 1828 704 illud

158 744 339 820 custodiant,
363 744 508 832 quodsi,
532 744 617 832 quod
641 745 734 826 absit,
752 745 867 832 aliquis
885 767 994 810 eorum
1017 743 1110 808 aliter
1134 754 1239 831 preter
1262 741 1348 830 quod
1374 746 1568 830 precipimus
1592 745 1706 830 egerit,
1734 756 1768 810 ut
1786 745 1826 812 ad

159 873 246 918 suum
271 873 351 938 opus
386 849 466 916 illud
500 853 686 934 retinuerit,
723 853 838 916 iratum
871 851 989 916 habeat
1018 853 1147 931 trinum,
1178 859 1211 914 et
1246 871 1342 913 unum
1368 848 1473 932 deum,
1509 860 1541 914 et
1573 849 1830 918 maledictionem

158 955 282 1023 OOOX.
307 965 339 1022 et
362 955 453 1022 VIII.
476 966 657 1022 sanctorum
683 964 807 1043 patrum
837 967 1060 1044 consequatur,
1084 967 1115 1021 et
1140 958 1170 1021 in
1195 964 1349 1042 perpetuo
1375 966 1516 1020 nostram
1541 956 1704 1042 possideat
1729 957 1823 1024 male-

157 1063 325 1128 dictionem
342 1066 372 1144 †.
397 1069 453 1142 (Tu
469 1069 554 1124 sliedi
578 1062 671 1144 druga
691 1069 819 1142 ,eitjeake
841 1069 909 1142 koja
932 1087 1032 1128 orama
1055 1069 1202 1143 nespada).

130 1244 132 1252 Α
311 1166 504 1256 Comparaui
528 1177 650 1234 curtem
684 1171 715 1234 in
736 1169 861 1236 Branna
883 1170 923 1236 de
947 1169 1071 1236 'Pescen
1105 1169 1326 1258 Pupazuro,a
1357 1168 1497 1236 Gemilie
1530 1193 1640 1236 omnes
1669 1193 1776 1256 agros,
1801 1184 1833 1238 et

156 1275 273 1360 viueas,
296 1297 403 1342 coram
427 1275 575 1342 omnibus
599 1275 765 1342 insulanis.
790 1281 821 1360 †.

311 1379 505 1466 Comparaui
527 1384 640 1447 vineae
663 1385 696 1446 in
719 1381 884 1448 Toednico
909 1381 949 1447 de
973 1379 1135 1468 cipriano,
1160 1389 1193 1448 et
1215 1379 1310 1448 aliam
1333 1383 1518 1470 comparati
1542 1383 1669 1449 vineam
1694 1383 1735 1449 ab
1760 1385 1830 1473 ipso
1914 1443 1916 1452 .

154 1483 315 1574 Cipriano,
336 1488 378 1553 ad
401 1491 486 1554 viam
512 1509 574 1576 que
597 1487 686 1553 ducit
709 1488 751 1553 ad
775 1491 892 1572 vicum,
914 1510 971 1576 pro
986 1487 1063 1554 IllI.
1089 1487 1146 1555 sol.
1165 1511 1222 1575 pro
1238 1488 1311 1572 fine,
1331 1509 1439 1554 coram
1462 1489 1620 1556 Usemiro.
1646 1494 1676 1574 †.
1702 1489 1746 1555 Et
1769 1493 1832 1558 emi

153 1602 268 1657 terram
293 1593 348 1659 nbi
373 1593 488 1662 dicitur
509 1617 530 1659 a
552 1592 682 1676 Praszo,
707 1617 768 1681 que
794 1595 853 1660 fuit
876 1597 949 1660 avio
974 1617 1045 1660 mco
1068 1593 1244 1669 Michaeas,
1268 1617 1364 1682 quam
1390 1595 1535 1662 vendidit
1557 1595 1672 1662 mulier
1696 1598 1774 1682 eius,
1799 1607 1833 1664 et

153 1722 209 1784 ego
234 1699 357 1766 redemi
382 1723 452 1766 eam
485 1723 528 1766 ex
551 1699 680 1766 illorum
712 1703 892 1788 nepotibus,
927 1702 982 1788 qui
1014 1723 1084 1767 eam
1116 1711 1393 1788 comparauerant,
1426 1701 1579 1770 videlicet
1608 1727 1628 1766 a
1651 1701 1828 1785 Vrasoana,

151 1805 324 1891 Martazaa,
358 1818 390 1874 et
419 1809 460 1874 de
490 1807 688 1873 consobrino
721 1810 790 1873 eius
822 1805 936 1891 Vileai,
970 1816 1003 1874 et
1025 1831 1044 1871 a
1068 1805 1236 1872 Michaeas
1268 1807 1334 1874 filio
1358 1807 1479 1888 Jadrei,
1502 1829 1558 1894 pro
1581 1805 1624 1871 X.
1650 1807 1709 1874 sol.
1732 1819 1766 1874 et
1788 1809 1831 1874 ΙΙ.

152 1915 307 1997 argentei,
332 1937 379 1980 ac.
404 1913 445 1979 II.
477 1911 600 2000 galetas
632 1916 697 1978 vini
733 1935 790 2000 pro
821 1913 894 1995 fine,
927 1921 1034 1980 eoram
1059 1913 1188 1980 AstrIzo
1220 1912 1387 2000 podsuppo
1411 1923 1443 1978 et
1466 1911 1658 2000 Togedrago
1684 1913 1831 1997 Olunaro,

151 2029 181 2082 et
197 2017 336 2084 Vilcana
352 2020 499 2101 brauaro,
518 2019 677 2086 Damiano
705 2019 771 2085 filio
788 2019 928 2102 Matana,
952 2020 1090 2086 Petreius
1106 2019 1171 2086 filio
1189 2019 1366 2108 Scurpune,
1383 2018 1485 2103 Balla,
1503 2019 1633 2108 Duymo
1649 2019 1830 2107 Dragauiti.

309 2125 386 2191 Post
410 2125 470 2192 bec
495 2147 570 2190 vero
605 2126 761 2194 Suiuimir
784 2150 844 2192 rex
868 2127 1001 2192 dederat
1034 2123 1135 2192 Stresi
1168 2123 1318 2192 avunculi
1345 2127 1393 2190 sui
1417 2135 1499 2191 totas
1520 2136 1631 2210 terras,
1657 2149 1719 2214 que
1742 2137 1833 2194 erent

151 2231 181 2294 iu
206 2230 349 2314 Masaro,
374 2243 405 2298 et
428 2234 603 2320 incipiente
626 2256 644 2296 a
668 2231 786 2298 Salona
806 2255 907 2320 usque
932 2231 1037 2314 Biski,
1063 2243 1098 2297 ut
1121 2234 1190 2318 ipse
1213 2230 1339 2298 tolleret
1361 2231 1515 2298 tributum
1536 2231 1578 2297 ab
1598 2237 1655 2298 eis.
1681 2232 1831 2320 Denique

150 2335 284 2402 volebat
305 2337 401 2403 miehi
425 2361 483 2426 per
510 2340 576 2403 vim
593 2337 703 2404 tollere
720 2339 928 2404 memoratam
961 2349 1089 2420 terram,
1113 2339 1157 2402 ita
1174 2337 1321 2421 dicendo,
1343 2337 1431 2426 qnod
1456 2348 1565 2404 essent
1587 2337 1723 2426 regales.
1748 2339 1830 2406 Nam

152 2466 211 2528 ego
237 2449 346 2510 statIm
371 2448 415 2511 iui
439 2443 480 2510 ad
504 2444 714 2512 Suiuimirum
737 2448 770 2510 iu
795 2443 965 2528 Subenico,
990 2455 1021 2510 et
1045 2443 1123 2510 duxi
1143 2467 1267 2510 mecum
1286 2433 1469 2509 venditores
1494 2455 1577 2510 terre
1602 2457 1700 2510 et-
1724 2483 1765 2494 —
1792 2484 1828 2494 -

150 2551 227 2614 recti
262 2550 349 2638 quod
375 2553 445 2638 ipsa
467 2559 554 2616 terra
576 2575 639 2616 non
669 2559 756 2616 esset
778 2549 913 2636 regalis,
937 2551 998 2616 uisi
1022 2549 1149 2616 illorum
1173 2551 1227 2637 qui
1251 2573 1321 2614 eam
1346 2549 1576 2636 vendiderunt,
1613 2561 1679 2618 tam
1703 2552 1744 2618 de
1767 2553 1830 2619 ista
1913 2595 1915 2606 ‚

146 2666 247 2738 terra,
273 2679 371 2744 quam
395 2657 435 2723 de
451 2657 514 2740 illa,
532 2680 628 2744 quarn
654 2659 839 2744 comparaui
864 2660 896 2721 in
921 2656 1096 2722 Vrannsa
1126 2654 1254 2722 Cilicon
1271 2656 1376 2722 Niwa,
1410 2653 1504 2722 Unde
1528 2657 1606 2722 mibi
1629 2659 1832 2726 confirmauit

150 2763 297 2848 prelatus
327 2787 386 2829 rex
419 2765 599 2828 nominatas
633 2773 743 2846 terras,
775 2774 811 2828 ut
842 2761 948 2828 nullus
980 2763 1132 2849 deinceps
1163 2762 1237 2828 inde
1271 2765 1490 2850 querimonias
1521 2764 1648 2847 faceret,
1674 2775 1707 2831 et
1728 2768 1825 2831 etiam

150 2867 411 2934 maledictionem
450 2869 538 2936 dedit
572 2869 730 2952 omuibus,
765 2871 915 2956 quicum
958 2871 1146 2956 quesierint.
1178 2868 1263 2934 Ante
1293 2868 1504 2934 Laurentium
1535 2869 1827 2959 arehiepiscopum,

148 2973 314 3040 Abbatem
338 2975 866 3062 sauotiBartholomei,Duymum
885 2977 1034 3063 priorem,
1052 2973 1200 3041 abbatem
1233 2977 1335 3040 suncti
1368 2975 1532 3064 Stephani,
1564 2975 1709 3042 Dabrum
1733 2978 1830 3044 Plati-

148 3079 267 3164 cblebi,
291 3091 323 3146 et
345 3081 503 3148 Jacobum
528 3081 725 3166 Marsticum,
750 3082 924 3148 Dauarado
962 3081 1172 3162 duernionm,
1198 3079 1314 3145 Ulcioa
1348 3080 1579 3166 Sagorsticum,
1614 3083 1828 3170 presbiterum

148 3183 284 3252 Petrum
309 3187 516 3270 cardinalem,
547 3188 729 3254 Jobannem
762 3189 973 3276 capellanum,
1008 3188 1139 3274 Duymo
1168 3187 1381 3274 podsuppum.
1406 3189 1435 3268 t.
1461 3185 1574 3252 Adhec
1598 3192 1660 3254 ami
1684 3201 1787 3256 terres
1810 3217 1830 3258 a
1939 3229 1941 3235 ·

148 3291 223 3359 liliis
249 3292 373 3378 Vicani,
397 3294 528 3379 Desino,
553 3307 585 3360 et
606 3295 773 3382 Bogdano‚
806 3308 837 3360 et
860 3295 932 3360 aliis
957 3293 1119 3376 iratribus,
1143 3295 1174 3358 in
1200 3293 1270 3358 looo
1294 3293 1348 3358 ubi
1382 3293 1498 3357 dIcitur
1531 3293 1723 3382 Podepilize,
1755 3322 1829 3385 cog-

148 3411 305 3466 nomento
336 3401 459 3484 Mirizo,
491 3414 576 3468 tarra
607 3415 639 3468 et
661 3401 752 3484 silua,
782 3413 813 3466 et
834 3411 972 3488 petras,
1003 3411 1103 3465 totum
1139 3397 1224 3486 quod
1249 3409 1298 3463 est
1321 3400 1354 3462 iu
1378 3397 1502 3480 Mirino,
1527 3421 1584 3486 pro
1609 3401 1663 3468 VI.
1688 3403 1747 3472 sol.
1771 3429 1828 3492 pro

148 3508 222 3584 line,
249 3517 283 3572 et
305 3506 445 3572 medium
464 3507 615 3574 besuetie.
632 3507 749 3574 Coram
769 3507 817 3573 bis
831 3506 990 3573 testibus:
1008 3506 1185 3594 presbitero
1205 3504 1316 3570 Dabro
1332 3504 1399 3568 filio
1416 3505 1539 3587 Teliua,
1565 3505 1699 3574 diacono
1723 3510 1831 3599 Micha

147 3612 249 3678 Jurre
272 3611 350 3695 filio,
364 3613 499 3678 diacono
512 3613 652 3680 Oenunta
663 3613 748 3680 filius
771 3614 931 3680 Pradanni
949 3613 1060 3696 Peuce,
1076 3612 1210 3677 diacono
1225 3611 1336 3676 Dabro
1361 3611 1446 3676 lilius
1472 3611 1596 3696 Petrici,
1613 3611 1730 3681 Ulcina
1744 3616 1830 3682 filius

151 3717 297 3801 Olimini,
321 3717 434 3784 Grubo
457 3719 524 3785 filio
550 3719 711 3808 Bipirelle,
736 3720 835 3787 Paulo
867 3717 981 3800 Acina,
1005 3718 1111 3784 Drase
1134 3717 1283 3782 Hannulo
1308 3741 1410 3804 nepus
1434 3716 1535 3802 Zuue,
1566 3718 1667 3786 Stano
1689 3721 1746 3786 filii
1771 3723 1829 3789 Pe·

148 3828 233 3893 triei.
258 3825 303 3891 Et
325 3849 386 3914 ego
409 3825 479 3891 Diti
502 3825 587 3892 filius
611 3827 766 3892 diaeonus
790 3825 912 3909 Dabro,
937 3827 1020 3892 sicut
1042 3824 1152 3890 audiui
1175 3848 1196 3888 a
1219 3823 1350 3910 prefatis
1374 3824 1511 3890 testibus
1534 3826 1582 3890 sic
1604 3827 1729 3913 scripsi.
1753 3831 1774 3911 †

310 3931 460 4019 Denique
483 3935 547 3998 emi
569 3933 609 3998 da
626 3931 789 3998 Germano
813 3933 1002 4020 presbytero
1026 3941 1203 4018 pronepote
1226 3929 1362 4014 Tamali,
1388 3933 1512 3996 tertiam
1545 3942 1668 4019 partem
1693 3935 1830 4002 ecclesie

148 4041 255 4106 macti
279 4041 418 4122 Martini,
443 4062 505 4127 que
530 4051 578 4106 est
601 4043 661 4104 site
683 4043 716 4104 io
741 4050 846 4105 moute
863 4061 985 4126 grasso,
1008 4049 1039 4103 ct
1062 4049 1146 4104 totas
1162 4049 1265 4102 terras
1283 4059 1345 4123 que
1362 4039 1523 4124 pertinent
1545 4037 1585 4104 de
1608 4038 1745 4124 Tantali,
1771 4065 1829 4128 pro

148 4144 209 4212 111.
235 4144 295 4213 sol.
318 4156 351 4210 et
373 4146 513 4212 medium
531 4169 588 4234 pro
605 4147 677 4230 fine,
696 4169 802 4211 coram
820 4145 869 4210 bis
885 4146 1038 4212 testibus:
1057 4145 1207 4236 Nyciforo
1225 4155 1340 4230 nepote
1357 4141 1441 4226 Oini,
1458 4141 1605 4210 Gaunulo
1621 4144 1686 4212 filio
1711 4147 1828 4214 Scana-

150 4255 234 4337 cani,
259 4263 292 4319 et
312 4251 467 4341 Oegayta,
493 4252 678 4318 Trunzanni
701 4252 768 4318 filio
792 4252 927 4339 Rugate,
953 4275 1012 4318 neo
1034 4275 1098 4317 uon
1122 4249 1221 4316 Paulo
1246 4249 1360 4332 Acina,
1385 4247 1576 4316 Dominicue
1600 4250 1702 4318 abbas
1726 4257 1829 4321 sancti

149 4359 318 4447 Stephani,
342 4359 507 4426 Jobannes
531 4359 617 4426 filius
641 4360 801 4447 Putipani.
826 4369 858 4425 et
881 4359 1030 4440 Sennica,
1053 4367 1150 4446 atque
1175 4355 1275 4424 Oicla.
1299 4359 1330 4438 †.

310 4465 385 4531 Emi
410 4470 522 4532 vineas
546 4467 586 4532 de
609 4465 787 4532 Vilcumiro
813 4467 910 4532 fratre
935 4465 1047 4548 Prede,
1083 4464 1196 4530 subtus
1220 4463 1357 4530 ecclesia
1379 4465 1481 4530 sancti
1506 4463 1652 4550 Maximi,
1683 4491 1746 4556 que
1768 4469 1829 4536 fuit

149 4572 320 4656 aRabino,
345 4595 402 4661 pro
425 4573 503 4639 XII.
527 4572 650 4660 galetas
670 4575 746 4655 viui,
771 4572 849 4639 etl.
876 4595 971 4660 porea
994 4595 1051 4660 pro
1069 4571 1141 4655 fine,
1165 4593 1272 4637 coram
1297 4569 1459 4636 Germano
1482 4569 1619 4657 Tamali,
1642 4584 1674 4639 et
1695 4573 1830 4644 Paulino

151 4678 321 4760 monacho,
346 4687 378 4745 et
401 4691 582 4746 ceterorum
605 4680 846 4746 monachorum.
870 4681 900 4761 †.

312 4785 389 4852 Post
404 4785 469 4852 ‚hec
493 4809 569 4852 vero
593 4788 655 4852 emi
679 4809 720 4852 ex
736 4783 881 4850 Gindanes
897 4783 1099 4850 medietatem
1115 4783 1155 4849 de
1170 4785 1275 4866 vinea,
1291 4805 1354 4870 que
1373 4793 1430 4865 est,
1447 4785 1635 4854 ubidicitur
1657 4789 1690 4853 in
1715 4787 1829 4871 Boeoti,

150 4903 252 4959 totam
278 4893 339 4960 sibi
364 4895 511 4980 pertinet,
537 4917 593 4979 pro
616 4893 640 4958 1.
665 4893 733 4973 soli,
758 4903 790 4958 et
811 4891 952 4957 medium
977 4914 1033 4978 pro
1062 4891 1126 4956 fine
1151 4889 1290 4956 modium
1326 4889 1367 4954 de
1390 4913 1501 4976 grano.
1533 4892 1651 4960 Coram
1674 4895 1828 4983 Zirnugo,

150 5011 182 5066 et
206 4999 383 5066 Olonimiro
405 4999 503 5066 fratrc
526 4999 652 5081 Grubti‚
677 5009 709 5064 et
726 4998 821 5064 Vitae
847 4998 945 5064 fratre
961 4997 1125 5079 duornieo,
1159 5007 1191 5062 et
1213 4996 1315 5062 abbas
1333 5019 1404 5062 oum
1422 5000 1490 5064 suis
1514 4999 1689 5086 monacbis,
1715 5017 1747 5070 et
1769 5028 1830 5090 ego

151 5107 286 5172 Dabrue
308 5107 463 5172 diaconus
487 5109 570 5172 siout
592 5106 700 5171 audiui
725 5129 767 5170 ex
792 5106 973 5170 memoratis
998 5103 1134 5169 testibus
1155 5105 1202 5169 sio
1225 5106 1349 5192 scripsi.
1373 5109 1394 5188 †

312 5213 460 5300 Denique
484 5215 545 5278 emi
571 5213 610 5290 de
641 5212 774 5277 muliere
797 5212 936 5294 Beneda,
961 5223 992 5274 et
1014 5231 1056 5274 ex
1080 5209 1155 5275 liliis
1179 5213 1246 5276 suis
1279 5213 1374 5278 vinea
1398 5234 1461 5299 que
1485 5225 1534 5278 est
1563 5214 1679 5280 subtus
1712 5227 1828 5284 sancta

149 5319 264 5404 Maria,
290 5343 353 5408 que
377 5331 511 5386 vocatur
539 5319 660 5400 Nsehe,
685 5343 784 5407 prope
818 5341 914 5402 mare,
947 5341 1004 5406 pro
1037 5317 1061 5384 I.
1094 5317 1198 5384 modia
1230 5318 1269 5384 de
1298 5339 1409 5404 grano,
1442 5319 1633 5392 et1,ataro
1669 5345 1726 5412 pro
1750 5323 1825 5413 fine,

151 5426 308 5505 Girdana,
339 5437 371 5494 et
394 5449 503 5495 omnes
527 5425 676 5493 monachi
699 5435 808 5493 testes.
832 5427 863 5510 †.
