<?xml version="1.0" encoding="UTF-8"?>
<!DOCTYPE html PUBLIC "-//W3C//DTD XHTML 1.0 Transitional//EN"
    "http://www.w3.org/TR/xhtml1/DTD/xhtml1-transitional.dtd">
<html xmlns="http://www.w3.org/1999/xhtml" xml:lang="en" lang="en">
 <head>
  <title>
</title>
<meta http-equiv="Content-Type" content="text/html;charset=utf-8" />
  <meta name='ocr-system' content='tesseract 3.04.00' />
  <meta name='ocr-capabilities' content='ocr_page ocr_carea ocr_par ocr_line ocrx_word'/>
</head>
<body>
  <div class='ocr_page' id='page_1' title='image "./codexdiplomatic00unkngoog_0464.png"; bbox 0 0 4300 5930; ppageno 0'>
   <div class='ocr_carea' id='block_1_1' title="bbox 317 391 384 460">
    <p class='ocr_par' dir='ltr' id='par_1_1' title="bbox 317 391 384 460">
     <span class='ocr_line' id='line_1_1' title="bbox 317 391 384 460; baseline 0 0"><span class='ocrx_word' id='word_1_1' title='bbox 317 391 384 460; x_wconf 82' lang='lat' dir='ltr'>loo</span> 
     </span>
    </p>
   </div>
   <div class='ocr_carea' id='block_1_2' title="bbox 243 584 2000 1941">
    <p class='ocr_par' dir='ltr' id='par_1_2' title="bbox 243 584 2000 1836">
     <span class='ocr_line' id='line_1_2' title="bbox 317 584 1997 682; baseline 0.007 -30"><span class='ocrx_word' id='word_1_2' title='bbox 317 584 476 668; x_wconf 75' lang='lat' dir='ltr'>direxisti,</span> <span class='ocrx_word' id='word_1_3' title='bbox 496 585 538 652; x_wconf 88' lang='lat' dir='ltr'>ad</span> <span class='ocrx_word' id='word_1_4' title='bbox 562 593 703 652; x_wconf 87' lang='lat' dir='ltr'>nostram</span> <span class='ocrx_word' id='word_1_5' title='bbox 728 585 874 651; x_wconf 79' lang='lat' dir='ltr'>notitiam</span> <span class='ocrx_word' id='word_1_6' title='bbox 900 587 1029 650; x_wconf 90' lang='lat' dir='ltr'>noueris</span> <span class='ocrx_word' id='word_1_7' title='bbox 1063 585 1259 672; x_wconf 89' lang='lat' dir='ltr'>peruenisse,</span> <span class='ocrx_word' id='word_1_8' title='bbox 1294 588 1380 673; x_wconf 90' lang='lat' dir='ltr'>quod</span> <span class='ocrx_word' id='word_1_9' title='bbox 1414 612 1434 654; x_wconf 90' lang='lat' dir='ltr'>a</span> <span class='ocrx_word' id='word_1_10' title='bbox 1464 590 1558 656; x_wconf 90' lang='lat' dir='ltr'>nobis</span> <span class='ocrx_word' id='word_1_11' title='bbox 1590 594 1761 659; x_wconf 87' lang='lat' dir='ltr'>instantius</span> <span class='ocrx_word' id='word_1_12' title='bbox 1795 596 1997 682; x_wconf 77' lang='lat' dir='ltr'>postulabas,</span> 
     </span>
     <span class='ocr_line' id='line_1_3' title="bbox 317 690 1995 790; baseline 0.005 -30"><span class='ocrx_word' id='word_1_13' title='bbox 317 704 353 760; x_wconf 88' lang='lat' dir='ltr'>ut</span> <span class='ocrx_word' id='word_1_14' title='bbox 375 696 404 760; x_wconf 91' lang='lat' dir='ltr'>ei</span> <span class='ocrx_word' id='word_1_15' title='bbox 427 714 523 780; x_wconf 88' lang='lat' dir='ltr'>quem</span> <span class='ocrx_word' id='word_1_16' title='bbox 547 691 631 759; x_wconf 93' lang='lat' dir='ltr'>bone</span> <span class='ocrx_word' id='word_1_17' title='bbox 653 693 806 758; x_wconf 89' lang='lat' dir='ltr'>memorie</span> <span class='ocrx_word' id='word_1_18' title='bbox 831 692 1041 778; x_wconf 87' lang='lat' dir='ltr'>predecessor</span> <span class='ocrx_word' id='word_1_19' title='bbox 1065 703 1148 773; x_wconf 88' lang='lat' dir='ltr'>tuus,</span> <span class='ocrx_word' id='word_1_20' title='bbox 1172 690 1214 756; x_wconf 91' lang='lat' dir='ltr'>ad</span> <span class='ocrx_word' id='word_1_21' title='bbox 1238 693 1429 780; x_wconf 89' lang='lat' dir='ltr'>episcopalis</span> <span class='ocrx_word' id='word_1_22' title='bbox 1460 695 1558 762; x_wconf 89' lang='lat' dir='ltr'>officii</span> <span class='ocrx_word' id='word_1_23' title='bbox 1594 699 1808 784; x_wconf 81' lang='lat' dir='ltr'>dignitatem„</span> <span class='ocrx_word' id='word_1_24' title='bbox 1829 699 1893 769; x_wconf 90' lang='lat' dir='ltr'>alio</span> <span class='ocrx_word' id='word_1_25' title='bbox 1924 705 1995 790; x_wconf 90' lang='lat' dir='ltr'>epi-</span> 
     </span>
     <span class='ocr_line' id='line_1_4' title="bbox 316 794 1994 889; baseline 0.005 -23"><span class='ocrx_word' id='word_1_26' title='bbox 316 821 414 886; x_wconf 86' lang='lat' dir='ltr'>scopo</span> <span class='ocrx_word' id='word_1_27' title='bbox 439 800 568 864; x_wconf 77' lang='lat' dir='ltr'>sinente</span> <span class='ocrx_word' id='word_1_28' title='bbox 591 801 760 884; x_wconf 91' lang='lat' dir='ltr'>promouit,</span> <span class='ocrx_word' id='word_1_29' title='bbox 785 807 818 862; x_wconf 91' lang='lat' dir='ltr'>et</span> <span class='ocrx_word' id='word_1_30' title='bbox 840 797 943 863; x_wconf 87' lang='lat' dir='ltr'>felicis</span> <span class='ocrx_word' id='word_1_31' title='bbox 967 798 1200 862; x_wconf 88' lang='lat' dir='ltr'>recordationis</span> <span class='ocrx_word' id='word_1_32' title='bbox 1221 794 1409 862; x_wconf 82' lang='lat' dir='ltr'><strong>Alexander</strong></span> <span class='ocrx_word' id='word_1_33' title='bbox 1433 823 1524 887; x_wconf 88' lang='lat' dir='ltr'>papa,</span> <span class='ocrx_word' id='word_1_34' title='bbox 1560 803 1771 889; x_wconf 79' lang='lat' dir='ltr'>predecessor</span> <span class='ocrx_word' id='word_1_35' title='bbox 1794 819 1903 874; x_wconf 89' lang='lat' dir='ltr'>noster</span> <span class='ocrx_word' id='word_1_36' title='bbox 1929 819 1994 874; x_wconf 83' lang='lat' dir='ltr'>sta·</span> 
     </span>
     <span class='ocr_line' id='line_1_5' title="bbox 316 903 1996 998; baseline 0.005 -28"><span class='ocrx_word' id='word_1_37' title='bbox 316 907 379 970; x_wconf 89' lang='lat' dir='ltr'>tuit</span> <span class='ocrx_word' id='word_1_38' title='bbox 399 905 642 988; x_wconf 88' lang='lat' dir='ltr'>remouendum,</span> <span class='ocrx_word' id='word_1_39' title='bbox 666 927 735 987; x_wconf 90' lang='lat' dir='ltr'>nos,</span> <span class='ocrx_word' id='word_1_40' title='bbox 760 905 836 990; x_wconf 86' lang='lat' dir='ltr'>quia</span> <span class='ocrx_word' id='word_1_41' title='bbox 858 913 966 968; x_wconf 90' lang='lat' dir='ltr'>tamen</span> <span class='ocrx_word' id='word_1_42' title='bbox 990 905 1053 968; x_wconf 91' lang='lat' dir='ltr'>iam</span> <span class='ocrx_word' id='word_1_43' title='bbox 1080 903 1184 968; x_wconf 91' lang='lat' dir='ltr'>dictus</span> <span class='ocrx_word' id='word_1_44' title='bbox 1215 904 1386 989; x_wconf 91' lang='lat' dir='ltr'>episcopus</span> <span class='ocrx_word' id='word_1_45' title='bbox 1410 908 1495 971; x_wconf 85' lang='lat' dir='ltr'>viam</span> <span class='ocrx_word' id='word_1_46' title='bbox 1528 912 1678 976; x_wconf 86' lang='lat' dir='ltr'>uniuersa</span> <span class='ocrx_word' id='word_1_47' title='bbox 1713 914 1820 977; x_wconf 90' lang='lat' dir='ltr'>carnis</span> <span class='ocrx_word' id='word_1_48' title='bbox 1854 915 1996 998; x_wconf 86' lang='lat' dir='ltr'>intrauit,</span> 
     </span>
     <span class='ocr_line' id='line_1_6' title="bbox 315 1008 1995 1101; baseline 0.004 -25"><span class='ocrx_word' id='word_1_49' title='bbox 315 1009 478 1078; x_wconf 87' lang='lat' dir='ltr'>licentiam</span> <span class='ocrx_word' id='word_1_50' title='bbox 502 1009 695 1098; x_wconf 86' lang='lat' dir='ltr'>exequendi,</span> <span class='ocrx_word' id='word_1_51' title='bbox 709 1009 889 1096; x_wconf 90' lang='lat' dir='ltr'>predictum</span> <span class='ocrx_word' id='word_1_52' title='bbox 914 1009 1055 1075; x_wconf 87' lang='lat' dir='ltr'>officium</span> <span class='ocrx_word' id='word_1_53' title='bbox 1073 1008 1302 1073; x_wconf 82' lang='lat' dir='ltr'>conferremus.</span> <span class='ocrx_word' id='word_1_54' title='bbox 1322 1008 1458 1076; x_wconf 88' lang='lat' dir='ltr'>Noueris</span> <span class='ocrx_word' id='word_1_55' title='bbox 1475 1014 1581 1098; x_wconf 91' lang='lat' dir='ltr'>igitur,</span> <span class='ocrx_word' id='word_1_56' title='bbox 1600 1015 1686 1101; x_wconf 92' lang='lat' dir='ltr'>quod</span> <span class='ocrx_word' id='word_1_57' title='bbox 1703 1015 1779 1082; x_wconf 90' lang='lat' dir='ltr'>licet</span> <span class='ocrx_word' id='word_1_58' title='bbox 1794 1016 1995 1084; x_wconf 85' lang='lat' dir='ltr'>voluntatem</span> 
     </span>
     <span class='ocr_line' id='line_1_7' title="bbox 317 1101 2000 1210; baseline 0.004 -28"><span class='ocrx_word' id='word_1_59' title='bbox 317 1125 351 1182; x_wconf 89' lang='lat' dir='ltr'>et</span> <span class='ocrx_word' id='word_1_60' title='bbox 373 1118 572 1204; x_wconf 85' lang='lat' dir='ltr'>propositum</span> <span class='ocrx_word' id='word_1_61' title='bbox 595 1115 773 1182; x_wconf 90' lang='lat' dir='ltr'>babeamus</span> <span class='ocrx_word' id='word_1_62' title='bbox 796 1117 966 1202; x_wconf 84' lang='lat' dir='ltr'>petitiones</span> <span class='ocrx_word' id='word_1_63' title='bbox 990 1125 1062 1180; x_wconf 89' lang='lat' dir='ltr'>tuas</span> <span class='ocrx_word' id='word_1_64' title='bbox 1087 1117 1119 1178; x_wconf 92' lang='lat' dir='ltr'>in</span> <span class='ocrx_word' id='word_1_65' title='bbox 1145 1123 1299 1199; x_wconf 88' lang='lat' dir='ltr'>quantum</span> <span class='ocrx_word' id='word_1_66' title='bbox 1324 1137 1396 1180; x_wconf 91' lang='lat' dir='ltr'>cum</span> <span class='ocrx_word' id='word_1_67' title='bbox 1427 1116 1487 1182; x_wconf 89' lang='lat' dir='ltr'>deo</span> <span class='ocrx_word' id='word_1_68' title='bbox 1519 1101 1690 1206; x_wconf 82' lang='lat' dir='ltr'>possumus</span> <span class='ocrx_word' id='word_1_69' title='bbox 1722 1121 1887 1206; x_wconf 88' lang='lat' dir='ltr'>exaudire,</span> <span class='ocrx_word' id='word_1_70' title='bbox 1921 1125 2000 1210; x_wconf 91' lang='lat' dir='ltr'>quia</span> 
     </span>
     <span class='ocr_line' id='line_1_8' title="bbox 318 1219 1995 1310; baseline 0.004 -24"><span class='ocrx_word' id='word_1_71' title='bbox 318 1230 426 1287; x_wconf 89' lang='lat' dir='ltr'>tamen</span> <span class='ocrx_word' id='word_1_72' title='bbox 450 1221 595 1308; x_wconf 89' lang='lat' dir='ltr'>predicta</span> <span class='ocrx_word' id='word_1_73' title='bbox 618 1243 765 1308; x_wconf 86' lang='lat' dir='ltr'>persona,</span> <span class='ocrx_word' id='word_1_74' title='bbox 788 1222 872 1285; x_wconf 89' lang='lat' dir='ltr'>sicut</span> <span class='ocrx_word' id='word_1_75' title='bbox 894 1219 935 1286; x_wconf 90' lang='lat' dir='ltr'>ab</span> <span class='ocrx_word' id='word_1_76' title='bbox 958 1219 1022 1284; x_wconf 89' lang='lat' dir='ltr'>illis</span> <span class='ocrx_word' id='word_1_77' title='bbox 1045 1221 1238 1306; x_wconf 89' lang='lat' dir='ltr'>accepimus,</span> <span class='ocrx_word' id='word_1_78' title='bbox 1276 1221 1329 1304; x_wconf 91' lang='lat' dir='ltr'>qui</span> <span class='ocrx_word' id='word_1_79' title='bbox 1365 1244 1435 1286; x_wconf 91' lang='lat' dir='ltr'>eam</span> <span class='ocrx_word' id='word_1_80' title='bbox 1472 1245 1506 1288; x_wconf 89' lang='lat' dir='ltr'>se</span> <span class='ocrx_word' id='word_1_81' title='bbox 1542 1247 1637 1296; x_wconf 80' lang='lat' dir='ltr'>nosse</span> <span class='ocrx_word' id='word_1_82' title='bbox 1673 1225 1823 1310; x_wconf 88' lang='lat' dir='ltr'>fatentur,</span> <span class='ocrx_word' id='word_1_83' title='bbox 1859 1228 1922 1292; x_wconf 87' lang='lat' dir='ltr'>iam</span> <span class='ocrx_word' id='word_1_84' title='bbox 1962 1229 1995 1293; x_wconf 92' lang='lat' dir='ltr'>in</span> 
     </span>
     <span class='ocr_line' id='line_1_9' title="bbox 319 1323 1997 1414; baseline 0.003 -22"><span class='ocrx_word' id='word_1_85' title='bbox 319 1325 435 1392; x_wconf 88' lang='lat' dir='ltr'>diebus</span> <span class='ocrx_word' id='word_1_86' title='bbox 459 1329 526 1392; x_wconf 89' lang='lat' dir='ltr'>suis</span> <span class='ocrx_word' id='word_1_87' title='bbox 548 1328 714 1414; x_wconf 90' lang='lat' dir='ltr'>processit,</span> <span class='ocrx_word' id='word_1_88' title='bbox 740 1336 772 1390; x_wconf 92' lang='lat' dir='ltr'>et</span> <span class='ocrx_word' id='word_1_89' title='bbox 794 1326 835 1390; x_wconf 89' lang='lat' dir='ltr'>ad</span> <span class='ocrx_word' id='word_1_90' title='bbox 870 1328 949 1389; x_wconf 91' lang='lat' dir='ltr'>tanti</span> <span class='ocrx_word' id='word_1_91' title='bbox 984 1325 1105 1408; x_wconf 82' lang='lat' dir='ltr'>fastigii</span> <span class='ocrx_word' id='word_1_92' title='bbox 1140 1323 1330 1409; x_wconf 88' lang='lat' dir='ltr'>dignitatem</span> <span class='ocrx_word' id='word_1_93' title='bbox 1369 1337 1499 1412; x_wconf 89' lang='lat' dir='ltr'>propter</span> <span class='ocrx_word' id='word_1_94' title='bbox 1533 1328 1665 1396; x_wconf 84' lang='lat' dir='ltr'>senilem</span> <span class='ocrx_word' id='word_1_95' title='bbox 1701 1341 1829 1414; x_wconf 89' lang='lat' dir='ltr'>etatem,</span> <span class='ocrx_word' id='word_1_96' title='bbox 1864 1344 1897 1397; x_wconf 89' lang='lat' dir='ltr'>et</span> <span class='ocrx_word' id='word_1_97' title='bbox 1930 1331 1997 1398; x_wconf 86' lang='lat' dir='ltr'>slis</span> 
     </span>
     <span class='ocr_line' id='line_1_10' title="bbox 314 1431 1994 1518; baseline 0.005 -22"><span class='ocrx_word' id='word_1_98' title='bbox 314 1431 453 1518; x_wconf 90' lang='lat' dir='ltr'>plurima</span> <span class='ocrx_word' id='word_1_99' title='bbox 472 1431 596 1500; x_wconf 89' lang='lat' dir='ltr'>inutilis</span> <span class='ocrx_word' id='word_1_100' title='bbox 616 1431 814 1518; x_wconf 85' lang='lat' dir='ltr'>perhibetur,</span> <span class='ocrx_word' id='word_1_101' title='bbox 839 1453 951 1517; x_wconf 88' lang='lat' dir='ltr'>preces</span> <span class='ocrx_word' id='word_1_102' title='bbox 974 1440 1045 1494; x_wconf 89' lang='lat' dir='ltr'>tuas</span> <span class='ocrx_word' id='word_1_103' title='bbox 1070 1433 1101 1494; x_wconf 94' lang='lat' dir='ltr'>iu</span> <span class='ocrx_word' id='word_1_104' title='bbox 1126 1453 1166 1496; x_wconf 90' lang='lat' dir='ltr'>ea</span> <span class='ocrx_word' id='word_1_105' title='bbox 1189 1439 1279 1517; x_wconf 89' lang='lat' dir='ltr'>parte</span> <span class='ocrx_word' id='word_1_106' title='bbox 1303 1453 1365 1495; x_wconf 93' lang='lat' dir='ltr'>non</span> <span class='ocrx_word' id='word_1_107' title='bbox 1387 1433 1539 1498; x_wconf 80' lang='lat' dir='ltr'>duximus</span> <span class='ocrx_word' id='word_1_108' title='bbox 1555 1435 1781 1504; x_wconf 86' lang='lat' dir='ltr'>admittendas.</span> <span class='ocrx_word' id='word_1_109' title='bbox 1818 1437 1902 1502; x_wconf 81' lang='lat' dir='ltr'>Nasu</span> <span class='ocrx_word' id='word_1_110' title='bbox 1919 1460 1994 1504; x_wconf 89' lang='lat' dir='ltr'>cum</span> 
     </span>
     <span class='ocr_line' id='line_1_11' title="bbox 314 1521 1996 1630; baseline 0.003 -27"><span class='ocrx_word' id='word_1_111' title='bbox 314 1545 434 1603; x_wconf 87' lang='lat' dir='ltr'>terram</span> <span class='ocrx_word' id='word_1_112' title='bbox 459 1539 689 1603; x_wconf 76' lang='lat' dir='ltr'>videretur-</span> <span class='ocrx_word' id='word_1_113' title='bbox 713 1536 868 1602; x_wconf 86' lang='lat' dir='ltr'>inutiliter</span> <span class='ocrx_word' id='word_1_114' title='bbox 890 1558 1058 1622; x_wconf 90' lang='lat' dir='ltr'>occupare,</span> <span class='ocrx_word' id='word_1_115' title='bbox 1081 1535 1175 1600; x_wconf 89' lang='lat' dir='ltr'>saluti</span> <span class='ocrx_word' id='word_1_116' title='bbox 1199 1537 1268 1600; x_wconf 89' lang='lat' dir='ltr'>eius</span> <span class='ocrx_word' id='word_1_117' title='bbox 1292 1545 1324 1601; x_wconf 91' lang='lat' dir='ltr'>et</span> <span class='ocrx_word' id='word_1_118' title='bbox 1340 1521 1461 1603; x_wconf 36' lang='lat' dir='ltr'>‘honori</span> <span class='ocrx_word' id='word_1_119' title='bbox 1484 1550 1538 1604; x_wconf 91' lang='lat' dir='ltr'>tuo</span> <span class='ocrx_word' id='word_1_120' title='bbox 1563 1563 1740 1626; x_wconf 85' lang='lat' dir='ltr'>congruere</span> <span class='ocrx_word' id='word_1_121' title='bbox 1754 1564 1817 1607; x_wconf 92' lang='lat' dir='ltr'>non</span> <span class='ocrx_word' id='word_1_122' title='bbox 1833 1555 1996 1630; x_wconf 88' lang='lat' dir='ltr'>putamus,</span> 
     </span>
     <span class='ocr_line' id='line_1_12' title="bbox 316 1641 2000 1735; baseline 0.002 -27"><span class='ocrx_word' id='word_1_123' title='bbox 316 1641 403 1729; x_wconf 89' lang='lat' dir='ltr'>quod</span> <span class='ocrx_word' id='word_1_124' title='bbox 431 1651 466 1708; x_wconf 92' lang='lat' dir='ltr'>ut</span> <span class='ocrx_word' id='word_1_125' title='bbox 499 1644 601 1730; x_wconf 90' lang='lat' dir='ltr'>ipsius</span> <span class='ocrx_word' id='word_1_126' title='bbox 634 1643 665 1706; x_wconf 91' lang='lat' dir='ltr'>in</span> <span class='ocrx_word' id='word_1_127' title='bbox 698 1642 758 1715; x_wconf 90' lang='lat' dir='ltr'>bac</span> <span class='ocrx_word' id='word_1_128' title='bbox 787 1651 880 1729; x_wconf 86' lang='lat' dir='ltr'>parte</span> <span class='ocrx_word' id='word_1_129' title='bbox 916 1641 1077 1706; x_wconf 89' lang='lat' dir='ltr'>desiderio</span> <span class='ocrx_word' id='word_1_130' title='bbox 1113 1641 1257 1707; x_wconf 72' lang='lat' dir='ltr'>safisfiat.</span> <span class='ocrx_word' id='word_1_131' title='bbox 1292 1642 1412 1708; x_wconf 91' lang='lat' dir='ltr'>Datum</span> <span class='ocrx_word' id='word_1_132' title='bbox 1448 1645 1566 1710; x_wconf 84' lang='lat' dir='ltr'>Veletri</span> <span class='ocrx_word' id='word_1_133' title='bbox 1602 1645 1645 1711; x_wconf 87' lang='lat' dir='ltr'>X.</span> <span class='ocrx_word' id='word_1_134' title='bbox 1681 1645 1840 1713; x_wconf 82' lang='lat' dir='ltr'>kalendas</span> <span class='ocrx_word' id='word_1_135' title='bbox 1875 1648 2000 1735; x_wconf 86' lang='lat' dir='ltr'>aprilis.</span> 
     </span>
     <span class='ocr_line' id='line_1_13' title="bbox 243 1747 631 1836; baseline 0 -22"><span class='ocrx_word' id='word_1_136' title='bbox 243 1795 247 1802; x_wconf 80' lang='lat'><em>,</em></span> <span class='ocrx_word' id='word_1_137' title='bbox 314 1747 414 1816; x_wconf 73' lang='lat' dir='ltr'>Petet</span> <span class='ocrx_word' id='word_1_138' title='bbox 435 1748 631 1836; x_wconf 83' lang='lat' dir='ltr'>ingubljena.</span> 
     </span>
    </p>

    <p class='ocr_par' dir='ltr' id='par_1_3' title="bbox 463 1851 1108 1941">
     <span class='ocr_line' id='line_1_14' title="bbox 463 1851 1108 1941; baseline 0 -23"><span class='ocrx_word' id='word_1_139' title='bbox 463 1853 499 1919; x_wconf 80' lang='lat' dir='ltr'>Ia</span> <span class='ocrx_word' id='word_1_140' title='bbox 522 1875 625 1922; x_wconf 88' lang='lat' dir='ltr'>vana:</span> <span class='ocrx_word' id='word_1_141' title='bbox 649 1851 816 1940; x_wconf 86' lang='lat' dir='ltr'>Spalatiuo</span> <span class='ocrx_word' id='word_1_142' title='bbox 839 1851 1108 1941; x_wconf 88' lang='lat' dir='ltr'>Arcbiepiscopo.</span> 
     </span>
    </p>
   </div>
   <div class='ocr_carea' id='block_1_3' title="bbox 463 2051 1717 2129">
    <p class='ocr_par' dir='ltr' id='par_1_4' title="bbox 463 2051 1717 2129">
     <span class='ocr_line' id='line_1_15' title="bbox 463 2051 1717 2129; baseline 0.002 -19"><span class='ocrx_word' id='word_1_143' title='bbox 463 2053 569 2112; x_wconf 82' lang='lat' dir='ltr'>blatica</span> <span class='ocrx_word' id='word_1_144' title='bbox 587 2072 607 2111; x_wconf 87' lang='grc' dir='ltr'>ιι</span> <span class='ocrx_word' id='word_1_145' title='bbox 629 2071 653 2110; x_wconf 90' lang='lat' dir='ltr'>c.</span> <span class='ocrx_word' id='word_1_146' title='bbox 677 2053 706 2112; x_wconf 84' lang='lat' dir='ltr'>k.</span> <span class='ocrx_word' id='word_1_147' title='bbox 729 2052 882 2112; x_wconf 86' lang='lat' dir='ltr'>drorskom</span> <span class='ocrx_word' id='word_1_148' title='bbox 907 2053 1006 2110; x_wconf 79' lang='lat' dir='ltr'>arkiru</span> <span class='ocrx_word' id='word_1_149' title='bbox 1030 2070 1048 2108; x_wconf 91' lang='lat' dir='ltr'>u</span> <span class='ocrx_word' id='word_1_150' title='bbox 1074 2051 1159 2124; x_wconf 75' lang='lat' dir='ltr'>Beda,</span> <span class='ocrx_word' id='word_1_151' title='bbox 1183 2053 1279 2124; x_wconf 77' lang='lat' dir='ltr'>medJn</span> <span class='ocrx_word' id='word_1_152' title='bbox 1303 2054 1385 2126; x_wconf 90' lang='lat' dir='ltr'>pismi</span> <span class='ocrx_word' id='word_1_153' title='bbox 1410 2055 1527 2128; x_wconf 83' lang='lat' dir='ltr'>kaptola</span> <span class='ocrx_word' id='word_1_154' title='bbox 1549 2055 1717 2129; x_wconf 85' lang='lat' dir='ltr'>sle&#39;etskog.</span> 
     </span>
    </p>
   </div>
   <div class='ocr_carea' id='block_1_4' title="bbox 651 2344 1691 2603">
    <p class='ocr_par' dir='ltr' id='par_1_5' title="bbox 651 2344 1691 2603">
     <span class='ocr_line' id='line_1_16' title="bbox 669 2344 1691 2452; baseline 0.008 -23"><span class='ocrx_word' id='word_1_155' title='bbox 669 2344 944 2430; x_wconf 81' lang='lat' dir='ltr'>CLXXVIII.</span> <span class='ocrx_word' id='word_1_156' title='bbox 972 2345 1082 2430; x_wconf 70' lang='lat'>1185.</span> <span class='ocrx_word' id='word_1_157' title='bbox 1109 2347 1143 2426; x_wconf 89' lang='lat' dir='ltr'>l.</span> <span class='ocrx_word' id='word_1_158' title='bbox 1172 2345 1354 2448; x_wconf 79' lang='lat' dir='ltr'>svibnja.</span> <span class='ocrx_word' id='word_1_159' title='bbox 1383 2347 1421 2431; x_wconf 90' lang='lat' dir='ltr'>U</span> <span class='ocrx_word' id='word_1_160' title='bbox 1449 2346 1629 2452; x_wconf 75' lang='lat' dir='ltr'>Splletu.</span> <span class='ocrx_word' id='word_1_161' title='bbox 1688 2429 1691 2438; x_wconf 86' lang='lat'>.</span> 
     </span>
     <span class='ocr_line' id='line_1_17' title="bbox 651 2527 1657 2603; baseline -0.002 -13"><span class='ocrx_word' id='word_1_162' title='bbox 651 2529 825 2590; x_wconf 73' lang='lat' dir='ltr'>Naremet</span> <span class='ocrx_word' id='word_1_163' title='bbox 851 2528 998 2601; x_wconf 66' lang='lat' dir='ltr'>sarnum·</span> <span class='ocrx_word' id='word_1_164' title='bbox 1020 2527 1185 2603; x_wconf 64' lang='lat' dir='ltr'>anema</span> <span class='ocrx_word' id='word_1_165' title='bbox 1207 2527 1324 2600; x_wconf 66' lang='lat' dir='ltr'>saona,</span> <span class='ocrx_word' id='word_1_166' title='bbox 1349 2528 1464 2587; x_wconf 68' lang='lat' dir='ltr'>errata</span> <span class='ocrx_word' id='word_1_167' title='bbox 1487 2546 1508 2588; x_wconf 72' lang='lat' dir='ltr'>a</span> <span class='ocrx_word' id='word_1_168' title='bbox 1529 2528 1657 2603; x_wconf 65' lang='lat' dir='ltr'>musra.</span> 
     </span>
    </p>
   </div>
   <div class='ocr_carea' id='block_1_5' title="bbox 314 2715 1998 5022">
    <p class='ocr_par' dir='ltr' id='par_1_6' title="bbox 314 2715 1998 4492">
     <span class='ocr_line' id='line_1_18' title="bbox 465 2715 1996 2788; baseline 0.002 -5"><span class='ocrx_word' id='word_1_169' title='bbox 465 2717 503 2783; x_wconf 93' lang='lat' dir='ltr'>In</span> <span class='ocrx_word' id='word_1_170' title='bbox 518 2717 647 2784; x_wconf 91' lang='lat' dir='ltr'>nomine</span> <span class='ocrx_word' id='word_1_171' title='bbox 663 2725 774 2782; x_wconf 86' lang='lat' dir='ltr'>sancte</span> <span class='ocrx_word' id='word_1_172' title='bbox 790 2725 823 2780; x_wconf 89' lang='lat' dir='ltr'>et</span> <span class='ocrx_word' id='word_1_173' title='bbox 837 2715 1003 2782; x_wconf 81' lang='lat' dir='ltr'>indiuiduo</span> <span class='ocrx_word' id='word_1_174' title='bbox 1020 2715 1181 2781; x_wconf 80' lang='lat' dir='ltr'>trinitatis.</span> <span class='ocrx_word' id='word_1_175' title='bbox 1206 2715 1301 2780; x_wconf 89' lang='lat' dir='ltr'>Anno</span> <span class='ocrx_word' id='word_1_176' title='bbox 1317 2715 1359 2781; x_wconf 89' lang='lat' dir='ltr'>ab</span> <span class='ocrx_word' id='word_1_177' title='bbox 1376 2717 1600 2782; x_wconf 88' lang='lat' dir='ltr'>incarnacione</span> <span class='ocrx_word' id='word_1_178' title='bbox 1613 2717 1736 2783; x_wconf 90' lang='lat' dir='ltr'>domini</span> <span class='ocrx_word' id='word_1_179' title='bbox 1752 2718 1996 2788; x_wconf 83' lang='lat' dir='ltr'>MOLXXXV.</span> 
     </span>
     <span class='ocr_line' id='line_1_19' title="bbox 315 2821 1997 2908; baseline 0.001 -19"><span class='ocrx_word' id='word_1_180' title='bbox 315 2823 490 2890; x_wconf 86' lang='lat' dir='ltr'>indictione</span> <span class='ocrx_word' id='word_1_181' title='bbox 514 2823 586 2902; x_wconf 89' lang='grc' dir='ltr'><strong>ΙΙΙ.,</strong></span> <span class='ocrx_word' id='word_1_182' title='bbox 610 2823 740 2888; x_wconf 91' lang='lat' dir='ltr'>domiuo</span> <span class='ocrx_word' id='word_1_183' title='bbox 763 2821 865 2887; x_wconf 90' lang='lat' dir='ltr'>Lucio</span> <span class='ocrx_word' id='word_1_184' title='bbox 888 2844 973 2908; x_wconf 91' lang='lat' dir='ltr'>papa</span> <span class='ocrx_word' id='word_1_185' title='bbox 1004 2821 1064 2886; x_wconf 85' lang='grc' dir='ltr'><strong>ΙΙΙ.</strong></span> <span class='ocrx_word' id='word_1_186' title='bbox 1088 2821 1264 2908; x_wconf 88' lang='lat' dir='ltr'>apostolice</span> <span class='ocrx_word' id='word_1_187' title='bbox 1288 2821 1357 2886; x_wconf 90' lang='lat' dir='ltr'>sedi</span> <span class='ocrx_word' id='word_1_188' title='bbox 1382 2821 1574 2906; x_wconf 87' lang='lat' dir='ltr'>presidente,</span> <span class='ocrx_word' id='word_1_189' title='bbox 1598 2846 1637 2888; x_wconf 88' lang='lat' dir='ltr'>ac</span> <span class='ocrx_word' id='word_1_190' title='bbox 1661 2823 1791 2888; x_wconf 89' lang='lat' dir='ltr'>domiuo</span> <span class='ocrx_word' id='word_1_191' title='bbox 1822 2824 1903 2890; x_wconf 89' lang='lat' dir='ltr'>Bela</span> <span class='ocrx_word' id='word_1_192' title='bbox 1933 2826 1997 2892; x_wconf 91' lang='lat'>111.</span> 
     </span>
     <span class='ocr_line' id='line_1_20' title="bbox 314 2925 1993 3015; baseline 0 -19"><span class='ocrx_word' id='word_1_193' title='bbox 314 2929 483 3015; x_wconf 87' lang='lat' dir='ltr'>Hungarie</span> <span class='ocrx_word' id='word_1_194' title='bbox 506 2951 642 3014; x_wconf 89' lang='lat' dir='ltr'>reguum</span> <span class='ocrx_word' id='word_1_195' title='bbox 666 2929 878 3014; x_wconf 87' lang='lat' dir='ltr'>gubernante,</span> <span class='ocrx_word' id='word_1_196' title='bbox 904 2951 941 2992; x_wconf 90' lang='lat' dir='ltr'>ac</span> <span class='ocrx_word' id='word_1_197' title='bbox 966 2927 1095 2992; x_wconf 92' lang='lat' dir='ltr'>domiuo</span> <span class='ocrx_word' id='word_1_198' title='bbox 1118 2925 1260 2992; x_wconf 90' lang='lat' dir='ltr'>Henrico</span> <span class='ocrx_word' id='word_1_199' title='bbox 1284 2925 1351 2990; x_wconf 87' lang='lat' dir='ltr'>filio</span> <span class='ocrx_word' id='word_1_200' title='bbox 1371 2927 1439 2990; x_wconf 90' lang='lat' dir='ltr'>eius</span> <span class='ocrx_word' id='word_1_201' title='bbox 1463 2950 1501 2992; x_wconf 92' lang='lat' dir='ltr'>eo</span> <span class='ocrx_word' id='word_1_202' title='bbox 1525 2930 1654 2994; x_wconf 81' lang='lat' dir='ltr'>uiuente</span> <span class='ocrx_word' id='word_1_203' title='bbox 1679 2943 1841 3013; x_wconf 88' lang='lat' dir='ltr'>coronato,</span> <span class='ocrx_word' id='word_1_204' title='bbox 1874 2939 1905 2995; x_wconf 88' lang='lat' dir='ltr'>st</span> <span class='ocrx_word' id='word_1_205' title='bbox 1935 2931 1993 2996; x_wconf 84' lang='lat' dir='ltr'>do·</span> 
     </span>
     <span class='ocr_line' id='line_1_21' title="bbox 314 3030 1993 3120; baseline -0.001 -18"><span class='ocrx_word' id='word_1_206' title='bbox 314 3038 402 3102; x_wconf 91' lang='lat' dir='ltr'>mino</span> <span class='ocrx_word' id='word_1_207' title='bbox 425 3035 522 3101; x_wconf 89' lang='lat' dir='ltr'>Petro</span> <span class='ocrx_word' id='word_1_208' title='bbox 546 3035 704 3120; x_wconf 85' lang='lat' dir='ltr'>Hungaro</span> <span class='ocrx_word' id='word_1_209' title='bbox 722 3033 905 3100; x_wconf 81' lang='lat' dir='ltr'>,venerabili</span> <span class='ocrx_word' id='word_1_210' title='bbox 930 3032 1173 3118; x_wconf 86' lang='lat' dir='ltr'>archiepiscopo</span> <span class='ocrx_word' id='word_1_211' title='bbox 1197 3030 1412 3118; x_wconf 86' lang='lat' dir='ltr'>spalatensem</span> <span class='ocrx_word' id='word_1_212' title='bbox 1438 3033 1546 3097; x_wconf 88' lang='lat' dir='ltr'>sedem</span> <span class='ocrx_word' id='word_1_213' title='bbox 1570 3041 1710 3119; x_wconf 89' lang='lat' dir='ltr'>regente,</span> <span class='ocrx_word' id='word_1_214' title='bbox 1729 3033 1790 3099; x_wconf 90' lang='lat' dir='ltr'>hoc</span> <span class='ocrx_word' id='word_1_215' title='bbox 1806 3046 1914 3100; x_wconf 89' lang='lat' dir='ltr'>actum</span> <span class='ocrx_word' id='word_1_216' title='bbox 1931 3049 1993 3101; x_wconf 88' lang='lat' dir='ltr'>est.</span> 
     </span>
     <span class='ocr_line' id='line_1_22' title="bbox 315 3136 1997 3228; baseline 0 -21"><span class='ocrx_word' id='word_1_217' title='bbox 315 3140 477 3222; x_wconf 78' lang='lat' dir='ltr'>Quoniam</span> <span class='ocrx_word' id='word_1_218' title='bbox 500 3139 671 3228; x_wconf 87' lang='lat' dir='ltr'>pastoralis</span> <span class='ocrx_word' id='word_1_219' title='bbox 695 3139 794 3205; x_wconf 89' lang='lat' dir='ltr'>officii</span> <span class='ocrx_word' id='word_1_220' title='bbox 817 3161 903 3219; x_wconf 89' lang='lat' dir='ltr'>eura,</span> <span class='ocrx_word' id='word_1_221' title='bbox 929 3137 1047 3225; x_wconf 88' lang='lat' dir='ltr'>quibus</span> <span class='ocrx_word' id='word_1_222' title='bbox 1080 3160 1206 3202; x_wconf 86' lang='lat' dir='ltr'>summa</span> <span class='ocrx_word' id='word_1_223' title='bbox 1238 3136 1451 3224; x_wconf 90' lang='lat' dir='ltr'>spiritualium</span> <span class='ocrx_word' id='word_1_224' title='bbox 1485 3161 1591 3204; x_wconf 91' lang='lat' dir='ltr'>rerum</span> <span class='ocrx_word' id='word_1_225' title='bbox 1622 3141 1808 3222; x_wconf 87' lang='lat' dir='ltr'>comittitur,</span> <span class='ocrx_word' id='word_1_226' title='bbox 1841 3140 1997 3206; x_wconf 87' lang='lat' dir='ltr'>admonet</span> 
     </span>
     <span class='ocr_line' id='line_1_23' title="bbox 315 3242 1994 3334; baseline -0.001 -21"><span class='ocrx_word' id='word_1_227' title='bbox 315 3250 496 3328; x_wconf 89' lang='lat' dir='ltr'>uniuersos,</span> <span class='ocrx_word' id='word_1_228' title='bbox 520 3269 559 3311; x_wconf 90' lang='lat' dir='ltr'>ae</span> <span class='ocrx_word' id='word_1_229' title='bbox 581 3255 716 3334; x_wconf 88' lang='lat' dir='ltr'>paterna</span> <span class='ocrx_word' id='word_1_230' title='bbox 739 3245 921 3310; x_wconf 89' lang='lat' dir='ltr'>sollicitudo</span> <span class='ocrx_word' id='word_1_231' title='bbox 945 3247 1069 3327; x_wconf 89' lang='lat' dir='ltr'>inuitat,</span> <span class='ocrx_word' id='word_1_232' title='bbox 1095 3255 1129 3308; x_wconf 93' lang='lat' dir='ltr'>ut</span> <span class='ocrx_word' id='word_1_233' title='bbox 1152 3243 1307 3330; x_wconf 88' lang='lat' dir='ltr'>gregibus</span> <span class='ocrx_word' id='word_1_234' title='bbox 1334 3242 1395 3307; x_wconf 87' lang='lat' dir='ltr'>sibi</span> <span class='ocrx_word' id='word_1_235' title='bbox 1421 3245 1550 3308; x_wconf 86' lang='lat' dir='ltr'>creditis</span> <span class='ocrx_word' id='word_1_236' title='bbox 1574 3247 1619 3310; x_wconf 86' lang='lat' dir='ltr'>ita</span> <span class='ocrx_word' id='word_1_237' title='bbox 1641 3249 1779 3332; x_wconf 88' lang='lat' dir='ltr'>quisque</span> <span class='ocrx_word' id='word_1_238' title='bbox 1811 3247 1994 3332; x_wconf 85' lang='lat' dir='ltr'>prouideat,</span> 
     </span>
     <span class='ocr_line' id='line_1_24' title="bbox 316 3350 1996 3441; baseline 0 -23"><span class='ocrx_word' id='word_1_239' title='bbox 316 3353 403 3441; x_wconf 91' lang='lat' dir='ltr'>quod</span> <span class='ocrx_word' id='word_1_240' title='bbox 427 3353 576 3439; x_wconf 92' lang='lat' dir='ltr'>lnporum</span> <span class='ocrx_word' id='word_1_241' title='bbox 599 3350 760 3418; x_wconf 89' lang='lat' dir='ltr'>morsibus</span> <span class='ocrx_word' id='word_1_242' title='bbox 782 3373 843 3416; x_wconf 94' lang='lat' dir='ltr'>non</span> <span class='ocrx_word' id='word_1_243' title='bbox 868 3361 1072 3436; x_wconf 85' lang='lat' dir='ltr'>exponantur</span> <span class='ocrx_word' id='word_1_244' title='bbox 1094 3351 1234 3428; x_wconf 89' lang='lat' dir='ltr'>incaute,</span> <span class='ocrx_word' id='word_1_245' title='bbox 1252 3359 1285 3414; x_wconf 93' lang='lat' dir='ltr'>et</span> <span class='ocrx_word' id='word_1_246' title='bbox 1300 3371 1340 3414; x_wconf 91' lang='lat' dir='ltr'>ne</span> <span class='ocrx_word' id='word_1_247' title='bbox 1357 3372 1501 3434; x_wconf 90' lang='lat' dir='ltr'>congrua</span> <span class='ocrx_word' id='word_1_248' title='bbox 1512 3351 1681 3416; x_wconf 87' lang='lat' dir='ltr'>abutentes</span> <span class='ocrx_word' id='word_1_249' title='bbox 1699 3351 1838 3434; x_wconf 87' lang='lat' dir='ltr'>licentia,</span> <span class='ocrx_word' id='word_1_250' title='bbox 1856 3356 1996 3419; x_wconf 88' lang='lat' dir='ltr'>terrenis</span> 
     </span>
     <span class='ocr_line' id='line_1_25' title="bbox 317 3454 1995 3544; baseline -0.002 -18"><span class='ocrx_word' id='word_1_251' title='bbox 317 3457 494 3526; x_wconf 89' lang='lat' dir='ltr'>commodis</span> <span class='ocrx_word' id='word_1_252' title='bbox 519 3455 643 3522; x_wconf 89' lang='lat' dir='ltr'>inhiare</span> <span class='ocrx_word' id='word_1_253' title='bbox 666 3457 847 3537; x_wconf 87' lang='lat' dir='ltr'>videantur,</span> <span class='ocrx_word' id='word_1_254' title='bbox 872 3467 904 3520; x_wconf 91' lang='lat' dir='ltr'>et</span> <span class='ocrx_word' id='word_1_255' title='bbox 929 3479 969 3520; x_wconf 89' lang='lat' dir='ltr'>ne</span> <span class='ocrx_word' id='word_1_256' title='bbox 992 3456 1170 3520; x_wconf 89' lang='lat' dir='ltr'>animarum</span> <span class='ocrx_word' id='word_1_257' title='bbox 1203 3454 1293 3519; x_wconf 90' lang='lat' dir='ltr'>lucra</span> <span class='ocrx_word' id='word_1_258' title='bbox 1324 3456 1472 3520; x_wconf 91' lang='lat' dir='ltr'>omittant</span> <span class='ocrx_word' id='word_1_259' title='bbox 1501 3454 1674 3540; x_wconf 86' lang='lat' dir='ltr'>diligenter</span> <span class='ocrx_word' id='word_1_260' title='bbox 1704 3459 1879 3544; x_wconf 90' lang='lat' dir='ltr'>inquirere.</span> <span class='ocrx_word' id='word_1_261' title='bbox 1912 3457 1995 3524; x_wconf 88' lang='lat' dir='ltr'>Ideo</span> 
     </span>
     <span class='ocr_line' id='line_1_26' title="bbox 316 3559 1997 3652; baseline -0.002 -20"><span class='ocrx_word' id='word_1_262' title='bbox 316 3586 376 3652; x_wconf 89' lang='lat' dir='ltr'>ego</span> <span class='ocrx_word' id='word_1_263' title='bbox 400 3563 516 3632; x_wconf 90' lang='lat' dir='ltr'>Petrus</span> <span class='ocrx_word' id='word_1_264' title='bbox 541 3563 651 3628; x_wconf 88' lang='lat' dir='ltr'>diuina</span> <span class='ocrx_word' id='word_1_265' title='bbox 674 3563 803 3628; x_wconf 87' lang='lat' dir='ltr'>fauente</span> <span class='ocrx_word' id='word_1_266' title='bbox 824 3565 937 3648; x_wconf 89' lang='lat' dir='ltr'>gratia,</span> <span class='ocrx_word' id='word_1_267' title='bbox 964 3561 1121 3646; x_wconf 89' lang='lat' dir='ltr'>spalatine</span> <span class='ocrx_word' id='word_1_268' title='bbox 1152 3559 1239 3625; x_wconf 90' lang='lat' dir='ltr'>sedis</span> <span class='ocrx_word' id='word_1_269' title='bbox 1270 3561 1542 3647; x_wconf 88' lang='lat' dir='ltr'>archiepiscopus,</span> <span class='ocrx_word' id='word_1_270' title='bbox 1576 3562 1690 3628; x_wconf 86' lang='lat' dir='ltr'>videns</span> <span class='ocrx_word' id='word_1_271' title='bbox 1721 3563 1820 3630; x_wconf 87' lang='lat' dir='ltr'>multa</span> <span class='ocrx_word' id='word_1_272' title='bbox 1849 3568 1997 3630; x_wconf 84' lang='lat' dir='ltr'>enormis</span> 
     </span>
     <span class='ocr_line' id='line_1_27' title="bbox 317 3667 1998 3757; baseline 0.001 -22"><span class='ocrx_word' id='word_1_273' title='bbox 317 3693 375 3757; x_wconf 89' lang='lat' dir='ltr'>per</span> <span class='ocrx_word' id='word_1_274' title='bbox 398 3717 405 3734; x_wconf 90' lang='lat'>.</span> <span class='ocrx_word' id='word_1_275' title='bbox 431 3718 438 3734; x_wconf 93' lang='lat'>.</span> <span class='ocrx_word' id='word_1_276' title='bbox 464 3679 607 3734; x_wconf 90' lang='lat' dir='ltr'>nostrum</span> <span class='ocrx_word' id='word_1_277' title='bbox 632 3668 846 3756; x_wconf 86' lang='lat' dir='ltr'>spalatensem</span> <span class='ocrx_word' id='word_1_278' title='bbox 870 3667 1182 3752; x_wconf 89' lang='lat' dir='ltr'>archiepiscopatum</span> <span class='ocrx_word' id='word_1_279' title='bbox 1207 3669 1386 3748; x_wconf 88' lang='lat' dir='ltr'>emersisse,</span> <span class='ocrx_word' id='word_1_280' title='bbox 1406 3667 1680 3756; x_wconf 84' lang='lat' dir='ltr'>multiplicesque</span> <span class='ocrx_word' id='word_1_281' title='bbox 1713 3669 1917 3734; x_wconf 91' lang='lat' dir='ltr'>subditorum</span> <span class='ocrx_word' id='word_1_282' title='bbox 1948 3693 1998 3736; x_wconf 88' lang='lat' dir='ltr'>er·</span> 
     </span>
     <span class='ocr_line' id='line_1_28' title="bbox 317 3771 1997 3860; baseline -0.001 -19"><span class='ocrx_word' id='word_1_283' title='bbox 317 3797 408 3841; x_wconf 87' lang='lat' dir='ltr'>rores</span> <span class='ocrx_word' id='word_1_284' title='bbox 432 3775 640 3840; x_wconf 89' lang='lat' dir='ltr'>considerans</span> <span class='ocrx_word' id='word_1_285' title='bbox 663 3776 807 3860; x_wconf 88' lang='lat' dir='ltr'>grauiter</span> <span class='ocrx_word' id='word_1_286' title='bbox 830 3773 997 3859; x_wconf 89' lang='lat' dir='ltr'>pullulare,</span> <span class='ocrx_word' id='word_1_287' title='bbox 1023 3781 1057 3836; x_wconf 94' lang='lat' dir='ltr'>ut</span> <span class='ocrx_word' id='word_1_288' title='bbox 1080 3771 1210 3837; x_wconf 91' lang='lat' dir='ltr'>domino</span> <span class='ocrx_word' id='word_1_289' title='bbox 1234 3773 1422 3857; x_wconf 89' lang='lat' dir='ltr'>prouidente</span> <span class='ocrx_word' id='word_1_290' title='bbox 1457 3773 1647 3839; x_wconf 84' lang='lat' dir='ltr'>excessibus</span> <span class='ocrx_word' id='word_1_291' title='bbox 1671 3776 1768 3838; x_wconf 90' lang='lat' dir='ltr'>tantis</span> <span class='ocrx_word' id='word_1_292' title='bbox 1792 3774 1888 3840; x_wconf 85' lang='lat' dir='ltr'>finem</span> <span class='ocrx_word' id='word_1_293' title='bbox 1920 3797 1997 3840; x_wconf 91' lang='lat' dir='ltr'>con·</span> 
     </span>
     <span class='ocr_line' id='line_1_29' title="bbox 316 3877 1997 3968; baseline -0.001 -21"><span class='ocrx_word' id='word_1_294' title='bbox 316 3903 432 3968; x_wconf 84' lang='lat' dir='ltr'>gruum</span> <span class='ocrx_word' id='word_1_295' title='bbox 456 3883 633 3967; x_wconf 88' lang='lat' dir='ltr'>imponere,</span> <span class='ocrx_word' id='word_1_296' title='bbox 656 3889 753 3966; x_wconf 90' lang='lat' dir='ltr'>atque</span> <span class='ocrx_word' id='word_1_297' title='bbox 777 3877 972 3944; x_wconf 90' lang='lat' dir='ltr'>salutaribus</span> <span class='ocrx_word' id='word_1_298' title='bbox 996 3879 1124 3942; x_wconf 87' lang='lat' dir='ltr'>monitis</span> <span class='ocrx_word' id='word_1_299' title='bbox 1149 3878 1347 3943; x_wconf 90' lang='lat' dir='ltr'>audientium</span> <span class='ocrx_word' id='word_1_300' title='bbox 1372 3877 1470 3944; x_wconf 91' lang='lat' dir='ltr'>corda</span> <span class='ocrx_word' id='word_1_301' title='bbox 1495 3902 1622 3966; x_wconf 86' lang='lat' dir='ltr'>possem</span> <span class='ocrx_word' id='word_1_302' title='bbox 1647 3879 1831 3962; x_wconf 88' lang='lat' dir='ltr'>informare,</span> <span class='ocrx_word' id='word_1_303' title='bbox 1849 3880 1890 3945; x_wconf 94' lang='lat' dir='ltr'>de</span> <span class='ocrx_word' id='word_1_304' title='bbox 1907 3903 1997 3946; x_wconf 89' lang='lat' dir='ltr'>mau-</span> 
     </span>
     <span class='ocr_line' id='line_1_30' title="bbox 316 3983 1996 4074; baseline -0.002 -20"><span class='ocrx_word' id='word_1_305' title='bbox 316 3986 391 4054; x_wconf 82' lang='lat' dir='ltr'>dato</span> <span class='ocrx_word' id='word_1_306' title='bbox 415 3995 447 4051; x_wconf 88' lang='lat' dir='ltr'>st</span> <span class='ocrx_word' id='word_1_307' title='bbox 469 3985 634 4052; x_wconf 89' lang='lat' dir='ltr'>voluntate</span> <span class='ocrx_word' id='word_1_308' title='bbox 657 3986 773 4050; x_wconf 89' lang='lat' dir='ltr'>summi</span> <span class='ocrx_word' id='word_1_309' title='bbox 797 3985 968 4071; x_wconf 87' lang='lat' dir='ltr'>pontificis,</span> <span class='ocrx_word' id='word_1_310' title='bbox 993 3984 1025 4047; x_wconf 92' lang='lat' dir='ltr'>in</span> <span class='ocrx_word' id='word_1_311' title='bbox 1049 3992 1158 4048; x_wconf 89' lang='lat' dir='ltr'>nostra</span> <span class='ocrx_word' id='word_1_312' title='bbox 1174 3983 1350 4070; x_wconf 87' lang='lat' dir='ltr'>spalatensi</span> <span class='ocrx_word' id='word_1_313' title='bbox 1366 3986 1505 4068; x_wconf 89' lang='lat' dir='ltr'>ciuitate,</span> <span class='ocrx_word' id='word_1_314' title='bbox 1521 4007 1593 4049; x_wconf 91' lang='lat' dir='ltr'>cum</span> <span class='ocrx_word' id='word_1_315' title='bbox 1611 3984 1760 4050; x_wconf 88' lang='lat' dir='ltr'>omuibus</span> <span class='ocrx_word' id='word_1_316' title='bbox 1777 3985 1996 4074; x_wconf 82' lang='lat' dir='ltr'>suffraganeis</span> 
     </span>
     <span class='ocr_line' id='line_1_31' title="bbox 317 4077 1994 4177; baseline -0.002 -19"><span class='ocrx_word' id='word_1_317' title='bbox 317 4101 350 4158; x_wconf 92' lang='lat' dir='ltr'>et</span> <span class='ocrx_word' id='word_1_318' title='bbox 372 4077 555 4171; x_wconf 88' lang='lat' dir='ltr'>abbatibus,</span> <span class='ocrx_word' id='word_1_319' title='bbox 581 4113 640 4156; x_wconf 90' lang='lat' dir='ltr'>nec</span> <span class='ocrx_word' id='word_1_320' title='bbox 664 4112 728 4155; x_wconf 89' lang='lat' dir='ltr'>non</span> <span class='ocrx_word' id='word_1_321' title='bbox 755 4087 945 4154; x_wconf 88' lang='lat' dir='ltr'>clericorum</span> <span class='ocrx_word' id='word_1_322' title='bbox 970 4091 1071 4174; x_wconf 86' lang='lat' dir='ltr'>copia,</span> <span class='ocrx_word' id='word_1_323' title='bbox 1108 4089 1293 4176; x_wconf 90' lang='lat' dir='ltr'>generalem</span> <span class='ocrx_word' id='word_1_324' title='bbox 1327 4089 1495 4176; x_wconf 89' lang='lat' dir='ltr'>synodum,</span> <span class='ocrx_word' id='word_1_325' title='bbox 1532 4091 1683 4156; x_wconf 91' lang='lat' dir='ltr'>inuocata</span> <span class='ocrx_word' id='word_1_326' title='bbox 1717 4092 1823 4156; x_wconf 87' lang='lat' dir='ltr'>sancti</span> <span class='ocrx_word' id='word_1_327' title='bbox 1857 4093 1994 4177; x_wconf 89' lang='lat' dir='ltr'>spiritus</span> 
     </span>
     <span class='ocr_line' id='line_1_32' title="bbox 316 4194 1996 4284; baseline 0 -22"><span class='ocrx_word' id='word_1_328' title='bbox 316 4199 430 4284; x_wconf 85' lang='lat' dir='ltr'>gratia,</span> <span class='ocrx_word' id='word_1_329' title='bbox 454 4196 603 4262; x_wconf 85' lang='lat' dir='ltr'>kalendis</span> <span class='ocrx_word' id='word_1_330' title='bbox 627 4196 703 4260; x_wconf 89' lang='lat' dir='ltr'>maii</span> <span class='ocrx_word' id='word_1_331' title='bbox 727 4195 936 4260; x_wconf 89' lang='lat' dir='ltr'>deuotissime</span> <span class='ocrx_word' id='word_1_332' title='bbox 959 4194 1205 4260; x_wconf 87' lang='lat' dir='ltr'>celebrauimus.</span> <span class='ocrx_word' id='word_1_333' title='bbox 1230 4194 1268 4258; x_wconf 95' lang='lat' dir='ltr'>In</span> <span class='ocrx_word' id='word_1_334' title='bbox 1292 4217 1355 4281; x_wconf 88' lang='lat' dir='ltr'>qua</span> <span class='ocrx_word' id='word_1_335' title='bbox 1380 4195 1540 4278; x_wconf 88' lang='lat' dir='ltr'>videlicet,</span> <span class='ocrx_word' id='word_1_336' title='bbox 1566 4217 1628 4282; x_wconf 90' lang='lat' dir='ltr'>que</span> <span class='ocrx_word' id='word_1_337' title='bbox 1661 4195 1760 4280; x_wconf 90' lang='lat' dir='ltr'>digua</span> <span class='ocrx_word' id='word_1_338' title='bbox 1790 4199 1996 4262; x_wconf 88' lang='lat' dir='ltr'>correctione</span> 
     </span>
     <span class='ocr_line' id='line_1_33' title="bbox 317 4300 1994 4388; baseline -0.001 -20"><span class='ocrx_word' id='word_1_339' title='bbox 317 4301 520 4384; x_wconf 87' lang='lat' dir='ltr'>videbantur,</span> <span class='ocrx_word' id='word_1_340' title='bbox 545 4303 755 4383; x_wconf 83' lang='lat' dir='ltr'>correximus,</span> <span class='ocrx_word' id='word_1_341' title='bbox 780 4310 812 4365; x_wconf 90' lang='lat' dir='ltr'>et</span> <span class='ocrx_word' id='word_1_342' title='bbox 833 4323 897 4386; x_wconf 91' lang='lat' dir='ltr'>que</span> <span class='ocrx_word' id='word_1_343' title='bbox 920 4300 1049 4366; x_wconf 90' lang='lat' dir='ltr'>fuerunt</span> <span class='ocrx_word' id='word_1_344' title='bbox 1072 4300 1254 4386; x_wconf 88' lang='lat' dir='ltr'>plantanda,</span> <span class='ocrx_word' id='word_1_345' title='bbox 1279 4300 1409 4368; x_wconf 89' lang='lat' dir='ltr'>domino</span> <span class='ocrx_word' id='word_1_346' title='bbox 1432 4311 1636 4388; x_wconf 84' lang='lat' dir='ltr'>cooperante,</span> <span class='ocrx_word' id='word_1_347' title='bbox 1654 4302 1791 4387; x_wconf 91' lang='lat' dir='ltr'>prouida</span> <span class='ocrx_word' id='word_1_348' title='bbox 1807 4304 1994 4368; x_wconf 85' lang='lat' dir='ltr'>maturitate</span> 
     </span>
     <span class='ocr_line' id='line_1_34' title="bbox 319 4406 1432 4492; baseline -0.002 -18"><span class='ocrx_word' id='word_1_349' title='bbox 319 4410 462 4474; x_wconf 90' lang='lat' dir='ltr'>omnium</span> <span class='ocrx_word' id='word_1_350' title='bbox 484 4408 618 4473; x_wconf 82' lang='lat' dir='ltr'>fratrum</span> <span class='ocrx_word' id='word_1_351' title='bbox 642 4408 876 4472; x_wconf 89' lang='lat' dir='ltr'>communicato</span> <span class='ocrx_word' id='word_1_352' title='bbox 901 4406 1044 4488; x_wconf 87' lang='lat' dir='ltr'>consilio,</span> <span class='ocrx_word' id='word_1_353' title='bbox 1069 4406 1214 4492; x_wconf 86' lang='lat' dir='ltr'>plantare</span> <span class='ocrx_word' id='word_1_354' title='bbox 1238 4408 1432 4472; x_wconf 90' lang='lat' dir='ltr'>curauimus.</span> 
     </span>
    </p>

    <p class='ocr_par' dir='ltr' id='par_1_7' title="bbox 315 4511 1998 5022">
     <span class='ocr_line' id='line_1_35' title="bbox 467 4511 1985 4602; baseline 0.002 -24"><span class='ocrx_word' id='word_1_355' title='bbox 467 4515 497 4596; x_wconf 90' lang='lat'>(¹</span> <span class='ocrx_word' id='word_1_356' title='bbox 522 4511 586 4578; x_wconf 92' lang='lat' dir='ltr'>Ubi</span> <span class='ocrx_word' id='word_1_357' title='bbox 610 4535 688 4602; x_wconf 85' lang='lat' dir='ltr'>vero</span> <span class='ocrx_word' id='word_1_358' title='bbox 711 4511 1053 4577; x_wconf 84' lang='lat' dir='ltr'>anathematiuauimus</span> <span class='ocrx_word' id='word_1_359' title='bbox 1085 4533 1196 4576; x_wconf 89' lang='lat' dir='ltr'>omues</span> <span class='ocrx_word' id='word_1_360' title='bbox 1220 4521 1324 4577; x_wconf 88' lang='lat' dir='ltr'>sectas</span> <span class='ocrx_word' id='word_1_361' title='bbox 1347 4512 1571 4594; x_wconf 89' lang='lat' dir='ltr'>hereticorum,</span> <span class='ocrx_word' id='word_1_362' title='bbox 1604 4523 1636 4577; x_wconf 92' lang='lat' dir='ltr'>et</span> <span class='ocrx_word' id='word_1_363' title='bbox 1666 4532 1776 4578; x_wconf 90' lang='lat' dir='ltr'>eorum</span> <span class='ocrx_word' id='word_1_364' title='bbox 1807 4513 1985 4600; x_wconf 86' lang='lat' dir='ltr'>complices</span> 
     </span>
     <span class='ocr_line' id='line_1_36' title="bbox 319 4616 1990 4700; baseline 0.001 -15"><span class='ocrx_word' id='word_1_365' title='bbox 319 4629 431 4685; x_wconf 89' lang='lat' dir='ltr'>contra</span> <span class='ocrx_word' id='word_1_366' title='bbox 454 4627 691 4684; x_wconf 87' lang='lat' dir='ltr'>sacrosanctam</span> <span class='ocrx_word' id='word_1_367' title='bbox 715 4641 880 4683; x_wconf 91' lang='lat' dir='ltr'>romanam</span> <span class='ocrx_word' id='word_1_368' title='bbox 905 4617 1075 4682; x_wconf 87' lang='lat' dir='ltr'>ecclesiam</span> <span class='ocrx_word' id='word_1_369' title='bbox 1099 4619 1221 4682; x_wconf 90' lang='lat' dir='ltr'>eteius</span> <span class='ocrx_word' id='word_1_370' title='bbox 1247 4617 1425 4683; x_wconf 87' lang='lat' dir='ltr'>doctrinam</span> <span class='ocrx_word' id='word_1_371' title='bbox 1450 4616 1675 4700; x_wconf 89' lang='lat' dir='ltr'>oblaterautes,</span> <span class='ocrx_word' id='word_1_372' title='bbox 1701 4629 1732 4682; x_wconf 90' lang='lat' dir='ltr'>et</span> <span class='ocrx_word' id='word_1_373' title='bbox 1755 4640 1867 4684; x_wconf 86' lang='lat' dir='ltr'>omues</span> <span class='ocrx_word' id='word_1_374' title='bbox 1899 4619 1990 4686; x_wconf 91' lang='lat' dir='ltr'>iude·</span> 
     </span>
     <span class='ocr_line' id='line_1_37' title="bbox 318 4723 1996 4811; baseline 0 -21"><span class='ocrx_word' id='word_1_375' title='bbox 318 4725 384 4791; x_wconf 90' lang='lat' dir='ltr'>bite</span> <span class='ocrx_word' id='word_1_376' title='bbox 409 4723 620 4790; x_wconf 90' lang='lat' dir='ltr'>ecclesiastici</span> <span class='ocrx_word' id='word_1_377' title='bbox 644 4723 743 4789; x_wconf 88' lang='lat' dir='ltr'>officii</span> <span class='ocrx_word' id='word_1_378' title='bbox 762 4724 997 4805; x_wconf 85' lang='lat' dir='ltr'>verberatores,</span> <span class='ocrx_word' id='word_1_379' title='bbox 1015 4734 1046 4788; x_wconf 91' lang='lat' dir='ltr'>et</span> <span class='ocrx_word' id='word_1_380' title='bbox 1062 4724 1258 4788; x_wconf 88' lang='lat' dir='ltr'>decimarum</span> <span class='ocrx_word' id='word_1_381' title='bbox 1276 4733 1442 4804; x_wconf 90' lang='lat' dir='ltr'>terrarum,</span> <span class='ocrx_word' id='word_1_382' title='bbox 1460 4723 1686 4811; x_wconf 90' lang='lat' dir='ltr'>redituumque</span> <span class='ocrx_word' id='word_1_383' title='bbox 1699 4723 1996 4790; x_wconf 88' lang='lat' dir='ltr'>ecclesiasticorum</span> 
     </span>
     <span class='ocr_line' id='line_1_38' title="bbox 316 4827 1998 4918; baseline -0.001 -20"><span class='ocrx_word' id='word_1_384' title='bbox 316 4841 472 4918; x_wconf 84' lang='lat' dir='ltr'>raptores,</span> <span class='ocrx_word' id='word_1_385' title='bbox 497 4832 672 4906; x_wconf 85' lang='lat' dir='ltr'>inuasuros,</span> <span class='ocrx_word' id='word_1_386' title='bbox 696 4853 735 4895; x_wconf 91' lang='lat' dir='ltr'>ac</span> <span class='ocrx_word' id='word_1_387' title='bbox 757 4829 868 4897; x_wconf 90' lang='lat' dir='ltr'>illicite</span> <span class='ocrx_word' id='word_1_388' title='bbox 899 4841 1084 4908; x_wconf 86' lang='lat' dir='ltr'>retentores,</span> <span class='ocrx_word' id='word_1_389' title='bbox 1119 4829 1181 4894; x_wconf 86' lang='lat' dir='ltr'>nisi</span> <span class='ocrx_word' id='word_1_390' title='bbox 1212 4827 1310 4914; x_wconf 92' lang='lat' dir='ltr'>digna</span> <span class='ocrx_word' id='word_1_391' title='bbox 1342 4829 1559 4893; x_wconf 89' lang='lat' dir='ltr'>satisfecerint</span> <span class='ocrx_word' id='word_1_392' title='bbox 1594 4829 1823 4896; x_wconf 88' lang='lat' dir='ltr'>satisfactione.</span> <span class='ocrx_word' id='word_1_393' title='bbox 1862 4827 1929 4896; x_wconf 89' lang='lat' dir='ltr'>Ubi</span> <span class='ocrx_word' id='word_1_394' title='bbox 1963 4841 1998 4896; x_wconf 92' lang='lat' dir='ltr'>et</span> 
     </span>
     <span class='ocr_line' id='line_1_39' title="bbox 315 4933 1998 5022; baseline -0.001 -18"><span class='ocrx_word' id='word_1_395' title='bbox 315 4938 496 5018; x_wconf 87' lang='lat' dir='ltr'>statuimus,</span> <span class='ocrx_word' id='word_1_396' title='bbox 521 4945 557 5000; x_wconf 93' lang='lat' dir='ltr'>ut</span> <span class='ocrx_word' id='word_1_397' title='bbox 579 4957 689 5001; x_wconf 89' lang='lat' dir='ltr'>omues</span> <span class='ocrx_word' id='word_1_398' title='bbox 713 4935 901 5002; x_wconf 87' lang='lat' dir='ltr'>usualitates</span> <span class='ocrx_word' id='word_1_399' title='bbox 924 4937 1083 5021; x_wconf 91' lang='lat' dir='ltr'>antiquas,</span> <span class='ocrx_word' id='word_1_400' title='bbox 1109 4955 1190 5022; x_wconf 91' lang='lat' dir='ltr'>quas</span> <span class='ocrx_word' id='word_1_401' title='bbox 1214 4933 1352 5000; x_wconf 88' lang='lat' dir='ltr'>ecclesia</span> <span class='ocrx_word' id='word_1_402' title='bbox 1375 4933 1480 5000; x_wconf 83' lang='lat' dir='ltr'>sancti</span> <span class='ocrx_word' id='word_1_403' title='bbox 1502 4933 1635 5000; x_wconf 90' lang='lat' dir='ltr'>Domnii</span> <span class='ocrx_word' id='word_1_404' title='bbox 1660 4934 1827 5019; x_wconf 87' lang='lat' dir='ltr'>habuerat,</span> <span class='ocrx_word' id='word_1_405' title='bbox 1851 4945 1885 5000; x_wconf 93' lang='lat' dir='ltr'>et</span> <span class='ocrx_word' id='word_1_406' title='bbox 1900 4937 1998 5002; x_wconf 85' lang='lat' dir='ltr'>iuris·</span> 
     </span>
    </p>
   </div>
   <div class='ocr_carea' id='block_1_6' title="bbox 313 5156 1993 5342">
    <p class='ocr_par' dir='ltr' id='par_1_8' title="bbox 313 5156 1993 5342">
     <span class='ocr_line' id='line_1_40' title="bbox 470 5156 1993 5252; baseline 0.001 -23"><span class='ocrx_word' id='word_1_407' title='bbox 470 5167 480 5205; x_wconf 92' lang='lat'><strong>¹</strong></span> <span class='ocrx_word' id='word_1_408' title='bbox 503 5156 554 5229; x_wconf 71' lang='lat' dir='ltr'>dte</span> <span class='ocrx_word' id='word_1_409' title='bbox 577 5173 632 5246; x_wconf 93' lang='lat' dir='ltr'>pod</span> <span class='ocrx_word' id='word_1_410' title='bbox 654 5189 786 5251; x_wconf 79' lang='lat' dir='ltr'>saporem</span> <span class='ocrx_word' id='word_1_411' title='bbox 812 5167 825 5250; x_wconf 92' lang='lat'>(</span> <span class='ocrx_word' id='word_1_412' title='bbox 848 5165 860 5252; x_wconf 84' lang='grc'>)</span> <span class='ocrx_word' id='word_1_413' title='bbox 885 5172 975 5242; x_wconf 88' lang='lat' dir='ltr'>sliedi,</span> <span class='ocrx_word' id='word_1_414' title='bbox 999 5179 1066 5244; x_wconf 88' lang='lat' dir='ltr'>toga</span> <span class='ocrx_word' id='word_1_415' title='bbox 1083 5171 1178 5227; x_wconf 89' lang='lat' dir='ltr'>neima</span> <span class='ocrx_word' id='word_1_416' title='bbox 1200 5167 1267 5230; x_wconf 87' lang='lat' dir='ltr'>stari</span> <span class='ocrx_word' id='word_1_417' title='bbox 1283 5169 1335 5225; x_wconf 83' lang='lat' dir='ltr'>nai</span> <span class='ocrx_word' id='word_1_418' title='bbox 1356 5167 1460 5244; x_wconf 89' lang='lat' dir='ltr'>prepis,</span> <span class='ocrx_word' id='word_1_419' title='bbox 1476 5169 1527 5228; x_wconf 90' lang='lat' dir='ltr'>uiti</span> <span class='ocrx_word' id='word_1_420' title='bbox 1543 5167 1632 5228; x_wconf 81' lang='lat' dir='ltr'>Lucid</span> <span class='ocrx_word' id='word_1_421' title='bbox 1648 5187 1666 5226; x_wconf 93' lang='lat' dir='ltr'>u</span> <span class='ocrx_word' id='word_1_422' title='bbox 1684 5169 1773 5243; x_wconf 86' lang='lat' dir='ltr'>srojoj</span> <span class='ocrx_word' id='word_1_423' title='bbox 1793 5167 1869 5229; x_wconf 83' lang='lat' dir='ltr'>Hist.</span> <span class='ocrx_word' id='word_1_424' title='bbox 1892 5169 1993 5230; x_wconf 83' lang='lat' dir='ltr'>Dalm.</span> 
     </span>
     <span class='ocr_line' id='line_1_41' title="bbox 313 5258 1436 5342; baseline -0.003 -24"><span class='ocrx_word' id='word_1_425' title='bbox 313 5266 344 5328; x_wconf 78' lang='lat' dir='ltr'>ar</span> <span class='ocrx_word' id='word_1_426' title='bbox 365 5261 462 5324; x_wconf 78' lang='lat' dir='ltr'>Oroat.</span> <span class='ocrx_word' id='word_1_427' title='bbox 486 5278 643 5342; x_wconf 82' lang='lat' dir='ltr'>aegusam</span> <span class='ocrx_word' id='word_1_428' title='bbox 666 5258 783 5331; x_wconf 79' lang='lat' dir='ltr'>Parieti,</span> <span class='ocrx_word' id='word_1_429' title='bbox 807 5261 853 5332; x_wconf 89' lang='lat' dir='ltr'>koj</span> <span class='ocrx_word' id='word_1_430' title='bbox 878 5261 932 5316; x_wconf 88' lang='lat' dir='ltr'>isto</span> <span class='ocrx_word' id='word_1_431' title='bbox 955 5261 980 5315; x_wconf 84' lang='lat' dir='ltr'>ia</span> <span class='ocrx_word' id='word_1_432' title='bbox 1003 5261 1131 5333; x_wconf 85' lang='lat' dir='ltr'>drugoga</span> <span class='ocrx_word' id='word_1_433' title='bbox 1152 5259 1287 5330; x_wconf 84' lang='lat' dir='ltr'>rukopisa</span> <span class='ocrx_word' id='word_1_434' title='bbox 1310 5260 1436 5331; x_wconf 86' lang='lat' dir='ltr'>prepisa.</span> 
     </span>
    </p>
   </div>
   <div class='ocr_carea' id='block_1_7' title="bbox 0 0 2154 5924">
    <p class='ocr_par' dir='ltr' id='par_1_9' title="bbox 0 0 2154 5924">
     <span class='ocr_line' id='line_1_42' title="bbox 0 0 2154 5924; baseline 0 0"><span class='ocrx_word' id='word_1_435' title='bbox 0 0 2154 5924; x_wconf 95' lang='lat' dir='ltr'> </span> 
     </span>
    </p>
   </div>
  </div>
 </body>
</html>
