4310 5918
300 410 341 475 78

300 599 415 686 religio
438 600 479 666 ad
504 599 696 664 soliditatem
721 599 808 682 fidei,
846 609 877 665 et
900 599 940 664 ad
966 599 1106 686 lapidem
1137 603 1327 686 pertineat,¹
1352 603 1434 666 sicut
1457 605 1611 688 scriptum
1636 615 1706 670 est:
1730 605 1781 670 Tu
1805 629 1840 670 es
1865 606 1984 672 Petrus

299 717 332 770 et
355 728 452 792 super
474 704 558 768 hane
583 716 704 789 petram
723 705 900 770 aedificabo
926 705 1094 770 ecclesiam
1113 727 1226 789 meam,
1244 705 1405 787 videlieet,
1423 708 1500 792 quid
1513 710 1526 746 ¹
1540 708 1627 773 aliud
1645 708 1762 792 dicere,
1780 711 1840 774 nisi
1857 711 1985 797 absque

299 811 555 898 reprehensione,
574 821 606 874 et
629 811 660 872 in
686 809 762 874 fidei
786 810 902 874 robore
936 811 1115 891 solidatam,
1142 834 1204 874 non
1241 813 1409 876 habentem
1444 812 1602 878 maculam
1637 825 1693 880 aut
1723 838 1850 900 rugam,
1875 840 1895 880 a
1918 838 1984 901 qua

299 938 409 980 omnes
442 913 600 978 ecclesiae
633 923 863 998 augumentum
900 911 1139 1000 intelligentiae,
1172 926 1271 1002 atquc
1302 940 1448 1002 saporem
1481 917 1584 982 bonae
1619 919 1785 984 doctrinae
1817 923 1983 1005 suscipere

298 1019 425 1086 debent.
442 1020 486 1084 Et
509 1021 584 1105 quia
600 1019 685 1083 fama
709 1019 873 1084 reuelante
889 1023 1109 1104 cognocimus,
1131 1043 1186 1105 per
1203 1021 1342 1084 confinia
1366 1024 1465 1086 tuae³
1489 1023 1660 1109 parochias
1683 1023 1779 1088 aliam
1801 1024 1982 1089 doctrinam

299 1125 466 1211 pullulare,
491 1147 573 1210 quac
598 1127 629 1188 in
654 1127 754 1188 sacris
786 1124 1004 1188 voluminibus
1021 1149 1082 1189 non
1102 1127 1271 1210 reperitur,
1295 1126 1412 1192 vobis⁴
1436 1128 1617 1192 tacentibus
1641 1139 1673 1192 et
1696 1129 1983 1210 consentientibus,

301 1229 394 1294 valde
419 1229 589 1310 doluimus,
616 1231 706 1292 iuxta
729 1228 808 1294 illud
843 1228 997 1313 apostoli:
1023 1230 1152 1315 Siquis
1183 1231 1270 1294 aliud
1303 1233 1458 1314 docuerit,
1490 1247 1617 1319 praeter
1647 1233 1679 1298 id
1712 1233 1797 1320 quod
1823 1234 1982 1298 iusseris

254 1412 258 1418 ι
298 1335 476 1400 canonibus
500 1345 596 1419 atque
620 1333 838 1398 voluminibus
857 1335 1022 1418 reperitur,
1042 1336 1137 1398 etiam
1161 1338 1186 1399 si
1212 1335 1345 1421 angelus
1361 1337 1401 1402 de
1425 1338 1513 1406 coelo
1531 1338 1635 1420 fuerit,
1652 1339 1822 1404 anathema
1845 1339 1897 1402 sit
1915 1335 1981 1402 Sed

298 1441 383 1505 abslt
407 1439 467 1504 hoc
491 1463 510 1502 a
530 1437 688 1518 fidelibus,
713 1440 767 1524 qui
786 1437 948 1502 Christum
966 1437 1084 1520 colunt,
1102 1453 1135 1504 et
1150 1439 1244 1504 aliam
1260 1443 1358 1504 vitam
1377 1464 1434 1527 per
1451 1444 1656 1506 orationem⁵
1679 1467 1713 1507 se
1736 1442 1872 1507 credunt
1885 1462 1981 1527 posse

298 1547 426 1626 babere,
459 1555 494 1609 ut
517 1544 696 1608 doctrinam
714 1542 875 1627 euangelii
908 1555 1004 1629 atque
1035 1567 1194 1609 canonum
1224 1545 1396 1624 volumina,
1424 1547 1664 1634 apostolicaque
1688 1549 1784 1612 etiam
1809 1559 1985 1634 praecepta

299 1652 600 1738 praetermittentes,
624 1649 665 1714 ad
694 1648 851 1713 Methodii
882 1648 1059 1714 doctrinam
1078 1649 1272 1734 confugiant,
1296 1674 1388 1737 quem
1414 1655 1444 1718 in
1470 1652 1556 1718 nullo
1573 1653 1736 1719 volumine
1761 1655 1844 1718 inter
1869 1673 1980 1716 sacros

297 1761 443 1822 auctores
458 1757 681 1840 comperimus.
696 1753 790 1818 Unde
801 1743 971 1818 'hortamur
984 1778 1042 1820 vos
1056 1755 1188 1820 dilectos
1200 1758 1224 1831 ¹,
1249 1766 1284 1820 ut
1295 1779 1367 1820 eum
1392 1759 1509 1820 nostris
1526 1759 1686 1862 episcopis
1710 1758 1837 1848 doanne
1853 1757 1982 1821 scilicet

297 1873 427 1926 sanctae
450 1863 661 1924 anconitanae
685 1869 717 1924 et
740 1859 849 1924 Leone
864 1869 994 1924 sanctae
1008 1859 1226 1946 palestrinae⁷
1257 1859 1466 1926 ecclesiarum
1496 1861 1547 1926 dei
1578 1863 1688 1945 iuncti,
1719 1871 1899 1948 cunctaque
1922 1883 1983 1947 per

298 1966 537 2032 salonitanam⁸
559 1975 676 2030 terram
692 1965 845 2030 audacter
868 1967 1029 2050 corrigere
1054 1967 1227 2050 satagatis,
1252 1989 1290 2030 ea
1310 1969 1450 2054 nempe⁹
1473 1969 1606 2050 ratione,
1631 1979 1666 2031 ut
1696 1965 1783 2032 nullo
1818 1966 1913 2032 modo
1936 1966 1980 2032 ab

298 2072 425 2138 illorum
451 2071 706 2156 supradictorum
741 2070 964 2155 cpiscoporum
998 2071 1143 2136 doctrina
1175 2073 1207 2134 in
1239 2070 1346 2156 aliquo
1382 2073 1513 2136 deuiare
1545 2075 1766 2159 praesumatis,
1805 2074 1848 2136 ita
1872 2087 1907 2135 ut
1930 2093 1979 2136 se-

297 2177 436 2244 cundum
458 2200 561 2242 mores
575 2187 705 2242 sanctae
718 2199 869 2242 romanae
882 2173 1037 2242 ecclesiae
1053 2179 1084 2240 in
1100 2175 1329 2241 Sclauouorum
1347 2177 1373 2214 ¹¹¹
1388 2187 1474 2240 terra
1491 2179 1701 2242 ministerium
1720 2175 1869 2240 sacrificii
1886 2199 1980 2262 pera·

203 2288 207 2300 ‘
297 2295 375 2368 gant
390 2285 422 2347 in
447 2282 544 2347 latina
568 2281 692 2346 scilicet
715 2283 834 2363 lingna.
858 2293 1044 2348 nouantem
1070 2283 1102 2346 in
1126 2293 1289 2362 extranea,
1308 2283 1384 2367 quia
1401 2281 1507 2346 nullus
1524 2282 1608 2348 filius
1626 2282 1748 2368 aliquid
1765 2282 1852 2368 loqui
1871 2282 1978 2365 debet,

297 2387 350 2453 vel
373 2411 496 2474 sapere,
522 2389 583 2452 nisi
607 2398 641 2452 ut
670 2398 760 2473 pater
781 2391 810 2452 ei
828 2389 1056 2468 insinuauerit;
1079 2397 1111 2452 et
1127 2389 1203 2472 quia
1223 2386 1330 2450 Sclaui
1349 2386 1572 2473 specialissimi
1592 2387 1647 2454 lilii
1672 2398 1801 2452 sanctae
1825 2411 1980 2452 romanas
2078 2421 2093 2446 .

297 2491 452 2558 ecclesiae
478 2501 561 2573 sunt,
586 2493 617 2556 in
643 2492 791 2556 doctrina
810 2495 921 2580 matris
938 2515 1126 2578 permanere
1151 2475 1279 2575 debent,
1303 2496 1386 2557 sicut
1408 2495 1453 2558 ait
1476 2493 1662 2578 apostolusr
1686 2493 1790 2558 Filioli
1814 2516 1895 2578 quos
1920 2515 1980 2578 per

296 2597 474 2662 doctrinam
498 2595 659 2681 euangelii
685 2619 744 2682 ego
769 2599 875 2681 genui,
900 2602 1101 2670 eteiterum:
1125 2597 1212 2662 lilius
1236 2599 1365 2682 sapiens
1390 2598 1541 2662 laetificat
1564 2607 1697 2684 patrem.
1723 2598 1760 2662 In
1781 2598 1842 2661 hoc
1866 2591 1979 2683 utique

296 2702 484 2788 gaudemus,
509 2703 536 2764 si
560 2701 668 2766 Sclaui
694 2711 833 2765 nostram
869 2701 1047 2766 doctrinam
1073 2705 1163 2789 sequi
1188 2702 1438 2782 delectantur,¹¹
1474 2713 1508 2767 ut
1539 2703 1599 2766 deo
1623 2702 1815 2768 sacrificium
1848 2713 1979 2785 gratum

296 2807 480 2872 exhibeant.
506 2805 667 2884 Quoniam
691 2808 745 2891 qui
768 2829 830 2870 non
856 2807 919 2870 fide
933 2809 1122 2889 sacrificant,
1142 2831 1201 2872 nec
1215 2809 1243 2846 ¹¹
1265 2808 1325 2872 deo
1351 2831 1431 2894 pura
1447 2793 1600 2872 libamina
1616 2807 1763 2872 offerunt.
1790 2801 1913 2870 Vereor
1938 2828 1980 2872 ne

296 2912 360 2978 this
383 2914 499 2994 veniat,
525 2910 611 2998 quod
635 2913 788 2998 scriptum
813 2923 881 2976 est:
906 2911 1097 2978 Maledictus
1131 2912 1225 2978 homo
1249 2915 1302 2998 qui
1328 2935 1425 2999 opera
1449 2912 1500 2977 dei
1525 2911 1726 2996 negligenter
1759 2911 1847 2976 facit.
1880 2911 1980 2976 Uude

295 3040 355 3083 vos
380 3040 502 3098 moneo,
527 3028 562 3082 ut
585 3016 669 3082 mala
693 3018 787 3082 radix
811 3025 841 3081 in
866 3019 983 3082 vestris
1007 3018 1152 3102 partibus
1185 3019 1315 3082 minime
1340 3016 1479 3103 pululet3
1513 3017 1569 3082 sed
1602 3029 1710 3081 vestra
1737 3015 1981 3102 praedicatione

294 3122 427 3189 assidua
449 3123 610 3187 desiccata
625 3123 652 3160 ¹¹¹
673 3133 817 3205 maneat;
842 3133 877 3187 ut
900 3123 960 3188 deo
984 3122 1121 3186 fructum
1143 3122 1241 3187 offere
1260 3123 1394 3186 valeatis
1419 3145 1475 3207 per
1497 3122 1769 3208 praedicationem
1794 3123 1893 3186 vestri
1921 3124 1980 3186 mi·

297 3229 430 3322 nisterii,
454 3231 551 3292 alium
574 3229 795 3310 centesimum,
819 3226 916 3292 aliurn
941 3229 1189 3313 sexagesimum.
1216 3225 1279 3305 Qui
1302 3227 1398 3292 habet
1421 3250 1515 3292 aures
1539 3227 1691 3292 audiendi
1709 3227 1828 3292 audiat.

454 3410 483 3466 12
505 3410 639 3482 ruropns
661 3393 1008 3480 barberinske‘knjitnice
1032 3427 1048 3463 u
1072 3408 1164 3467 simu.
1190 3408 1258 3464 coi.
1283 3407 1361 3464 xvi.
1394 3409 1443 3463 35.
1468 3409 1578 3482 (3481)
1602 3409 1656 3464 ue.
1684 3409 1754 3464 ms.
1778 3411 1805 3464 a

718 3825 851 3910 xcss.
879 3825 969 3908 (tho
995 3847 1032 3924 g.
1060 3823 1276 3909 see-act.
1305 3823 1342 3908 U
1374 3823 1553 3926 Spljctu.

296 3981 413 4084 Zokoni
434 4025 446 4082 i
470 4025 597 4084 naredbe
625 4025 764 4083 ortuenih
795 4024 922 4082 soboroh
955 4021 1082 4080 drionih
1104 4039 1126 4079 u
1146 4019 1262 4094 spuere
1283 4037 1321 4080 za
1346 4023 1453 4081 oricme
1468 4023 1646 4094 hrootstopo
1669 4020 1769 4092 trotio
1795 4019 1977 4095 Toniislovo,

294 4131 493 4203 auhumelmpu
516 4131 610 4188 tenena
630 4128 772 4201 Miholjo.
788 4129 800 4186 t
811 4127 976 4200 papatissa
998 4126 1177 4199 postanikuh
1200 4127 1307 4194 Iouna,
1331 4126 1435 4184 Leone
1457 4129 1469 4184 i
1492 4127 1692 4186 Modolberto.
1716 4144 1737 4184 a
1758 4126 1885 4198 prisutc
1908 4126 1977 4184 soih

834 4231 981 4303 bishupoh
1003 4231 1157 4289 hroatsltih
1179 4231 1191 4288 i
1213 4231 1437 4290 dalmatiuskih.

453 4405 614 4490 'Rempore
637 4403 772 4468 Joannis
790 4424 901 4488 papae,
919 4403 1123 4466 sanctissimo
1144 4400 1312 4466 consulatu
1330 4413 1503 4488 peragente
1527 4404 1559 4466 in
1590 4403 1755 4487 prouincia
1780 4399 1976 4466 Creatorum

294 4521 327 4576 et
349 4509 585 4576 Dalmatiarum
610 4508 727 4574 finibus
745 4506 908 4572 Tamislao
928 4529 1013 4592 rege,
1037 4517 1068 4571 et
1091 4505 1250 4570 Michaele
1274 4509 1306 4570 in
1324 4510 1389 4571 suis
1413 4507 1532 4572 finibus
1557 4508 1759 4594 praesidente
1779 4495 1875 4589 dude,
1900 4506 1976 4571 bea-

294 4611 418 4680 tissimo
443 4617 540 4699 igitur
561 4614 689 4679 Joanne
712 4635 864 4678 romanae
899 4609 1054 4676 ecclcsiae
1078 4611 1280 4697 praesidente
1305 4612 1465 4694 cathedra,
1498 4613 1603 4676 dictus
1634 4611 1826 4677 (limatorum
1858 4619 1978 4706 rexet

294 4717 433 4784 Michael
457 4742 529 4783 cum
554 4720 620 4782 suis
645 4717 842 4804 proceribus,
867 4717 1026 4804 simulque
1061 4718 1220 4802 episcopis
1246 4715 1497 4800 Dalmatiarum,
1522 4719 1597 4783 item
1621 4717 1764 4784 Joannes
1797 4717 1974 4802 archiepis·

293 4845 393 4911 copus
409 4826 531 4910 primus
544 4823 605 4910 (in)
623 4822 762 4904 Spaleto,
778 4821 804 4860 ¹¹
828 4821 1008 4899 Forminus‚
1025 4819 1203 4906 Gregorius
1227 4825 1426 4908 caeterisque
1443 4825 1603 4910 episcopis
1618 4825 1644 4864 ¹⁵
1675 4821 1879 4888 consolanter
1902 4845 1974 4908 pro-

294 4939 471 5016 posuerunt
493 4927 613 4993 dictum
631 4929 657 4968 ¹⁶
679 4927 897 4993 venerabilem
921 4948 1038 5013 papam
1062 4937 1096 4991 ut
1112 4925 1153 4992 ad
1178 4949 1232 4991 eos
1250 4927 1412 4992 destinare
1436 4929 1624 5014 dignaretur
1648 4929 1816 5016 episcopos
1841 4951 1916 4992 suos
1941 4935 1976 4994 et

406 5159 466 5222 ¹F.
484 5164 614 5234 pertinet.
643 5158 704 5217 ΕΡ.
729 5163 813 5233 quod.
850 5157 910 5217 3Ε.
935 5169 1053 5216 restrae.
1083 5155 1145 5215 ⁴1⁴1.
1170 5162 1260 5217 nobis.
1293 5158 1354 5218 η’.
1378 5163 1578 5232 operationem.
1609 5159 1673 5219 ⁶1⁴¹.
1696 5164 1879 5222 dilectissimi.
1918 5159 1973 5222 ΤΕ

292 5251 469 5332 palestricae.
501 5247 560 5304 ⁸1⁴¹.
578 5250 767 5305 sclauinicam.
792 5246 851 5310 ⁹1⁴¹.
872 5249 1011 5304 videlicet.
1041 5243 1069 5280 ¹⁰
1084 5248 1115 5305 F.
1133 5249 1335 5306 Sclauinorum.
1365 5246 1385 5282 ¹¹
1404 5251 1437 5308 F.
1463 5252 1645 5308 delectentur.
1675 5247 1749 5310 ΝΕ.
1766 5260 1803 5308 et.
1834 5245 1908 5308 ¹³1³.
1925 5255 1976 5309 de·

293 5337 412 5398 saccata.
443 5333 511 5396 ¹⁴1³.
533 5357 561 5418 p.
585 5337 710 5410 Spalato.
740 5333 809 5391 ¹¹1³.
834 5337 973 5410 izpravio:
999 5336 1159 5406 caeterique
1181 5337 1314 5410 episcopi.
1345 5332 1371 5371 ¹⁶
1386 5339 1418 5393 F.
1443 5339 1479 5394 D.
1504 5339 1659 5414 (domium).
