4310 5918
767 587 873 672 CLI.
901 587 992 669 ouo
1017 609 1056 686 g.
1083 587 1199 670 lusu·

48 784 51 788 ’
144 784 230 842 Peter
251 789 323 856 opat
346 789 518 844 somoetcmo
545 801 587 842 so.
604 785 762 844 Krdmano
778 801 798 841 u
815 783 929 856 Zadrrr,
944 783 1068 858 prednje
1091 784 1182 858 MqJ‘u
1204 784 1276 842 sinn
1299 782 1399 842 Barba
1422 801 1463 842 no
1485 784 1572 856 nJ'etn
1594 785 1700 842 meme
1716 785 1823 856 cenula

332 909 353 948 u
372 891 459 964 polJ'u
482 890 662 960 Lukoronu,
684 891 729 950 §to
747 891 786 962 ju
809 889 902 963 chade.
927 895 1102 948 samostonu
1126 891 1255 949 dorovoo
1279 889 1390 958 Dobro,
1412 891 1461 949 sin
1483 891 1651 961 Ntttsorov.

297 1061 377 1144 †ln
412 1061 540 1126 nominc
572 1060 624 1124 dei
658 1061 769 1126 eterni.
801 1059 923 1126 Futura
954 1061 1192 1126 recordacionis
1227 1062 1342 1128 litteris
1371 1061 1536 1140 notificare
1575 1061 1764 1146 satagimus,
1790 1071 1824 1124 ut

143 1169 276 1254 posteris
303 1177 441 1252 pateant,
460 1177 494 1231 ut
513 1169 539 1230 si
557 1168 630 1252 quis
647 1189 666 1230 a
682 1168 817 1230 veritato
834 1167 1017 1232 exorbitare
1042 1167 1187 1250 voluerit,
1205 1169 1293 1254 ipsas
1310 1167 1431 1231 litteras
1449 1166 1523 1252 (sic)
1541 1165 1677 1229 eundem
1694 1175 1818 1250 arguat.

142 1273 209 1356 Ego
234 1271 374 1358 denique
397 1271 432 1337 P.
458 1275 559 1336 sancti
577 1270 773 1354 Ghrisogoni
790 1271 892 1349 abbas
918 1272 1025 1336 breuis
1046 1271 1158 1336 litteris
1183 1273 1265 1337 facio
1289 1271 1329 1337 da
1353 1271 1493 1359 quodam
1530 1282 1631 1336 terras
1655 1273 1686 1335 in
1710 1294 1824 1356 campo

47 1433 55 1454 ,
141 1377 331 1460 Lancarani,
355 1377 396 1442 ab
413 1377 553 1442 ecclesia
570 1379 673 1441 saneti
691 1376 861 1441 Laurencii
879 1381 970 1462 quasi
990 1401 1101 1464 passos
1123 1381 1302 1466 sexaginta,
1333 1379 1364 1442 in
1390 1389 1479 1464 parte
1500 1376 1702 1460 occidentali,
1727 1399 1823 1464 quem

142 1483 251 1547 Dabro
275 1483 343 1546 filio
368 1479 524 1547 Niehifori
546 1505 604 1570 pro
628 1481 770 1546 remedio
794 1485 900 1547 anime
936 1506 993 1548 sue
1018 1487 1048 1548 in
1073 1483 1168 1549 domo
1193 1485 1296 1549 sancti
1325 1483 1490 1547 Laurentii
1522 1481 1679 1564 offerens,
1712 1493 1824 1568 postca

139 1605 214 1652 vcro
241 1587 366 1670 obiens,
390 1588 496 1652 Maius
520 1589 585 1654 filio
610 1589 715 1653 Barba
737 1588 902 1653 abstraere
926 1611 989 1653 non
1021 1593 1143 1671 metuit,
1168 1589 1226 1654 sed
1250 1589 1412 1654 abstracta
1436 1587 1679 1674 aliquantulum,
1712 1591 1823 1654 vineas

139 1693 257 1758 ibidem
283 1695 345 1758 sibi
370 1699 562 1781 composuit.
586 1695 649 1760 Pro
673 1718 737 1783 qua
761 1719 795 1759 re
819 1718 879 1780 ego
907 1697 1046 1784 quadarn
1070 1695 1122 1759 die
1139 1696 1172 1759 in
1190 1697 1377 1782 episcopatu
1396 1695 1553 1758 iadertine
1573 1694 1659 1758 sedis
1677 1697 1825 1775 conueni,

142 1810 293 1885 presente
316 1799 446 1864 domino
470 1798 634 1886 Stephano
651 1801 795 1864 eiusdem
824 1799 979 1865 cathedra
995 1799 1167 1881 residente,
1190 1809 1222 1864 et
1238 1798 1385 1865 Candido
1411 1801 1505 1886 prior,
1531 1809 1563 1864 et
1586 1799 1691 1864 Maius
1724 1798 1823 1872 iudex

139 1913 170 1968 et
191 1903 266 1968 aliis
292 1903 400 1990 plures
425 1905 599 1987 nobilibus,
624 1927 705 1991 quos
726 1903 858 1990 longum
882 1916 968 1970 esset
993 1929 1138 1971 enarare.
1164 1906 1278 1994 Ibique
1300 1905 1439 1992 plurima
1472 1915 1546 1970 sunt
1576 1917 1769 1987 mernorataJ
1792 1917 1824 1970 et

137 2009 221 2094 qnod
248 2011 368 2074 iniuste
391 2033 410 2073 a
434 2010 529 2074 domo
564 2009 616 2075 dei
640 2011 745 2076 fuerat
775 2012 983 2094 abstractum,
1020 2015 1102 2077 iuste
1135 2011 1270 2077 reddere
1301 2021 1350 2078 est
1380 2011 1566 2094 iudicatum,
1600 2022 1634 2076 ut
1665 2021 1768 2076 terras
1792 2021 1824 2077 et

138 2117 209 2178 vine
212 2137 249 2178 as
276 2115 374 2178 sitin
400 2118 623 2202 perpetuum
616 2139 648 2179 m
673 2115 810 2180 ecclesia
845 2119 948 2181 sancti
972 2117 1144 2186 Laurencii
1178 2127 1210 2181 et
1240 2117 1340 2181 nobis
1365 2119 1547 2204 nostrisque
1580 2101 1831 2182 successoribus

139 2219 382 2306 possidendum.
404 2219 476 2284 Hoc
499 2231 605 2284 actum
630 2231 679 2285 est
701 2243 808 2286 coram
843 2223 1108 2308 supramemorati
1133 2231 1242 2286 testes.
1268 2221 1332 2286 Sed
1356 2222 1486 2286 tandem
1511 2221 1622 2286 diuina
1645 2221 1822 2286 clemencia

137 2325 327 2410 inspirante,
350 2335 446 2410 atque
470 2325 692 2390 misericordia
715 2335 905 2407 commotus,
931 2327 1051 2412 placuit
1075 2325 1172 2391 michi
1194 2328 1338 2412 meisque
1373 2327 1587 2392 contratribus
1610 2337 1644 2392 ut
1668 2329 1755 2414 ipsas
1779 2329 1824 2392 vi·
1913 2409 1915 2415 Ι
1984 2379 1986 2384 ,

137 2453 213 2494 neas
226 2429 270 2493 ad
286 2431 356 2516 ipso
372 2430 459 2495 Maio
474 2433 507 2494 in
525 2432 593 2494 vita
614 2453 672 2495 sna
689 2432 757 2496 sine
783 2431 891 2518 aliquo
915 2454 1012 2496 censo
1031 2433 1169 2496 retinere
1201 2429 1417 2514 concedimus,
1441 2443 1512 2518 post
1535 2431 1722 2497 abscessum
1747 2455 1825 2496 vcro

136 2539 204 2600 eius
228 2537 256 2598 si
279 2537 352 2622 quis
370 2557 411 2599 ex
435 2559 493 2600 suo
518 2559 636 2620 genere
660 2560 730 2601 carn
755 2554 798 2600 ret
806 2539 893 2602 inere
918 2536 1064 2620 voluerit,
1088 2537 1202 2602 reddat
1226 2547 1341 2622 quarta
1365 2537 1396 2600 in
1414 2537 1509 2601 domo
1526 2539 1628 2603 saneti
1645 2537 1822 2604 Laurentii.

137 2639 177 2704 Et
201 2641 265 2704 hoc
288 2651 395 2707 actum
420 2653 467 2706 est
491 2644 693 2727 presentibus
719 2645 787 2706 istis
820 2642 972 2708 testibus:
1008 2644 1170 2730 Imprimis
1199 2641 1306 2706 Fusco
1339 2639 1482 2724 Branza,
1516 2641 1823 2762 DominicMehine,
1891 2668 1896 2672 ·

138 2743 250 2809 Dabro
276 2745 440 2812 Snathola.
465 2747 614 2812 Andreas
639 2746 704 2812 lilio
728 2747 856 2812 diaconi
881 2747 1021 2832 Martini,
1047 2758 1078 2814 et
1102 2747 1256 2813 Dahrana
1279 2749 1344 2813 filio
1370 2748 1455 2812 Petri
1480 2745 1572 2836 Lipe.

299 2929 409 2985 Listina
424 2947 476 2984 ora
493 2931 592 3002 pisana
607 2949 645 2986 na
668 2931 788 3003 malanoj
805 2931 967 3002 pergameni
989 2931 1108 3006 piameni
1130 2931 1181 2987 Χῖ.
1204 2931 1295 3000 viche,
1316 2929 1388 2987 duva
1410 2948 1440 2986 se
1463 2947 1481 2986 u
1504 2929 1690 3004 aagrebadkoj
1714 2931 1824 3003 nemalj

137 3015 313 3086 piamohrani
335 3019 429 3090 medJ‘u
453 3019 632 3090 najatei-iJimi
657 3015 790 3077 listinanri
816 3019 886 3078 Doc.
912 3019 947 3076 V.
1185 3033 1187 3040 '

734 3295 860 3381 ocu.
888 3297 1004 3382 roco.
1033 3295 1069 3380 u
1098 3293 1227 3380 ann
1298 3285 1302 3288 ·
1394 3403 1400 3410 .

247 3464 399 3528 Kresimir
421 3469 480 3529 IV.
503 3469 583 3544 trolj
602 3469 737 3531 tractati
760 3469 868 3539 dorcic
889 3473 1064 3530 somostonu
1086 3485 1129 3529 ao.
1153 3467 1312 3528 Krteoouo
1333 3486 1355 3527 ιι
1379 3467 1483 3528 Zodru
1502 3469 1568 3528 otot
1591 3467 1713 3530 Manat.
1798 3441 1800 3446 ¹

300 3631 321 3722 †'
345 3637 504 3718 Quoniam
525 3640 703 3706 diuinitatis
721 3640 840 3704 eximia
857 3639 1013 3705 celsitudo
1031 3661 1173 3705 summos
1190 3660 1228 3703 ac
1244 3639 1393 3702 minimos
1417 3661 1481 3704 non
1507 3640 1601 3705 modo
1626 3663 1683 3726 pro
1701 3642 1822 3706 meritis

136 3765 251 3808 verum
269 3745 365 3808 etiarn
386 3745 625 3830 dispensatione
641 3745 801 3832 profunda
818 3723 963 3812 terrenos
987 3744 1122 3830 largitur
1144 3744 1281 3810 honores
1306 3753 1338 3808 et
1362 3745 1455 3810 modo
1473 3746 1691 3838 inuestigabili
1716 3746 1822 3812 elatrat

137 3849 372 3924 sublimandos,
390 3861 422 3914 et
437 3850 621 3914 sublimium
639 3851 851 3937 superborum
871 3851 954 3916 colla
970 3851 1155 3938 pessundet,
1174 3861 1209 3914 ut
1224 3849 1395 3914 ineffabilis
1421 3850 1536 3916 iudicis
1560 3850 1724 3916 ineffabile
1747 3875 1823 3939 quc-

137 3976 199 4040 que
215 3955 380 4019 'iudicium
406 3966 599 4041 perseueret,
624 3966 656 4021 et
679 3958 908 4042 omnipotentis
933 3955 1090 4021 discrecio
1110 3978 1153 4021 ex
1181 3957 1351 4020 inexausto
1376 3955 1553 4040 procedens
1587 3955 1674 4021 fonte
1698 3967 1826 4022 terrena

138 4059 308 4146 dispenset
331 4060 474 4145 imperia.
498 4059 576 4125 Ideo
601 4083 661 4146 ego
686 4059 891 4144 Cresimirus,
917 4061 1027 4126 diuina
1051 4063 1154 4147 gratia
1171 4059 1328 4146 largiente
1352 4058 1511 4126 (lhroacie
1534 4069 1631 4148 atqua
1654 4061 1823 4127 Dalmacie

142 4165 210 4228 iura
236 4163 436 4250 gubernans,
472 4187 574 4252 acque
598 4172 650 4230 aui
675 4169 737 4230 mei
762 4167 854 4232 beate
881 4169 1032 4232 memorie
1055 4166 1221 4248 Cresimir,
1246 4169 1341 4251 regia,
1367 4167 1532 4253 patrisque
1547 4169 1618 4236 ,mei
1644 4170 1732 4253 regis
1756 4167 1825 4233 Ste-

58 4305 63 4318 =
139 4269 235 4356 pharii
255 4271 290 4332 in
308 4269 398 4334 elisio
415 4291 527 4355 campo
551 4269 687 4336 feliciter
704 4272 910 4358 quiescentis,
933 4271 1075 4338 habenas
1089 4273 1179 4358 regni
1205 4273 1356 4349 retinens,
1378 4294 1462 4336 anno
1488 4272 1650 4336 dominice
1675 4275 1819 4338 incarna-

138 4376 241 4440 cionis
258 4373 363 4440 Jhesu
388 4373 520 4456 Christi,
537 4375 657 4439 domini
676 4378 774 4441 nostri
792 4375 997 4456 MLXVIIII,
1022 4377 1198 4444 indictione
1222 4375 1296 4460 Vll,
1319 4387 1432 4463 epacta
1455 4399 1532 4442 vero
1557 4377 1662 4463 (XX).
1688 4377 1729 4442 V.
1752 4399 1825 4444 con-

138 4489 292 4546 currente
315 4479 373 4562 lll,
391 4481 423 4544 in
441 4489 550 4544 nostro
567 4483 701 4557 nonensi
717 4483 870 4547 cenaculo
888 4481 1044 4565 residens,
1064 4505 1129 4547 una
1152 4505 1223 4546 cum
1241 4483 1360 4546 nostris
1385 4483 1523 4568 iupanis,
1540 4482 1712 4548 comitibus
1729 4491 1826 4569 atque

139 4585 242 4668 banis,
270 4585 443 4672 capellanis
468 4589 563 4651 etiam
584 4598 692 4652 nostre
716 4588 834 4674 regalis
859 4585 942 4669 aule,
966 4590 1108 4672 cogitare
1132 4587 1212 4674 cepi,
1236 4585 1375 4674 qualiter
1400 4589 1603 4672 omnipotens
1628 4587 1707 4653 deus
1731 4587 1825 4654 here·

139 4691 249 4758 ditarii
283 4694 375 4776 regni
404 4695 466 4757 mei
488 4715 642 4758 concessa
665 4693 885 4779 gubernacula
909 4701 1118 4758 conseruerat
1138 4703 1169 4757 et
1193 4692 1362 4757 animabus
1387 4715 1530 4760 meorum
1555 4692 1821 4778 predecessorum

139 4801 287 4884 requiem
305 4805 449 4862 eternam
466 4797 609 4862 donaret.
625 4797 740 4864 Inueni
771 4797 870 4864 nichil
902 4801 934 4864 in
966 4797 1117 4885 operibus
1145 4799 1299 4862 memorie
1329 4797 1469 4882 dignius,
1498 4797 1661 4884 nichilque
1686 4798 1746 4863 deo
1771 4822 1823 4864 ac-

138 4902 336 4990 ceptabilius
366 4924 462 4988 quam
498 4913 530 4968 et
551 4915 660 4968 nostra
684 4905 826 4969 terrestri
857 4903 932 4968 aula
963 4925 1174 4989 supernorum
1207 4905 1325 4968 ciuium
1357 4913 1453 4989 atque
1485 4914 1667 4970 sanctorum
1699 4915 1826 4970 sacrata

138 5009 328 5075 habitacula
354 5008 623 5094 possessionibus,
649 5009 898 5095 muneribusque
938 5008 1040 5074 ditare
1064 5007 1243 5092 condignis.
1275 5007 1379 5092 igitur
1410 5010 1496 5095 quia·
1517 5008 1596 5074 deus
1620 5009 1822 5094 omnipotens

140 5125 226 5182 terra
243 5117 391 5200 marique
417 5125 560 5178 nostrum
586 5113 790 5199 prolongauit
805 5111 939 5198 ragnum
961 5113 1164 5180 decreuimus
1181 5124 1214 5177 et
1232 5121 1379 5200 prompto
1400 5115 1507 5178 animo
1532 5113 1747 5178 stabiliuimus
1763 5136 1826 5180 mo-

139 5224 318 5288 nasterium
336 5205 751 5308 sanctissimi‘Ghisogoni)
776 5221 925 5301 martiris,
950 5221 1041 5286 cuius
1065 5218 1251 5285 venerabile
1268 5239 1385 5304 corpus
1409 5218 1492 5283 infra
1515 5218 1659 5284 eiusdem
1684 5219 1824 5284 ciuitatis

139 5329 249 5396 menia
268 5327 446 5414 requiescit
461 5325 581 5412 prediis
597 5335 693 5410 atque
717 5325 982 5411 possessionibns.
1000 5325 1166 5410 honorare,
1191 5325 1286 5390 simul
1309 5319 1387 5416 quia
1408 5325 1440 5390 in
1462 5326 1562 5412 gestis
1587 5333 1828 5396 antecessorum
1913 5351 1915 5355 ·

1705 5427 1723 5469 a
