4292 5926
1760 391 1805 455 43

125 582 288 666 debemus,
313 592 345 648 st
368 605 479 648 omnes
501 583 675 650 Veneticos
699 584 806 650 saluos
829 593 862 650 et
884 607 1016 649 securos
1039 593 1071 648 et
1095 585 1164 649 sine
1185 583 1423 674 omnindatione
1439 586 1471 649 in
1489 583 1639 650 omuibus
1658 581 1805 669 partibus

125 690 243 754 nostris
266 687 474 753 retinebimus
499 697 531 754 et
554 691 844 756 manutenebimus.

271 794 343 880 Ego
364 793 522 860 Viuiunus
545 797 683 882 scriptor
706 807 757 861 etc
789 797 985 862 autenticum
1009 796 1105 860 istum
1129 817 1202 860 cum
1226 796 1341 861 tribus
1354 794 1468 880 sigillis
1492 816 1566 860 cere
1597 802 1630 859 ct
1662 816 1727 864 uuo
1763 794 1804 857 si·

124 899 200 984 gillo
225 899 264 965 de
288 901 419 986 plumbo
443 902 546 987 posito
571 925 627 988 per
651 913 919 990 prememoratum
943 901 1058 968 ducem
1081 901 1149 967 vidi
1172 911 1205 966 et
1227 901 1420 988 exemplaui.

275 1099 405 1156 Priobllio
429 1102 466 1154 mi
486 1101 537 1155 Dr.
561 1101 690 1158 Kendler
712 1102 737 1157 iz
760 1104 856 1164 Trsts.

816 1395 954 1477 LXII.
984 1396 1094 1490 1150.

122 1573 277 1649 Noviyrud
299 1593 319 1633 u
342 1575 427 1652 Ietrl,
450 1575 584 1650 eboriacis
606 1593 637 1635 se
660 1577 838 1636 Mlelcarsom
853 1575 965 1636 turdum
988 1576 1107 1653 ujerom,
1132 1575 1172 1633 du
1195 1575 1226 1634 ce
1248 1577 1289 1634 r'm
1308 1577 1473 1648 pripomoti
1495 1593 1532 1635 sa
1546 1576 1664 1648 svojr'mt'
1685 1573 1805 1633 brodovi

649 1681 711 1742 11αὰ
733 1682 762 1740 br'
784 1681 900 1740 udurili
921 1698 963 1740 no
987 1679 1091 1740 Zadur
1113 1681 1150 1740 ili
1171 1681 1279 1742 Jotin.

273 1867 339 1932 Nos
363 1868 494 1955 quidem
518 1891 629 1934 omues
654 1869 694 1934 de
716 1871 847 1935 ciuitate
870 1868 971 1948 Nova,
998 1870 1175 1934 iurauimus
1199 1891 1297 1954 super
1313 1878 1451 1955 quotuor
1467 1868 1519 1934 dei
1532 1867 1706 1952 euangelia
1728 1867 1805 1932 fide·

123 1973 245 2036 litatem
269 1973 363 2038 besto
387 1973 498 2039 Marco
521 1973 667 2061 apostolo
691 1983 723 2040 et
747 1973 947 2060 euangeliste
970 1985 1002 2038 et
1025 1974 1155 2040 domino
1181 1985 1289 2039 nostro
1322 1974 1494 2039 Dominico
1528 1973 1724 2039 Mauroceno
1757 1975 1802 2036 in-

122 2077 198 2143 clito
221 2077 295 2142 duci
321 2077 544 2158 Venetiarum,
572 2089 604 2144 et
627 2081 696 2166 ejus
721 2079 962 2144 successoribus
984 2081 1017 2143 in
1038 2091 1228 2166 perpetuum
1253 2080 1401 2145 similiter
1430 2080 1537 2145 faeere
1568 2090 1600 2144 et
1631 2079 1806 2144 obseruare

124 2179 347 2268 promittimus.
373 2184 473 2248 Beato
499 2207 576 2249 vero
602 2185 710 2250 Marco
733 2184 879 2271 apostolo
910 2208 967 2271 per
1002 2208 1263 2273 unumquemque
1300 2209 1419 2250 enorum
1455 2187 1670 2274 quadraginta
1705 2184 1805 2248 libras

123 2287 183 2352 olei
217 2289 257 2353 ad
283 2287 455 2354 luminaria
478 2290 556 2355 dare
580 2293 797 2376 promittimus
830 2289 874 2355 Et
897 2313 1008 2354 omnes
1036 2290 1211 2357 Veneticos
1244 2291 1350 2356 saluos
1385 2303 1416 2356 et
1449 2314 1579 2356 securos
1616 2293 1685 2356 sine
1721 2292 1806 2356 omni

123 2391 252 2458 datione
273 2396 305 2458 in
329 2395 478 2460 omnibus
501 2396 646 2482 pertibus
670 2400 753 2461 sicut
774 2407 901 2461 nostros
936 2399 1087 2461 concines
1118 2397 1237 2462 babere
1268 2409 1300 2461 ct
1332 2407 1540 2464 manutenere
1572 2397 1738 2478 debemus,
1775 2405 1807 2459 et

124 2497 239 2562 stolum
267 2499 435 2566 vobiscum
459 2501 566 2566 fecere
590 2502 631 2566 ad
655 2501 792 2582 Jadrem
816 2510 848 2566 et
871 2503 1049 2584 Anconam,
1074 2526 1132 2568 uos
1162 2503 1329 2568 vobiscum
1361 2503 1479 2568 stolum
1510 2503 1619 2569 fucere
1650 2503 1806 2590 promitti·

124 2626 204 2687 mus,
230 2607 291 2669 nisi
312 2628 370 2691 per
393 2629 451 2671 vos
474 2612 675 2672 remanserit.

271 2736 343 2822 Ego
365 2737 524 2803 Viuienus
548 2741 685 2825 scriptor
706 2748 767 2803 etc.
791 2707 988 2804 sutenticum
1015 2742 1110 2804 istum
1135 2762 1206 2805 oum
1224 2740 1327 2806 tribus
1343 2739 1458 2826 sigillis
1476 2764 1549 2805 cere
1565 2751 1597 2804 et
1618 2760 1681 2804 uno
1698 2736 1806 2822 sigillo
1851 2771 1863 2788 ι
1888 2709 1890 2717 ¹

124 2841 163 2907 de
187 2842 321 2930 plumbo
346 2847 449 2930 posito
473 2867 529 2931 per
553 2853 822 2931 prememoratum
847 2845 962 2911 ducem
986 2846 1053 2910 vidi
1078 2857 1111 2910 et
1134 2845 1327 2932 exemplaui.

273 3041 404 3098 Prionoto
426 3044 462 3098 mi
486 3043 537 3103 Dr.
563 3045 691 3102 Kandler
713 3045 738 3100 iz
762 3045 857 3105 Trsts.

813 3339 974 3420 LXIII.
1002 3339 1113 3422 1150.

124 3512 211 3574 Grod
236 3516 311 3589 Pub'
333 3533 354 3575 u
378 3512 463 3595 lutri,
485 3517 621 3591 obvelru'e
639 3535 671 3578 se
692 3517 874 3578 Mlettouom
896 3519 1011 3579 turdum
1033 3519 1151 3595 mecm,
1174 3519 1214 3576 du
1238 3517 1268 3576 te
1291 3519 1332 3576 im
1348 3517 1460 3591 protect
1481 3534 1502 3575 u
1525 3515 1805 3590 pomocsaeoojimi

580 3640 708 3712 nouos,
732 3642 793 3701 sau
815 3643 844 3700 u
862 3641 977 3700 suasu
997 3659 1039 3700 na
1063 3609 1167 3721 iasar
1186 3641 1222 3700 to·
1243 3641 1349 3700 rasin.

275 3826 342 3891 Nos
366 3827 497 3914 quidem
521 3825 669 3893 Andreas
693 3827 881 3915 Deloposito
906 3829 1146 3917 (Locopositus)
1172 3839 1231 3895 etc.
1266 3829 1345 3918 (Hic
1371 3831 1490 3894 omissa
1522 3837 1595 3893 sunt
1625 3830 1658 3892 in
1689 3827 1802 3893 codice

126 3935 257 3997 nomine
277 3932 414 3998 aliorum
444 3933 482 3998 14
515 3935 635 3998 civium
659 3933 772 4022 Polus)
796 3958 869 4000 oum
894 3935 1029 4000 consilio
1061 3937 1204 4023 episcopi
1236 3937 1347 4016 nostrl,
1382 3937 1590 4020 omniumque
1625 3944 1807 3999 nostrorum

126 4039 245 4102 ciuium
267 4039 422 4102 melorum
447 4040 680 4122 comicorum,
704 4041 736 4105 in
761 4064 900 4128 persona
923 4041 1295 4107 Dominici-ltlauroceni
1320 4040 1379 4105 filii
1405 4039 1495 4105 ducis
1519 4053 1551 4105 et
1575 4039 1617 4103 M.
1631 4039 1807 4105 Gredonici

126 4146 287 4230 capitanei
311 4144 383 4210 stoli
407 4143 636 4211 Veneticorum
660 4155 693 4212 et
717 4147 888 4212 multorum
913 4149 1095 4234 sapientum
1119 4146 1317 4212 Venetorum
1341 4149 1374 4210 in
1398 4149 1468 4233 ipso
1501 4143 1593 4228 stolo,
1623 4147 1805 4211 iurauimus

127 4250 315 4316 fidelitatem
339 4251 470 4316 domino
495 4251 666 4317 Dominico
690 4253 895 4336 Meurooeno,
915 4253 1037 4340 inclyto
1061 4254 1136 4318 duci
1161 4253 1378 4334 Veneriorum,
1403 4253 1537 4338 eiusque
1561 4252 1803 4316 successoribus

126 4357 159 4420 in
182 4367 383 4442 perpetuum,
408 4367 440 4422 et
463 4359 605 4422 iurantes
636 4361 815 4423 iurauimus
845 4370 877 4423 et
907 4358 1108 4423 stabilientes
1143 4357 1370 4439 stabiliuimus,
1405 4357 1493 4443 quod
1528 4379 1639 4422 omues
1678 4367 1806 4423 nostros

127 4461 274 4526 homines
297 4485 317 4526 a
340 4462 531 4528 duodecimo
555 4487 638 4528 enno
662 4466 821 4540 inantea,
844 4465 980 4530 eandem
1004 4465 1192 4529 fidelitatem
1217 4464 1341 4550 prefato
1365 4463 1495 4528 domino
1519 4475 1628 4528 nostro
1653 4463 1727 4528 duci
1761 4463 1807 4527 fs-

127 4591 200 4632 cere
224 4568 465 4654 compellemus,
489 4579 521 4633 et
545 4570 694 4635 omnibus
718 4571 959 4636 suecessoribus
984 4572 1052 4634 eius
1076 4573 1108 4634 in
1134 4581 1334 4655 perpetuum,
1360 4590 1418 4632 nos
1443 4590 1555 4632 omnes
1580 4570 1663 4635 sicut
1694 4569 1807 4632 intenti

126 4672 292 4756 fuerimus,
317 4673 413 4740 simili
438 4675 532 4738 modo
556 4675 741 4742 fidelitatem
766 4675 873 4741 fecere
896 4675 1061 4750 debemus,
1088 4685 1119 4738 et
1140 4696 1250 4738 omnes
1283 4673 1430 4739 Venetici
1461 4672 1544 4738 salui
1579 4685 1611 4736 et
1641 4677 1746 4738 securi
1770 4683 1804 4738 et

127 4781 194 4844 sine
219 4780 307 4844 omni
331 4779 460 4844 datione
484 4782 517 4844 in
541 4781 689 4847 omnibus
715 4785 833 4847 nostris
857 4781 1066 4862 districtibus,
1091 4783 1124 4843 in
1146 4783 1225 4844 mari
1250 4790 1282 4844 et
1305 4781 1337 4843 in
1362 4791 1447 4844 terra
1471 4783 1542 4844 e‘sse
1567 4777 1696 4843 debent.

276 4911 320 4976 Et
341 4936 361 4977 a
384 4914 489 5000 prims
512 4915 679 4979 natiuitste
711 4915 842 4998 domini,
874 4937 969 5000 quem
1006 4923 1214 4998 expectamus
1250 4914 1281 4976 in
1315 4921 1419 4992 antes,
1457 4933 1514 5000 per
1545 4933 1809 4997 unumquemque

126 5041 254 5098 annum,
280 5018 344 5082 duo
369 5018 517 5084 milliaria
540 5035 580 5084 oe
604 5021 683 5102 oleo,
709 5021 740 5084 id
764 5031 813 5084 est
834 5024 866 5084 in
889 5042 985 5106 opere
1006 5022 1107 5084 sancti
1132 5019 1234 5084 Marci
1263 5028 1294 5082 et
1324 5017 1417 5082 aliter
1441 5017 1645 5082 luminarium
1677 5017 1800 5102 persol-

129 5145 205 5186 uere
231 5146 309 5188 vere
344 5123 510 5204 debemus,
536 5127 615 5188 etsi
641 5149 659 5187 a
683 5125 846 5190 Medulino
869 5147 971 5211 usque
996 5125 1156 5210 Ruignum
1182 5125 1319 5210 aliquem
1346 5123 1501 5187 latronem
1526 5126 1558 5186 in
1583 5146 1670 5186 mare
1700 5144 1809 5186 sense-

126 5229 235 5313 rimus,
258 5252 331 5296 eum
356 5233 384 5295 si
407 5253 587 5317 possumus,
610 5254 726 5319 cepere
748 5231 914 5314 debemus,
939 5242 970 5296 et
993 5253 1065 5296 uum
1090 5241 1156 5296 tots
1180 5233 1253 5296 naui
1279 5229 1413 5320 domino¹
1430 5239 1539 5295 nostro
1556 5228 1632 5292 duci
1649 5227 1802 5293 mandere
