4350 5932
950 589 1107 672 LVIII.
1133 591 1357 677 824-826.

308 791 445 866 Euperat’o
468 789 515 850 11.
536 806 621 862 papa
646 787 758 860 startia
777 787 839 860 pud
861 787 940 845 alost
976 786 1207 862 laureacensltoq
1225 789 1418 864 nadoislsupo
1458 789 1566 862 Yrulsa
1591 761 1743 863 Hunm'iu,
1768 740 1788 852 I.
1807 757 1834 864 ‚h
1858 791 2006 859 Avensa,

889 893 1066 964 Merousion,
1092 893 1243 966 Panonou
1274 894 1436 968 thiestis.

473 1048 642 1133 Eugenius
659 1048 840 1133 episeopus,
856 1069 969 1112 seruus
987 1069 1154 1110 seruorum
1170 1045 1230 1128 dei,
1256 1045 1432 1112 Rathlredo
1458 1059 1588 1115 sanotae
1604 1050 1817 1115 Fauianensis
1834 1050 2004 1134 ecclesiae,

308 1163 342 1220 et
359 1151 532 1219 Methodio
549 1151 706 1216 ecclesiae
724 1150 853 1237 Speculi
872 1151 892 1216 J
897 1150 1037 1233 uliensis,
1054 1173 1136 1237 quae
1153 1161 1185 1214 et
1209 1151 1466 1237 Soriguturansis
1482 1166 1705 1241 nuncupatur„
1722 1165 1818 1241 atque
1841 1154 2003 1235 Alewino,

309 1270 447 1324 sanctae
470 1257 686 1322 Nitrauiensis
718 1255 885 1338 ecclesiae,
910 1265 1043 1342 parique
1067 1257 1162 1321 modo
1186 1259 1326 1338 Annoni,
1351 1269 1481 1322 sanctae
1505 1259 1717 1325 vetuarensis
1737 1260 1893 1324 ecelesias
1917 1266 2004 1345 epis·

311 1365 411 1450 copis,
424 1361 519 1427 simul
532 1363 627 1426 etiam
643 1347 818 1444 Tutlundo,
832 1383 892 1425 nee
909 1383 971 1425 non
989 1361 1147 1426 Moimaro
1165 1361 1311 1440 ducibus,
1325 1371 1356 1427 et
1372 1364 1588 1450 optimatibus,
1607 1365 1871 1451 exercitibusque
1896 1362 2003 1450 plebis

311 1469 475 1550 Hunniae,
505 1490 588 1554 quae
622 1479 654 1532 et
680 1468 803 1532 Aueria
833 1467 959 1546 dicitur,
993 1479 1026 1530 et
1058 1467 1234 1530 Morauiae.
1261 1466 1431 1532 Desiderio
1463 1469 1575 1534 salutis
1599 1472 1781 1535 animarum
1807 1481 2001 1552 vestrarum,

311 1574 369 1639 filii
397 1577 429 1639 in
454 1573 583 1640 Christo
610 1573 802 1654 charissimi,
820 1595 892 1637 eum
916 1571 1098 1636 audiuimus
1114 1571 1337 1637 charissimam
1359 1577 1637 1639 conuersationem
1657 1585 1797 1640 vestram
1818 1585 1850 1640 et
1866 1583 2000 1639 sanctae

312 1680 398 1761 fidei,
424 1679 645 1766 bonorumque
680 1701 812 1764 operum
849 1688 1028 1742 vestrorum
1049 1667 1251 1763 processum,
1276 1699 1400 1742 summo
1432 1679 1561 1762 gaudio,
1592 1689 1688 1766 atque
1724 1678 1847 1744 laetitia
1878 1680 2002 1745 fuimus

312 1784 494 1866 exhilarati,
518 1785 595 1870 quia
620 1783 732 1847 diuina
764 1784 797 1846 in
828 1782 922 1846 vobis
947 1794 1100 1868 operante
1123 1782 1304 1864 clementia,
1329 1793 1363 1846 ut
1386 1782 1550 1868 apostolus
1574 1786 1628 1866 ait,
1650 1785 1706 1848 ubi
1741 1785 1921 1850 abundauit
1943 1784 2025 1849 de-'

313 1890 434 1971 lictum,
459 1889 503 1955 ibi
529 1887 771 1976 superabundat
793 1891 909 1972 gratia,
946 1899 1044 1973 utque
1068 1886 1228 1973 quomodo
1260 1896 1372 1952 sancta
1394 1887 1445 1952 dei
1473 1888 1609 1954 ccclesia
1644 1893 1761 1954 nostris
1794 1889 2000 1975 temporibus

309 1993 534 2082 quotidianum
558 1998 591 2058 in
614 1993 769 2076 electione
794 2003 901 2056 vestra
923 1993 1059 2077 suscipit
1081 1995 1326 2057 incrementum.
1352 1989 1453 2057 Cuius
1477 1993 1628 2079 optabilis
1652 1996 1791 2059 rumoris
1815 1995 1915 2060 index
1938 1993 2003 2059 fuit

314 2101 604 2167 reuerendissimus
627 2097 801 2186 Yrolphus,
827 2107 957 2162 sanctas
980 2087 1215 2162 Laureaoensis
1239 2097 1396 2164 ecclesiae
1419 2098 1693 2186 archiepiscopus,
1718 2110 1750 2164 et
1773 2103 2001 2166 sanctissimus

310 2203 410 2272 frater
430 2215 547 2287 noster,
573 2216 681 2270 vester
703 2213 811 2268 autem
834 2201 1009 2289 spiritualis
1033 2213 1132 2288 pater,
1151 2205 1207 2290 qui
1230 2225 1288 2290 per
1311 2225 1402 2269 suam
1428 2216 1574 2270 sanctam
1598 2205 1873 2291 praedicationem
1898 2205 2000 2292 adop·

311 2314 395 2377 tiuos
418 2311 480 2378 deo
515 2331 574 2376 vos
605 2311 717 2394 genuit
742 2307 837 2374 lilios.
869 2309 901 2373 Is
933 2309 1042 2394 itaque
1077 2309 1118 2372 ad
1142 2309 1360 2394 apostolorum
1392 2308 1502 2374 limina
1534 2312 1687 2378 orationis
1710 2333 1826 2376 caussa
1849 2313 1996 2394 venietis,

311 2439 428 2484 nouam
453 2415 624 2481 ecclesiam
648 2415 766 2480 nostris
792 2413 1071 2479 benedictionibus
1084 2412 1321 2478 informandam
1338 2415 1477 2480 subnixe
1494 2415 1742 2498 commendauit,
1762 2419 1839 2503 quia
1862 2417 1995 2481 domino

309 2521 497 2615 ausiliante,
522 2519 679 2586 catholice
702 2519 945 2605 gubernandam
963 2521 970 2558 ¹
995 2520 1144 2604 suscepit.
1169 2519 1207 2583 In
1231 2518 1357 2608 quibus
1377 2522 1472 2585 etiam
1494 2519 1656 2605 quondam
1674 2521 1891 2586 Rornanorum
1916 2543 1998 2608 qno·

311 2649 393 2716 que,
426 2625 691 2713 Gepidarumquo
714 2634 838 2706 aetate,
871 2636 906 2688 ut
943 2624 1078 2726 lectione
1102 2633 1225 2690 certum
1258 2635 1322 2705 est,
1356 2626 1386 2688 in
1421 2635 1541 2711 septem
1573 2624 1795 2713 episcoporirm
1828 2626 2002 2712 parochias
2046 2661 2050 2670 -

306 2746 527 2800 antecessores
551 2733 601 2795 sui
625 2733 694 2795 iure
722 2728 966 2815 metropolitano
990 2731 1164 2794 obtinuerit
1186 2729 1360 2795 dioecesin.
1377 2728 1450 2810 Qua
1475 2753 1517 2794 ex
1540 2733 1660 2795 iustitia
1676 2742 1709 2795 et
1731 2729 1802 2816 lege
1827 2731 1995 2817 praefatus

308 2839 369 2904 deo
398 2832 609 2922 dignissimus
632 2833 893 2921 archiepiscopus
917 2833 1025 2899 debito
1057 2833 1227 2919 obligatur,
1256 2845 1291 2898 ut
1323 2825 1497 2898 illiterrae
1522 2837 1610 2921 prius
1642 2833 1865 2918 Christicolae,
1897 2846 1998 2923 atque

308 2965 438 3010 suorum
469 2941 647 3028 antiquitus
678 2951 919 3005 antecessorum
952 2939 1092 3004 creditae
1124 2939 1355 3024 prouidentiae,
1388 2961 1484 3025 quam
1508 2962 1593 3005 nunc
1613 2941 1741 3006 vosdci
1765 2945 1995 3029 omnipotentis

308 3047 433 3115 occulto
468 3047 628 3111 mediante
670 3044 804 3126 iudicio,
845 3043 934 3108 velut
971 3042 1217 3108 haereditariam
1253 3045 1445 3131 possidetis,
1486 3047 1565 3140 ipse·
1593 3047 1799 3132 euangelicus
1849 3047 1997 3134 agricola

307 3153 364 3220 diu
384 3161 500 3238 negata
521 3150 670 3217 coelestis
694 3159 825 3236 spargat
841 3151 965 3215 semina
985 3141 1083 3231 vitae,
1108 3159 1205 3236 atque
1233 3151 1265 3216 in
1301 3149 1462 3215 lucrandis
1497 3151 1626 3216 donnino
1658 3151 1789 3217 Christo
1821 3151 1995 3217 animabus

306 3259 487 3326 rediuiuam
519 3257 560 3322 de
592 3255 685 3321 vobis
715 3258 835 3320 nutriat
866 3267 1018 3342 segetem.
1042 3253 1147 3334 Quem
1175 3277 1233 3349 nos
1264 3255 1484 3319 doctissimum
1519 3256 1619 3320 diuini
1652 3257 1773 3320 oraculi
1808 3261 1993 3322 ministrum

308 3364 403 3431 saluti
435 3374 561 3428 vestrae
591 3370 823 3446 cognoscentes
855 3345 912 3446 per
941 3363 1049 3426 omnia
1072 3362 1287 3425 necessarium
1319 3359 1400 3442 fide,
1424 3360 1628 3446 etexemplo
1652 3361 1843 3448 probatum,
1878 3364 1995 3428 merito

307 3493 385 3556 erga
416 3469 505 3533 illum
537 3467 747 3551 apostolicam
778 3476 945 3531 seruantes
980 3469 1182 3547 sententiam,
1206 3487 1269 3551 qua
1292 3466 1431 3530 dicitnr:
1458 3463 1626 3544 Quomodo
1651 3467 1784 3532 credent
1808 3469 1876 3532 sine
1901 3491 1994 3553 prae·

307 3575 445 3656 dicante,
469 3583 525 3638 aut
547 3572 708 3660 quomodo
742 3572 997 3658 praedicabunt„
1029 3573 1091 3636 nisi
1113 3569 1304 3637 mittantur?
1337 3570 1379 3634 ab
1403 3581 1513 3635 sancta
1551 3593 1683 3636 romana
1717 3571 1865 3644 eeclesia,
1889 3583 1994 3637 matre

307 3680 476 3745 vobiscum
500 3687 658 3744 rectorem
691 3679 954 3758 transmissimus,
979 3688 1076 3763 atque
1098 3679 1130 3740 in
1155 3675 1308 3762 praefatis
1339 3676 1526 3760 regionibus
1546 3675 1697 3741 Hunniae
1721 3699 1804 3763 quae
1821 3688 1853 3742 et
1868 3677 1994 3742 Aueria

307 3784 484 3872 appelatur,
502 3783 559 3848 sed
583 3792 615 3847 et
637 3782 812 3863 hieracius,
830 3784 1067 3868 prouinciarum
1092 3803 1221 3867 quoque
1245 3780 1429 3845 Pannoniae
1454 3783 1523 3844 siue
1548 3780 1686 3860 Mesiae,
1709 3781 1991 3867 apostolicamvi·

308 3913 378 3957 cem
402 3897 554 3970 nostram,
579 3899 611 3952 et
633 3887 804 3967 dioecesin,
838 3895 934 3972 atque
955 3889 1005 3950 ius
1029 3886 1279 3950 ecclesiasticum
1304 3884 1486 3966 exercendi,
1523 3897 1554 3950 et
1589 3909 1691 3967 usum,
1726 3909 1765 3951 ac
1800 3898 1994 3972 potestatem

306 4008 547 4062 antecessorum
586 4015 726 4072 suorum,
768 3991 919 4056 videlicet
957 4003 1087 4056 sanctae
1117 3991 1342 4056 Lauriacsnsis
1381 3990 1534 4054 ecclesiae
1573 3989 1901 4076 archiepiscoporum,
1926 3993 1993 4056 sibi

306 4099 614 4184 successoribusque
645 4099 711 4162 suis
756 4099 911 4162 canonica
952 4098 1141 4162 auctoritate
1183 4097 1431 4172 committimus,
1478 4105 1574 4180 etque
1613 4093 1709 4160 huius
1752 4097 1993 4160 constitutionis

307 4216 436 4274 nostrae
467 4205 631 4270 decretum
662 4203 910 4286 subscriptionis
942 4201 1113 4289 priuilegio
1143 4199 1343 4266 roboramus.
1380 4198 1516 4264 Pallium
1541 4209 1708 4285 praeterea
1731 4189 1822 4265 iuxta'
1857 4223 1994 4266 consue·

307 4311 449 4378 tudinem
474 4311 640 4395 antiquam
675 4310 838 4373 sanctitati
864 4329 941 4372 suae
973 4305 1137 4388 dedimus;
1175 4303 1260 4391 quod
1284 4289 1412 4369 nasibi
1441 4307 1669 4382 concessimus,
1695 4307 1778 4370 sieut
1800 4306 1993 4392 praedeces·

306 4439 397 4484 sores
417 4415 518 4482 nostri
542 4415 608 4480 suis
640 4411 946 4500 praedecessoribus
977 4433 1175 4492 concessere,
1210 4409 1451 4495 priuilegiorum
1485 4431 1615 4474 suorum
1649 4408 1772 4475 scilicet
1803 4412 1992 4496 integritate

307 4529 446 4588 urnam.
470 4518 572 4586 Cuius
595 4518 769 4598 dilectioni,
802 4519 951 4605 quamuis
983 4515 1045 4582 hoc
1068 4516 1176 4580 debito
1208 4517 1476 4602 permitteremus,
1500 4524 1631 4600 propter
1654 4525 1779 4580 vestras
1803 4525 1911 4580 autem
1935 4539 1992 4602 pe·

306 4623 435 4694 titiones
460 4647 556 4712 super
579 4623 640 4690 hac
663 4647 698 4704 re
720 4623 954 4709 flagitantibus,
977 4621 1019 4686 ad
1042 4620 1196 4685 honorem
1233 4643 1326 4684 suum
1351 4630 1491 4684 nostram
1516 4619 1727 4706 apostolicam
1750 4621 1864 4700 vicem,
1890 4629 1990 4706 atque

306 4731 530 4798 auctoritatem
555 4731 688 4816 insuper
710 4728 996 4809 accumulauimus,
1021 4727 1107 4812 quod
1132 4748 1295 4812 nunquam
1328 4727 1394 4790 suis
1415 4729 1607 4812 permissum
1632 4735 1680 4789 est
1705 4725 1876 4811 prioribus.
1902 4723 1991 4804 Qua·

306 4849 400 4904 tenus
424 4846 457 4901 st
480 4857 547 4916 vos,
566 4835 753 4918 confratres,
772 4852 802 4900 et
819 4834 1012 4920 coepiscopi,
1031 4833 1185 4919 deinceps
1209 4833 1237 4896 ei
1262 4833 1475 4896 reuerentiam
1493 4829 1682 4918 ampliorem
1699 4829 1854 4896 exhibere
1878 4832 1990 4896 sciatis

306 4953 338 5008 et
361 4943 392 5006 in
426 4963 505 5006 sana
528 4939 675 5005 doctrina
698 4937 848 5004 coelestis
874 4938 1064 5004 eruditionis
1087 4937 1128 5002 ad
1144 4936 1399 5001 aedificationem
1421 4945 1572 5018 vestram,
1594 4944 1630 5000 ut
1653 4933 1709 5002 filii
1731 4937 1894 5021 sapientes
1914 4935 1990 5002 obe·
2077 4975 2086 4982 -

306 5049 412 5128 diatis,
437 5058 534 5133 atque
555 5069 622 5128 vos,
648 5045 732 5126 laici,
758 5047 921 5132 primates,
944 5053 976 5108 et
999 5041 1126 5128 vulgus,
1144 5041 1363 5107 saluberrimis
1381 5043 1561 5128 praeceptis
1578 5041 1653 5124 suis,
1673 5063 1735 5105 non
1753 5039 1843 5105 velut
1865 5039 1990 5107 homini

306 5154 363 5220 sed
389 5163 541 5236 tanquam
566 5149 627 5214 deo
651 5149 816 5213 humiliter
838 5149 1077 5236 obtemperetis,
1101 5149 1187 5213 etin
1212 5145 1276 5211 fide
1299 5144 1465 5227 catholica,
1486 5168 1581 5232 quam
1608 5167 1666 5231 per
1682 5145 1848 5212 dominum
1871 5145 1990 5213 Jesum

417 5348 427 5386 ¹
448 5349 564 5416 Bantia.
588 5348 618 5404 in
640 5347 741 5404 vestris
763 5347 903 5424 partibus.
