4292 5926
1772 391 1906 463 29⁴

127 580 337 648 Felicianunr
363 585 608 670 strigoniensem
632 583 911 670 archiepiscopum
933 582 1069 668 litigium
1103 585 1281 650 renouauit.
1318 587 1415 650 Cuius
1441 585 1559 652 iudicio
1589 587 1630 650 ΙΙ.
1662 590 1815 674 episcopi,

125 687 289 753 videlicet
311 689 470 754 Francica
494 690 685 772 baaciensis,
710 699 742 754 et
772 688 944 754 Macilinus
969 689 1200 775 usgrabiensis,
1224 689 1316 754 salua
1349 683 1524 777 episcopali
1556 693 1723 778 dignitate,
1758 718 1815 782 pro

126 795 263 858 iusticia
287 806 398 860 sancte
422 795 560 860 ecclesie
585 798 752 860 veritatem
787 795 948 877 dixerunt,
980 796 1041 860 111.
1070 817 1147 860 vero
1178 795 1217 859 de
1248 795 1460 861 nobilioribus
1492 797 1636 864 eiusdem
1668 799 1814 885 ecclesie,

125 898 257 964 scilieet
282 901 409 983 Barhis,
432 901 551 983 Mahal,
578 901 748 981 Dersihna,
773 923 871 988 super
895 921 1021 966 sacrum
1043 900 1144 966 altare
1166 902 1376 966 waradiensis
1412 901 1549 968 ecclesie
1581 906 1614 968 in
1648 909 1811 991 presentia

125 1007 363 1074 canonicorum
388 1009 584 1088 iurauerunt,
618 1007 802 1092 Augustino
835 1008 1059 1090 strigoniensis
1095 1007 1231 1072 ecclesie
1261 1009 1416 1072 canonico
1451 1010 1610 1074 existente
1648 1011 1813 1092 pristaldo.

125 1108 227 1190 Quod
251 1112 373 1178 factum
395 1122 444 1178 est
466 1135 551 1177 anno
575 1113 736 1177 dominice
762 1113 998 1176 incarnacionis
1028 1111 1248 1178 MCXXXIV.
1279 1123 1393 1198 epacta
1416 1113 1544 1180 XXIII.
1567 1115 1622 1180 VI.
1659 1115 1816 1182 kalendas

44 1241 51 1252 ·
125 1217 217 1282 maii.
244 1217 518 1306 Archiepiseopns
542 1241 620 1283 vero
642 1219 757 1282 volens
781 1240 873 1282 suurn
899 1217 1051 1282 iudicium
1086 1217 1239 1281 inmobile
1268 1241 1467 1304 permanere,
1503 1219 1638 1284 alterum
1672 1223 1719 1285 eis
1750 1224 1813 1308 pri·
1891 1221 1894 1226 ’

124 1321 282 1404 staldum,
307 1325 436 1388 nomine
459 1323 659 1406 Marcellum,
685 1323 785 1390 filium
806 1321 885 1387 Gira
908 1325 1043 1404 comitis,
1069 1323 1166 1404 dedit,
1192 1325 1245 1410 qui
1272 1325 1378 1409 priore
1403 1324 1567 1409 pristaldo,
1602 1326 1708 1392 silicet
1745 1351 1814 1413 pre·

127 1425 219 1491 dicto
243 1427 360 1510 Ysaac,
385 1439 642 1514 premonstrante
667 1427 811 1513 singulas
837 1437 938 1492 metas
966 1431 1144 1510 renouauit,
1176 1438 1208 1493 et
1238 1429 1373 1494 ecclesie
1406 1429 1520 1494 siluam
1554 1454 1592 1496 ea
1624 1433 1814 1499 condicione

123 1533 281 1614 restituit,
303 1543 339 1596 ut
361 1532 468 1597 nullus
494 1535 526 1596 in
549 1556 587 1596 ea
610 1535 740 1598 omnino
765 1537 833 1596 sine
858 1555 1016 1598 consensu
1042 1535 1184 1620 episcopi
1210 1535 1382 1620 quicquam
1420 1557 1517 1618 agere
1553 1547 1726 1622 presumat,
1760 1538 1813 1602 vel

126 1637 320 1722 (v)enando,
346 1637 397 1702 vel
422 1637 543 1724 aliquid
569 1638 608 1702 de
634 1661 671 1702 ea
695 1637 881 1718 auferendo,
906 1637 957 1702 vel
987 1637 1239 1704 intromittendo.
1272 1639 1377 1704 Huius
1410 1643 1456 1704 rei
1486 1651 1584 1706 testes
1613 1653 1687 1706 sunt
1713 1642 1815 1706 archi-

125 1745 275 1828 episcopi
300 1743 419 1807 iudicio
442 1743 641 1807 assidentes:
668 1743 820 1808 Niroraus
855 1745 1017 1808 nitriensis
1052 1746 1232 1830 episcopus,
1261 1743 1439 1808 Euzidinus
1469 1769 1576 1810 comes
1613 1747 1653 1811 de
1687 1748 1815 1829 Sannio,

125 1845 245 1912 Geuril
268 1847 355 1912 filius
378 1847 509 1914 Andree
533 1850 667 1914 comitis.
688 1848 889 1912 Laurencius
913 1848 999 1912 filius
1023 1849 1205 1914 Salamonis
1230 1852 1402 1914 canonicus
1426 1852 1636 1916 waradiensis
1665 1852 1811 1936 ecclesie,

14 1955 16 1958 ’
124 1953 327 2020 Benedictus
350 1965 467 2038 custos,
493 1954 583 2041 Opus
608 1955 759 2036 decanus,
783 1953 1004 2019 Sebastianus.

281 2155 316 2210 Ia
340 2171 442 2208 rana.
468 2153 650 2224 Pnuitegium
673 2153 799 2208 Ladislai
823 2153 899 2224 regis
923 2169 1007 2223 super
1030 2151 1235 2207 constitucione
1268 2152 1466 2224 Zagrabiensis
1493 2154 1681 2226 episcopatus.
1718 2158 1811 2212 Priui-

124 2242 235 2314 legium
257 2242 464 2297 carronicorum.
488 2241 533 2298 Ns
558 2241 678 2311 olrrajlru
703 2241 824 2310 sjedne
849 2241 965 2312 idruge
992 2245 1087 2297 straus
1111 2257 1264 2309 prerezana
1288 2241 1317 2298 9.
1342 2240 1436 2295 relika
1459 2242 1596 2312 pisrnena.

279 2348 383 2402 Pisano
406 2364 444 2402 na
465 2347 640 2418 pergameni,
664 2346 782 2416 pismeui
810 2345 859 2404 12.
884 2345 975 2400 vieta.
999 2363 1036 2398 na
1058 2345 1155 2415 njehih
1180 2345 1290 2398 miestih
1318 2346 1453 2402 readeran
1471 2349 1502 2418 je
1521 2348 1599 2419 aver,
1624 2356 1651 2403 ts
1674 2367 1704 2404 se
1728 2368 1812 2422 mogu

14 2441 16 2510 t
128 2433 218 2506 njeks
241 2435 307 2489 riedi
332 2435 415 2490 tetho
437 2433 578 2505 proditsti.
604 2434 703 2491 Nalaai
726 2452 755 2488 se
789 2451 806 2486 u
832 2433 1075 2502 nsdbislsupovom
1110 2433 1209 2486 arkivn
1240 2433 1419 2504 uZagrebu,
1452 2435 1605 2506 Privilegia
1637 2437 1682 2490 Br.
1712 2439 1738 2489 1.
1763 2437 1812 2498 st.
1911 2487 1917 2507 ,

14 2575 16 2632 Ι
130 2522 153 2580 l.
183 2521 312 2580 Thalete.
330 2522 476 2594 Povjestni
499 2522 652 2594 spumenici
676 2539 753 2592 sagr.
778 2519 851 2577 bisk.
873 2520 933 2590 knj.
958 2521 981 2577 I.
1003 2528 1051 2575 str.
1078 2524 1104 2574 l.

831 2811 970 2894 XLII.
1001 2811 1110 2894 1134.

14 2985 16 3030 ἶ
123 2993 433 3068 maturescentes
454 2991 597 3052 rodorslu'
619 2992 632 3049 i
655 2987 752 3049 Peter
775 2986 964 3064 thesprada
987 2990 1090 3050 Zodru
1112 2993 1124 3050 i
1147 2993 1287 3066 vojevodo
1318 2994 1412 3054 ditare
1446 2996 1622 3076 Dalmaos'r'e,
1655 2999 1808 3072 resecrare

14 3101 15 3144 3
119 3120 224 3194 portu
243 3117 327 3192 pleds
349 3117 451 3190 ajelrr'h
473 3113 628 3192 samuhele,
652 3111 758 3173 leriedr'h
791 3131 812 3170 u
836 3113 960 3174 Brauon
984 3110 1145 3192 (Obrovcu)
1168 3117 1296 3190 uodjenu
1316 3119 1416 3191 medju
1443 3122 1608 3180 somostani
1637 3138 1680 3180 se.
1712 3122 1802 3180 Krda-

801 3255 882 3296 uana
903 3239 915 3296 t
937 3254 980 3298 so.
1004 3239 1128 3312 Martie.

285 3429 420 3514 †Anno
444 3428 566 3494 domini
590 3427 760 3492 millesimo
784 3427 959 3490 centesimo
984 3424 1142 3490 XXXIV.
1166 3428 1340 3492 indictione
1359 3428 1432 3494 XII.
1452 3429 1635 3514 presidente
1652 3433 1803 3496 cathedre

14 3587 16 3628 ξ
125 3537 221 3603 beate
244 3536 419 3601 Anastasie
443 3535 486 3600 M.
511 3533 765 3621 archiepiscopo,
790 3531 885 3596 Petro
910 3535 1096 3596 comitatum
1119 3531 1249 3612 Jadere,
1283 3535 1444 3619 totiusque
1479 3535 1650 3600 Daimacie
1685 3539 1802 3622 priuci-

14 3715 16 3732 ι
126 3653 236 3731 patum
258 3643 395 3707 feliciter
420 3650 622 3727 procurante.
646 3639 728 3703 Orta
753 3648 803 3703 est
826 3639 986 3702 contentio
1011 3639 1095 3702 inter
1118 3637 1268 3702 abbatem
1293 3641 1394 3703 sancti
1419 3639 1593 3724 Grisogoni
1627 3665 1699 3706 cum
1742 3665 1807 3707 mo-

14 3753 16 3798 ÷
126 3747 238 3814 nacbis
253 3748 329 3830 suis,
353 3755 385 3812 et
407 3745 606 3810 abbatissam
632 3753 742 3808 sancte
766 3741 869 3806 Maris
893 3765 964 3806 oum
991 3741 1184 3806 monialibus
1208 3745 1283 3824 suis,
1309 3755 1440 3829 propter
1462 3746 1618 3830 quasdam
1644 3757 1746 3812 terras
1774 3749 1806 3810 in

14 3873 15 3922 J
125 3853 275 3928 Brauiso,
300 3874 363 3938 que
388 3861 460 3915 sunt
478 3850 591 3916 subtus
615 3848 786 3913 ecclesiam
809 3847 894 3912 beati
918 3847 1005 3911 Petri
1029 3847 1071 3912 ab
1095 3849 1270 3913 occidente.
1294 3849 1376 3914 Nam
1401 3861 1435 3914 ut
1458 3862 1507 3914 est
1530 3851 1647 3937 cupido
1672 3862 1704 3916 et
1732 3876 1807 3916 aua·

14 3949 16 4008 l
124 3962 197 4023 ritia
219 3957 319 4022 seculi
337 3957 505 4043 presentis,
531 3955 660 4020 dicebat
684 3954 858 4036 abbatissa,
883 3963 984 4018 terras
1008 3975 1080 4018 esse
1104 3974 1188 4034 suas,
1213 3977 1294 4040 quas
1318 3956 1420 4020 abbas
1441 3979 1511 4018 curn
1538 3957 1691 4021 fratribus
1720 3959 1806 4023 suis:

14 4047 16 4122 l
124 4067 210 4130 veris
234 4064 363 4146 indiciis
386 4067 420 4128 et
443 4063 618 4148 equissima
641 4061 763 4126 ratione
788 4059 1002 4124 ostendebant
1024 4069 1056 4124 et
1078 4060 1178 4124 fuisse
1203 4071 1235 4124 et
1251 4085 1321 4126 esse
1338 4085 1422 4127 snas.
1443 4063 1586 4148 Vtraque
1599 4065 1698 4147 igitur
1715 4075 1806 4149 parte

14 4171 16 4222 3
124 4173 206 4236 inter
231 4194 266 4236 se
292 4171 423 4235 minime
446 4169 672 4242 conueniente,
693 4175 851 4230 venerunt
874 4166 1003 4230 tandem
1028 4167 1061 4230 in
1085 4167 1293 4251 episcopium,
1318 4177 1350 4230 et
1374 4176 1533 4232 steterunt
1557 4191 1664 4234 coram
1700 4169 1804 4233 archi-

14 4267 16 4360 ,
125 4279 288 4364 episcopo,
312 4277 439 4354 comite,
464 4271 635 4354 iudicibus,
660 4281 692 4336 et
715 4281 870 4358 ceperunt
892 4269 987 4336 huius
1011 4273 1057 4337 rei
1082 4295 1212 4336 causam
1238 4273 1380 4338 studiose
1405 4275 1602 4362 perquirere.
1629 4273 1691 4338 Pro
1715 4285 1806 4360 parte

14 4375 16 4402 ³
127 4382 313 4448 monasterii
338 4388 449 4444 sancte
472 4379 575 4442 Maris
599 4377 745 4442 certabat
768 4378 918 4458 Zaniaus,
943 4378 1029 4442 filius
1056 4377 1167 4442 Vitaae
1193 4380 1318 4463 prioris,
1350 4377 1529 4444 aduncatus
1561 4379 1699 4446 illarum.
1739 4379 1804 4444 Diu

14 4517 16 4562 2
126 4499 233 4554 autem
257 4490 342 4551 inter
365 4508 399 4550 so
423 4483 487 4547 iliis
522 4483 733 4569 litigantibus,
766 4483 890 4548 iudices
922 4506 1053 4548 causam
1089 4482 1301 4548 subtilissime
1336 4485 1555 4566 discutientes,
1592 4497 1806 4572 reppererunt

125 4595 289 4681 equiorem
314 4601 346 4656 et
369 4592 544 4664 iustiorem,
568 4598 633 4652 tam
658 4592 835 4653 assertione
859 4588 1044 4671 verborum,
1079 4611 1174 4674 quam
1208 4590 1395 4654 exaratione
1429 4589 1620 4670 litterarum,
1644 4613 1805 4676 quamque

124 4703 218 4765 stiam
243 4699 399 4762 memoria
423 4693 635 4782 quorumdam
660 4697 868 4778 presentium,
892 4698 946 4780 qui
979 4718 1109 4760 eausam
1146 4695 1334 4776 noscebant,
1370 4697 1528 4760 rationem
1563 4695 1803 4760 monachorum.

14 4797 15 4854 }
125 4805 187 4871 Sed
212 4803 336 4870 nullum
361 4805 571 4889 inposuerunt
595 4800 704 4866 finem.
729 4798 887 4865 Conuersi
911 4823 989 4865 vero
1011 4799 1051 4864 ad
1076 4799 1244 4882 Zenizum,
1269 4801 1438 4864 dixerunt:
1464 4799 1498 4862 Si
1535 4810 1633 4864 testes
1670 4801 1802 4866 idoneos

125 4909 291 4992 baberent,
316 4909 370 4995 qui
395 4906 594 4993 exploratius
617 4907 773 4992 propositi
798 4905 919 4989 negotii
942 4923 1071 4968 oausam
1098 4915 1237 4968 nossent.
1263 4903 1356 4968 Tunc
1379 4903 1546 4968 confessus
1567 4915 1624 4981 est,
1647 4905 1731 4990 quod
1750 4904 1803 4970 ha-

14 5009 16 5078 l
124 5013 239 5081 herent
261 5013 524 5080 archidiaconum
551 5011 671 5076 Maium
695 5022 809 5077 testem
833 5013 889 5098 qui
914 5011 1103 5090 interfuerit,
1129 5033 1201 5074 curn
1225 5007 1403 5092 Gregorius
1426 5008 1689 5096 archiepiscopus
1722 5011 1803 5076 iudi-

123 5121 195 5186 ciali
219 5122 343 5186 ratione
370 5129 472 5184 terras
494 5117 566 5182 illas
590 5117 747 5183 diuiserit.
771 5117 864 5182 Tunc
886 5118 1071 5181 missisunt
1094 5115 1157 5180 duo
1180 5117 1312 5200 ingenui
1338 5116 1410 5195 viri,
1436 5137 1518 5178 unus
1542 5115 1668 5180 Fuscus
1695 5116 1800 5184 diaeo-

124 5249 191 5312 nus,
215 5227 373 5315 plebanus
398 5235 508 5290 sancte
533 5224 644 5307 Maris,
669 5233 701 5288 et
723 5223 805 5287 alter
823 5223 923 5287 laicus
948 5221 1153 5288 Prestanoius
1177 5219 1261 5284 Fere
1284 5219 1324 5284 ad
1355 5219 1627 5305 archidiaconum,
1663 5223 1796 5288 interro·
