4350 5932
602 611 791 692 XXXII,
819 611 913 696 sss
939 613 1126 712 mlasoes
1153 612 1326 712 eumne
1355 612 1391 694 ι’
1418 613 1562 694 Rtmn.

251 753 354 829 erm
376 755 404 813 1.
431 773 517 828 popo
540 755 638 827 polide
658 757 825 814 semenare
848 759 860 814 i
882 757 1082 814 clastelr'sstro
1111 757 1242 815 munseo
1266 759 1352 830 proti
1383 758 1577 816 imbrum
1605 757 1733 830 campe
1767 757 1938 834 Mutatus,

391 861 493 919 eudes
514 877 554 928 se,
578 860 619 918 da
638 863 711 918 osr'm
734 862 863 933 bistrapu
887 862 1016 919 Pauline
1038 863 1259 934 incddjutosc
1280 863 1363 920 nitito
1381 865 1468 934 proti
1486 864 1587 934 niem
1608 867 1697 921 asmo
1719 864 1790 936 sijc.

419 986 609 1072 Gregorius,
631 985 849 1050 dilectissimis
873 986 957 1067 liliis,
981 985 1077 1067 clero,
1102 999 1134 1050 et
1158 986 1320 1050 nobilibus
1343 985 1481 1051 Salonas
1503 988 1763 1053 consistentibus.

410 1127 564 1190 Peruenit
586 1127 627 1190 ad
645 1151 695 1191 me
718 1127 874 1212 quosdam
893 1149 1066 1211 peruersae
1083 1129 1200 1190 mentis
1223 1127 1380 1208 homines,
1407 1137 1442 1190 ut
1457 1126 1638 1192 dilectionis
1659 1137 1787 1194 vestrae
1810 1130 1938 1192 animos

251 1232 470 1314 vulnerarent,
490 1233 584 1297 vobis
609 1235 772 1296 insinuare
796 1243 938 1313 conatos,
962 1234 1039 1318 quia
1064 1255 1124 1315 ego
1148 1242 1260 1296 contm
1274 1231 1454 1296 blaximum
1481 1233 1621 1318 quodam
1644 1233 1720 1298 odio
1742 1256 1887 1312 mouear,
1905 1241 1939 1295 et

243 1355 318 1402 'nou
341 1341 445 1423 magis
468 1361 551 1425 qnae
574 1337 810 1416 canonica,sed
835 1361 873 1402 ea
905 1360 988 1422 quae
1019 1337 1136 1400 furoris
1160 1347 1235 1400 sunt
1265 1339 1382 1422 exequi
1393 1339 1629 1422 concupiscam.
1663 1337 1728 1402 Sed
1750 1339 1838 1403 absit
1861 1337 1937 1417 hoc,

250 1441 378 1507 absita
402 1443 593 1508 sacerdotali
624 1447 741 1521 animo,
772 1455 807 1506 ut
843 1445 874 1505 in
899 1441 1042 1528 qualibet
1064 1465 1180 1506 caussa
1212 1443 1337 1528 priuato
1369 1441 1439 1505 zelo
1475 1452 1651 1508 moueatur.
1674 1443 1748 1526 Ego
1772 1455 1882 1508 sutem
1906 1454 1940 1506 et

252 1559 379 1612 restrae
392 1549 556 1612 dilectioni
570 1549 753 1634 prouidens,
770 1559 802 1612 ct
817 1571 908 1612 meae
923 1550 1050 1611 animae
1062 1549 1291 1632 omnipotentis
1303 1547 1354 1611 dei
1371 1548 1524 1612 iudicium
1537 1551 1777 1634 pertimescens,
1789 1549 1939 1614 eiusdem

252 1652 388 1716 Maximi
422 1676 581 1732 caussam,
615 1652 777 1717 subtiliter
808 1656 934 1738 exquiri
967 1653 1138 1730 desider03
1163 1655 1188 1716 si
1213 1651 1312 1716 nullis
1349 1653 1537 1718 criminibus
1571 1677 1713 1739 pressus,
1737 1676 1822 1740 quac
1844 1677 1939 1720 sacro

253 1757 357 1822 ordini
382 1758 616 1838 contradicunt,
634 1761 660 1821 si
695 1781 758 1822 non
783 1782 840 1845 per
873 1761 1080 1822 simoniacam
1113 1757 1282 1840 haeresim,
1302 1757 1337 1822 id
1357 1771 1415 1840 est,
1439 1760 1582 1845 praemia
1604 1759 1799 1845 quibusdam
1823 1783 1858 1824 se
1882 1759 1939 1824 cli·

254 1863 406 1948 gentibus
423 1863 618 1948 praebendo,
635 1863 678 1926 ad
694 1863 892 1928 sacerdotale
912 1866 1095 1948 pertingere
1111 1863 1252 1926 officium
1270 1874 1413 1930 conatur.
1432 1864 1525 1928 Tunc
1541 1866 1627 1928 enim
1652 1865 1735 1930 liber
1761 1888 1819 1950 pro
1844 1865 1940 1930 vobis

253 1969 342 2054 apud
362 1970 530 2034 dominum
554 1971 748 2034 intercessor
771 1972 841 2050 erit,
866 1971 892 2032 si
917 1992 980 2032 non
1013 1967 1175 2052 obligatus
1199 1968 1239 2032 de
1263 1970 1330 2032 suis
1353 1969 1395 2032 ad
1411 1968 1516 2033 locum
1542 1971 1783 2034 intercessionis
1803 1974 1933 2034 venerit

254 2073 356 2140 Cuius
380 2085 486 2138 minen
513 2077 575 2138 iam
600 2077 696 2160 culpa
719 2075 876 2159 superbae
902 2075 934 2137 in
965 2087 1077 2159 aperto
1101 2083 1306 2148 monstratur,
1330 2073 1414 2159 qnod
1441 2085 1594 2138 euomtus
1618 2086 1653 2138 nt
1675 2075 1717 2140 ad
1742 2098 1801 2140 nos
1825 2077 1941 2140 venire

253 2179 380 2258 debeat,
404 2179 546 2244 diuersis
570 2180 835 2244 excusationibus
867 2182 1025 2259 renititur,
1049 2179 1178 2264 refugit,
1211 2182 1331 2243 metuit
1356 2178 1449 2243 Unde
1474 2202 1551 2263 ergo
1575 2179 1725 2264 trepidat,
1749 2183 1776 2244 si
1801 2203 1874 2244 eum
1898 2179 1941 2244 ds

255 2285 306 2349 bis
329 2285 446 2371 quibus
470 2284 662 2348 inclamatus
694 2295 744 2349 est
775 2286 973 2350 conscientia
1003 2307 1066 2348 nou
1097 2283 1257 2348 accusat?
1280 2283 1368 2348 Ecce
1398 2285 1485 2348 enim
1508 2287 1572 2350 mm
1595 2285 1652 2349 din
1674 2285 1807 2350 dilectio
1831 2297 1942 2350 vestra

255 2393 324 2454 sine
340 2400 469 2476 pastore
485 2401 543 2469 est,
565 2399 598 2454 et
619 2392 703 2454 sicut
718 2390 811 2454 robis
832 2392 1035 2474 omnipotens
1052 2389 1132 2452 deus
1147 2391 1335 2468 innotescat,
1354 2387 1561 2453 vehementer
1577 2389 1783 2454 destitutioni
1801 2402 1942 2472 vestrae,

197 2513 202 2520 '
255 2507 287 2560 et
310 2495 496 2560 medullitus
519 2520 561 2560 ex
592 2506 659 2560 toto
690 2495 787 2560 corde
811 2497 999 2581 compatior.
1023 2493 1130 2558 Audio
1154 2495 1240 2558 enim
1272 2516 1355 2579 quae
1379 2495 1411 2558 iu
1435 2516 1535 2578 grege
1557 2493 1679 2560 domini
1714 2493 1942 2560 dilaniationes

255 2601 349 2666 fiunt.
374 2602 438 2668 Sed
462 2624 536 2666 cnm
559 2611 670 2688 pastor
694 2601 793 2682 deest,
817 2603 889 2687 quis
920 2610 1033 2664 contra
1048 2599 1140 2686 lupos
1164 2599 1321 2684 inuigilat.
1345 2599 1486 2686 Ideoque
1510 2599 1712 2687 praedictum
1748 2601 1941 2684 Maximum,

256 2717 292 2771 ut
313 2707 377 2772 buc
401 2707 443 2772 ad
463 2731 522 2772 nos
545 2709 664 2787 veniat,
698 2729 807 2792 urgeo,
839 2717 998 2794 quatenns
1028 2707 1056 2769 si
1086 2705 1173 2769 hunc
1202 2706 1406 2768 innocentem
1436 2707 1583 2770 inuenire
1617 2708 1788 2792 possimus,
1822 2707 1940 2770 contir-
2032 2761 2037 2768 .

255 2837 390 2878 memus.
416 2813 472 2878 Sin
497 2836 574 2878 vero
597 2835 741 2898 eaquae
765 2813 806 2876 de
829 2835 867 2876 eo
883 2812 970 2876 dicta
993 2821 1067 2875 sunt
1084 2833 1161 2874 vera
1176 2813 1347 2896 patuerint,
1361 2832 1426 2874 nou
1441 2811 1505 2874 iam
1523 2811 1648 2876 tamdiu
1671 2811 1802 2876 dilectio
1828 2823 1941 2878 vestra

257 2942 315 3006 per
340 2920 617 3004 interpositionem
641 2941 798 3003 personae
822 2918 891 2982 eins
915 2915 1068 2980 destituta
1091 2918 1142 2980 sit.
1162 2915 1214 2980 De
1237 2937 1288 2979 me
1301 2917 1386 2978 enim
1403 2929 1523 2979 ceruum
1540 2925 1655 2998 tenete,
1672 2919 1749 3003 quia
1771 2916 1856 2998 odio,
1880 2939 1943 2982 nec

255 3026 375 3111 priuati
398 3025 495 3088 studii
521 3023 590 3088 zelo
612 3035 724 3088 contra
747 3046 819 3088 eum
844 3035 986 3104 moueor,
1010 3021 1067 3084 sed
1084 3020 1241 3107 quidquid
1260 3022 1450 3084 canonicum
1467 3023 1649 3108 iustumque
1673 3021 1779 3104 fuerit,
1807 3033 1940 3088 auctore

256 3131 317 3195 deo
330 3129 480 3194 decerno.
495 3130 630 3194 lliratus
641 3141 749 3195 autem
762 3128 856 3194 valde
869 3151 950 3211 snm,
963 3129 1039 3214 qnia
1048 3129 1081 3191 in
1092 3136 1181 3190 tanto
1197 3125 1395 3190 salonitanae
1415 3123 1570 3190 ecclesiae
1582 3124 1668 3190 clero
1681 3126 1732 3190 vel
1746 3127 1864 3214 populo
1879 3131 1939 3192 vix

255 3236 321 3302 duo
344 3259 388 3302 ex
416 3239 518 3300 sacris
552 3235 720 3299 ordinibus
757 3235 881 3298 inuenti
913 3241 995 3309 sunt,
1015 3231 1128 3332 'frater
1151 3229 1277 3296 scilicet
1298 3242 1330 3295 et
1353 3231 1562 3316 coepiscopus
1597 3243 1706 3296 noster
1729 3231 1885 3298 Paulinus
1909 3243 1943 3298 et

258 3341 488 3406 dilectissimus
511 3339 597 3404 filius
633 3363 723 3404 mens
755 3338 940 3402 Honoratus
971 3336 1222 3402 archidiaconns
1253 3335 1396 3400 eiusdem
1430 3335 1596 3417 ecclesiae,
1627 3338 1681 3422 qui
1701 3342 1958 3404 communicare¹

257 3447 401 3511 Maximo
424 3447 642 3510 sacerdotium
666 3447 803 3531 rapienti
835 3447 964 3506 minime
995 3445 1223 3521 consentirent,
1254 3453 1344 3505 etse
1368 3441 1559 3504 christianos
1591 3463 1663 3506 esse
1694 3455 1941 3527 cognoscerent

258 3553 429 3616 Debuistis
452 3554 548 3634 enim,
570 3551 628 3614 filii
648 3553 816 3631 carissimi,
836 3572 972 3634 pensare
989 3548 1118 3631 ordines
1134 3557 1271 3628 vestros,
1288 3557 1320 3610 et
1335 3529 1430 3632 duem
1446 3546 1539 3610 sedes
1560 3546 1737 3631 apostolica
1754 3547 1942 3634 repellebat.

258 3658 423 3744 repulsum
447 3679 653 3740 cognoscere,
679 3659 836 3748 ntuprius,
860 3657 887 3717 si
911 3665 1030 3740 posset,
1065 3653 1107 3718 ab
1138 3652 1235 3716 illatis
1269 3652 1459 3754 criminibus
1495 3651 1720 3734 mundaretur;
1755 3664 1788 3716 et
1811 3665 1890 3718 tnnc
1912 3657 1942 3718 ci

257 3775 367 3828 vestra
388 3763 518 3828 dilectio
540 3763 803 3839 communicaret,
835 3784 875 3823 ne
907 3761 1068 3844 particeps
1099 3757 1307 3842 obligationis
1337 3759 1406 3820 eius
1430 3760 1593 3820 existeret.
1625 3757 1694 3821 Nos
1718 3769 1825 3822 tamen
1864 3782 1945 3844 erga

258 3871 425 3934 caritatem
457 3879 598 3932 vestram
632 3868 814 3931 visceribus
849 3867 976 3950 pietatis
1007 3864 1248 3946 adstringimur,
1271 3864 1402 3947 etquis
1431 3861 1588 3948 quosdam
1612 3873 1756 3928 vestrum
1781 3865 1942 3930 violenter
2055 3909 2064 3918 -

258 3996 388 4062 pressos
410 3973 453 4038 ad
476 3972 742 4037 consentiendum
765 3973 804 4052 ei,
830 3970 919 4034 etad
935 3969 1237 4034 communicandum
1255 3970 1482 4052 cognocimus3
1499 3970 1750 4054 omnipotentem
1774 3969 1942 4034 dominnm

260 4081 483 4168 deprecamur,
509 4090 543 4143 ut
566 4102 625 4144 vos
648 4078 690 4142 ab
714 4081 800 4142 omni
825 4087 916 4141 reatu
937 4085 1151 4161 peccatorum,
1168 4083 1264 4158 atque
1287 4071 1329 4136 ab
1352 4073 1502 4136 omnibus
1522 4073 1659 4138 vinculis
1675 4073 1801 4139 alienae
1817 4075 1944 4160 obliga·

259 4189 355 4252 tionis
378 4185 534 4267 absoluat,
552 4185 710 4272 vobisque
727 4195 759 4248 et
781 4187 813 4247 in
839 4183 999 4268 praesenti
1030 4181 1096 4242 vita
1114 4201 1191 4242 suae
1222 4181 1428 4264 protectionis
1449 4180 1584 4262 gratiam
1608 4179 1737 4254 tribuat,
1760 4191 1793 4244 et
1816 4204 1875 4244 nos
1899 4181 1941 4244 de

259 4293 353 4357 vobis
377 4295 410 4356 in
433 4301 564 4356 aeterna
590 4293 693 4376 patria
716 4289 859 4374 gaudere
880 4287 1046 4351 concedat.
1070 4285 1183 4350 Mense
1206 4284 1333 4366 Martio,
1365 4283 1539 4348 indictione
1562 4283 1813 4372 decimaquarta.

417 4431 509 4513 ltsnsi
533 4429 680 4484 Collectio.
704 4427 813 4484 concil.
836 4428 871 4481 Τ,
895 4426 930 4480 X
951 4433 1001 4480 str.
1028 4424 1077 4478 18.

618 4633 835 4716 XXXIII.
861 4632 955 4715 596.
983 4631 1171 4730 mjeseca
1196 4629 1357 4728 erpuju
1392 4627 1430 4708 U
1456 4627 1601 4708 leu.

260 4781 363 4857 Groui·
384 4781 411 4840 1.
433 4797 517 4854 popo
548 4796 701 4853 noqovcra
732 4779 908 4845 soeteustvo,
940 4775 1142 4834 olosminstoo
1172 4773 1184 4828 r·
1211 4773 1277 4843 puk
1305 4771 1455 4839 necares,
1477 4771 1518 4828 da
1545 4787 1577 4829 se
1594 4769 1722 4830 sedraie
1744 4787 1760 4830 s
1783 4773 1943 4832 bottonis»

512 4869 518 4876 '
830 4883 1012 4940 Marem
1034 4879 1187 4950 susum
1209 4877 1372 4934 soricem.

259 5019 446 5108 Gregorius,
470 5019 678 5107 presbyteris,
704 5018 896 5083 diaconibus
919 5027 952 5080 et
967 5015 1062 5094 clero,
1087 5011 1251 5078 nobilibus
1269 5033 1308 5074 ac
1322 5007 1449 5095 populo,
1466 5009 1609 5075 Jaderse
1625 5015 1886 5098 consistentibus,
1911 5027 1944 5080 et

578 5125 734 5190 militibus
758 5126 814 5209 qui
836 5123 978 5186 Maximo
1006 5117 1257 5206 praeuaricatori
1279 5117 1603 5180 communicauerant

418 5266 572 5332 Peruenit
594 5266 637 5332 sd
661 5289 712 5332 me
731 5265 889 5351 quosdam
924 5271 1078 5340 vestrum,
1102 5259 1284 5345 ignorantia
1314 5255 1366 5321 vel
1398 5258 1589 5323 necessitate
1611 5256 1774 5344 deceptos,
1806 5259 1857 5325 bis
1886 5264 1945 5347 qui

259 5371 302 5438 ab
322 5371 500 5460 apostolica
522 5371 608 5455 sede,
633 5371 737 5458 culpa,
761 5373 846 5436 sicut
869 5369 979 5444 nostis,
999 5367 1161 5451 exigente,
1189 5364 1412 5429 communione
1433 5365 1550 5449 priuati
1573 5373 1656 5445 sunt,
1677 5366 1945 5449 communicasse,
