4310 5918
1762 449 1823 516 133

143 645 317 727 licentiam,
346 651 504 730 qnatenus
537 644 679 709 omnium
710 641 899 709 ancillarum
925 643 977 710 dei
1009 645 1042 713 iu
1075 643 1186 709 eodem
1220 646 1451 710 comorantium
1476 643 1611 708 cenobio
1633 643 1764 709 libertas
1791 653 1823 710 et

143 750 293 815 diuturna
329 751 420 836 quies
452 733 594 815 omniurn
631 747 801 814 seclarium
828 748 1034 814 infestatione
1062 757 1221 836 exempta,
1254 749 1531 836 licencius'atque
1563 751 1739 814 instancius
1764 772 1822 814 suo

138 857 262 943 possint
285 856 433 922 famulari
457 857 602 939 creatori,
627 857 679 920 cui
702 877 737 920 sc
759 854 819 920 sub
843 875 935 920 sacre
952 853 1033 940 legis
1058 855 1134 940 iugo
1162 854 1382 937 libentissime,
1414 854 1598 920 subdidisse
1636 867 1822 919 noscuntur.

90 1048 94 1054 Ι
139 962 345 1048 Quapropter
361 963 424 1026 iam
455 961 577 1026 dictum
601 959 772 1026 cenobium
794 981 858 1024 non
883 959 987 1024 solum
1008 959 1148 1025 libertati
1176 960 1342 1042 donamus,
1367 983 1479 1026 verum
1504 962 1635 1046 insuper
1659 970 1690 1024 et
1714 960 1822 1044 regale

134 1067 332 1136 territorium
361 1069 392 1132 iu
417 1066 487 1134 loco
511 1067 566 1154 qui
591 1065 804 1140 Rasocbatiaa
827 1074 970 1147 vocatur,
988 1066 1162 1152 incipiente
1178 1065 1220 1132 ab
1244 1067 1314 1152 ipsa
1336 1065 1558 1146 Rasoclratina,
1583 1065 1637 1130 ubi
1662 1075 1736 1130 sunt
1759 1064 1822 1130 due
1925 1093 1930 1102 ¹

136 1173 266 1238 luntane
303 1181 335 1238 et
367 1173 457 1242 vadit
487 1193 590 1259 usque
622 1170 664 1238 ad
697 1181 827 1258 puteum
856 1173 911 1260 qui
936 1181 1044 1236 manet
1067 1173 1300 1239 iuxtaterram
1326 1171 1536 1258 Mogorouiei‚
1561 1173 1593 1234 in
1621 1169 1822 1256 longitudine

135 1288 165 1342 et
197 1279 230 1342 in
260 1276 432 1350 latitudine
454 1299 475 1346 a
498 1286 607 1347 monte
626 1276 701 1350 Tini
722 1297 823 1362 usquc
846 1275 888 1340 ad
911 1278 1016 1340 riuum
1041 1286 1073 1342 et
1089 1276 1210 1344 ibidem
1229 1275 1440 1342 Smurdanani
1457 1276 1631 1361 incipiente
1649 1300 1667 1338 a
1685 1276 1821 1340 termino

134 1381 227 1446 vallis
254 1401 358 1469 usque
384 1383 426 1448 ad
450 1382 631 1470 predrctum
655 1389 795 1448 montem
820 1380 905 1451 Tini.
931 1379 964 1444 Si
982 1383 1066 1448 enirn
1085 1381 1356 1470 quandocumque
1373 1379 1527 1466 quislibet
1540 1379 1636 1446 michi
1654 1401 1822 1444 successor

133 1489 354 1570 interuenerit,
385 1487 545 1575 huiusque
582 1488 645 1551 mei
677 1485 799 1552 decreti
831 1485 1008 1550 stabilitum
1041 1488 1132 1572 parui
1159 1486 1315 1572 penderit,
1340 1495 1372 1552 et
1395 1509 1436 1550 ex
1461 1485 1620 1567 omnibus,
1646 1507 1751 1571 quea
1772 1507 1821 1550 me

133 1593 275 1659 fideliter
306 1602 424 1659 statuta
455 1603 539 1677 sunt,
563 1592 687 1680 aliquid
721 1591 944 1672 minuereyel
968 1591 1150 1676 transgredi
1175 1591 1321 1673 voluerit,
1349 1594 1428 1655 iram
1453 1590 1571 1656 haheat
1592 1592 1820 1676 omnipotentis

132 1699 180 1765 dei
213 1709 246 1764 et
279 1701 421 1764 omnium
454 1709 640 1764 sanctorum
671 1719 769 1783 super
800 1695 871 1762 illos
905 1707 1043 1779 maneat,
1078 1719 1137 1760 nec
1169 1719 1232 1760 non
1257 1705 1289 1760 et
1311 1705 1528 1761 trecentorum
1560 1695 1671 1760 decem
1694 1705 1726 1760 et
1748 1686 1821 1760 octo

132 1815 258 1892 patrum
285 1808 478 1870 anatematis
513 1804 642 1869 vinculo
679 1803 836 1883 medetur,
862 1813 893 1866 et
916 1805 948 1866 in
965 1803 1149 1867 nouissimo
1171 1824 1210 1866 ac
1232 1802 1399 1866 tremendo
1424 1803 1573 1865 examine
1603 1799 1821 1865 cumdiabolo

132 1913 266 1998 suisque
282 1913 439 1976 ministris
460 1933 500 1975 ac
519 1909 606 1976 duda
626 1909 780 1974 traditore
795 1907 967 1974 damn'ctur
989 1917 1021 1974 et
1042 1907 1301 1992 inextinguibilis
1325 1906 1455 1974 flamma
1480 1906 1628 1972 incendio
1653 1891 1821 1969 crucietur.

137 2017 239 2082 Huius
265 2017 408 2102 denique
432 2017 478 2080 rei
502 2015 680 2082 stabilitum
706 2013 811 2101 palam
840 2023 946 2078 actum
974 2024 1006 2077 et
1029 2035 1138 2079 coram
1155 2013 1205 2078 his
1225 2013 1361 2078 testibus
1379 2011 1587 2076 roboratum:
1612 2002 1821 2096 Llaurencio)

132 2121 390 2209 archiepiscopo,
415 2121 596 2208 R(ainerio)
620 2122 765 2186 croatico
790 2121 954 2206 episeopo,
974 2117 1150 2206 Gloizone)
1178 2117 1260 2187 bano
1281 2128 1313 2190 et
1335 2116 1390 2184 alii
1416 2115 1533 2207 plures.

296 2268 486 2325 Polichorion.
511 2268 537 2325 U
560 2267 659 2324 arhiru
683 2266 858 2342 nadarslroga
880 2265 1037 2340 gubernija.

835 2557 1123 2640 cr.1v.1eoe.
1546 2531 1561 2570 ⁸
1632 2587 1634 2592 ·

132 2705 286 2784 Krestrar'r
314 2725 371 2784 IV.
396 2723 532 2788 hroatalri
555 2724 661 2795 derare
683 2727 856 2787 semestrua
878 2739 921 2784 se.
945 2720 1090 2796 &pepone
1122 2721 1180 2780 tort
1205 2719 1327 2793 Sedete,
1351 2719 1432 2792 aare
1454 2719 1527 2778 cratia
1556 2719 1604 2792 lmj
1630 2719 1687 2778 dar
1700 2699 1823 2792 peteret

812 2827 904 2888 ardut
927 2843 978 2886 me
1001 2825 1138 2902 saepae.

296 2984 333 3048 ln
367 2985 495 3048 nomine
526 2983 647 3046 domini
673 2984 773 3046 nostri
797 2981 876 3046 Jesu
902 2979 1035 3046 Christi.
1059 2979 1131 3066 Ego
1156 2978 1363 3060 Cresimirus,
1388 2981 1439 3045 dei
1464 2982 1569 3066 gratia
1593 3003 1652 3044 rex
1677 2979 1819 3046 Chroba·

135 3103 237 3156 torum
274 3100 373 3175 atque
395 3087 631 3169 Dalmatorum‚
655 3089 806 3151 constitui
827 3087 982 3172 exiguum
1008 3085 1128 3154 donum
1153 3087 1357 3152 contribuere
1380 3085 1515 3152 cenobio
1540 3088 1642 3151 sancti
1667 3085 1821 3172 Stephani

20 3275 21 3284 χ
133 3195 383 3284 proto-martiris
414 3215 513 3280 prope
537 3192 703 3280 Spalatum
729 3194 802 3258 sito.
827 3191 909 3256 Nam
936 3213 1011 3255 cum
1038 3213 1088 3254 me
1110 3189 1263 3274 alliceret,
1288 3191 1489 3279 atque·adeo
1513 3193 1701 3256 admoneret
1725 3213 1820 3256 vene-

20 3325 21 3376 }
132 3301 241 3366 rabilia
258 3298 523 3383 archiepiscopus
540 3297 743 3377 Laurentius,
771 3297 913 3380 itemque
940 3293 1042 3359 abbas
1067 3295 1276 3378 (lisilbcrtus,
1302 3309 1337 3363 ut
1357 3319 1415 3384 pro
1439 3299 1633 3384 expiatione,
1657 3319 1695 3361 ac
1719 3296 1831 3361 salute·

20 3385 21 3478 l
131 3409 235 3471 anime
262 3427 345 3485 mee,
360 3425 570 3489 meorumque
584 3409 761 3488 parentum,
776 3399 879 3464 eidem
892 3399 1026 3466 cenobio
1048 3400 1208 3465 traderem
1235 3401 1339 3466 locum
1365 3401 1543 3483 moletrine,
1558 3423 1663 3488 quem,
1681 3411 1715 3465 ut
1729 3401 1822 3465 nobis

20 3495 21 3516 ³
132 3523 298 3576 ostensum
320 3519 378 3583 est,
409 3507 575 3573 monachis
600 3518 813 3593 opportunum
838 3527 910 3570 esse
934 3507 1162 3588 comperimus,
1188 3507 1307 3592 quippe
1332 3509 1514 3592 proximum
1538 3505 1694 3571 ecclesiae
1721 3509 1822 3571 sancti

133 3599 214 3682 Petri
233 3619 266 3680 in
286 3637 365 3700 agro
380 3613 582 3678 salonitano:
606 3598 695 3676 illum
712 3633 790 3697 ergo
815 3609 953 3675 libenter
977 3609 1099 3674 eisdem
1121 3609 1286 3674 monachis
1311 3611 1535 3691 concedimus,
1557 3621 1590 3675 ut
1613 3634 1683 3675 eam
1702 3613 1733 3674 in
1752 3611 1822 3697 per?

133 3733 261 3808 potuum
284 3719 460 3799 obtineant,
477 3741 515 3783 ac
538 3717 734 3804 possideant.
752 3717 784 3781 Si
803 3717 875 3802 quis
899 3737 976 3779 vero
993 3737 1035 3779 ex
1053 3719 1169 3779 nostris
1198 3715 1449 3796 suecessoribus,
1475 3715 1560 3801 qued
1585 3715 1665 3779 deus
1687 3726 1821 3796 avertat,

20 3837 21 3888 l
133 3825 212 3890 hanc
229 3823 605 3890 nostramdonationem
630 3823 753 3890 irritam
778 3820 899 3902 feeerit,
924 3820 1029 3885 subsit
1054 3819 1235 3899 maledicto,
1260 3829 1292 3884 et
1316 3819 1521 3885 anathemate
1547 3822 1745 3906 prepotentis
1768 3819 1822 3884 dei

20 3987 21 3992 ,
132 3941 380 4016 sanctorumque
393 3939 529 4013 patrum,
544 3937 575 3992 et
587 3925 759 3992 cumdeda
784 3925 945 4012 proditore
970 3927 1091 3989 eternis
1113 3925 1199 4012 apud
1224 3926 1344 3990 inferos
1361 3925 1506 4011 supliciis
1527 3935 1721 4012 torqueatur.
1739 3923 1823 3990 Aeta

135 4047 205 4100 sunt
236 4057 349 4100 coram
381 4035 528 4114 testibus,
560 4032 746 4119 supradicto
779 4031 960 4096 Laurencio
996 4030 1251 4116 archiepiscopo,
1277 4030 1371 4094 Petro
1395 4031 1650 4115 archi-diacono,
1673 4031 1822 4096 Johanne

20 4159 21 4180 ¹
135 4141 301 4206 sacerdote
326 4151 358 4203 et
380 4137 547 4218 monacho,
581 4138 677 4202 Petro
702 4137 893 4222 primicerio,
920 4135 1075 4220 Dragano
1099 4137 1283 4218 stitonossa,
1307 4135 1457 4200 Asdricio
1493 4136 1652 4222 podzupo,
1686 4147 1718 4198 et
1741 4135 1821 4200 Gre-

134 4249 221 4330 gorio
248 4246 432 4330 podauppo.
455 4243 526 4328 Ego
557 4241 748 4306 Theodorus
772 4241 951 4328 presbyter,
976 4250 1009 4306 ct
1032 4243 1174 4305 sacrario
1199 4242 1332 4324 positus,
1359 4241 1448 4304 iussu
1473 4240 1622 4304 eiusdem
1647 4242 1733 4325 regis
1768 4241 1823 4304 do·

136 4353 208 4414 mini
243 4353 307 4414 mei
328 4350 412 4413 hanc
435 4347 640 4413 donationem
668 4347 781 4411 litteris
807 4346 967 4426 mendaci,
993 4357 1026 4410 et
1049 4347 1140 4410 testis
1166 4345 1266 4409 adfui.
1286 4344 1357 4428 Ego
1371 4367 1447 4410 voro
1465 4345 1660 4431 Stephanus,
1678 4344 1821 4409 eiusdem

20 4519 21 4550 ,
134 4460 233 4542 patrui
261 4458 324 4519 mei
350 4455 452 4535 heres,
475 4465 507 4517 et
530 4454 640 4517 diuina
673 4452 846 4517 elementia
884 4452 1010 4517 futurus
1047 4453 1077 4514 in
1105 4473 1204 4535 regno
1230 4450 1823 4532 successor,bancdouationemcou-

20 4597 21 4612 .
140 4563 238 4642 firmo,
271 4572 307 4624 et
338 4572 439 4623 ratam
475 4561 506 4622 in
541 4569 728 4644 perpetuum
765 4579 837 4621 esse
874 4555 988 4636 iubeo,
1024 4579 1132 4620 ceram
1167 4555 1281 4620 eodem
1317 4555 1572 4641 archiepiscopo,
1610 4565 1642 4618 ct
1665 4555 1824 4640 Gregorio

137 4670 286 4752 episcopo
310 4664 473 4736 Obroatie.
500 4664 571 4749 Ego
594 4663 748 4730 loannes,
763 4663 904 4726 sacrario
928 4660 1198 4746 archiepiscopali
1223 4663 1403 4747 prepositus
1427 4663 1517 4725 testis
1540 4660 1639 4725 adfui.
1753 4677 1756 4684 ’

20 4841 21 4880 r
294 4815 357 4867 (lvu
374 4813 468 4865 listinu
484 4809 604 4881 precede
618 4810 723 4866 Farlati
742 4811 766 4863 iz
783 4809 982 4879 talijanskoga‚
1004 4826 1021 4861 u
1041 4809 1106 4862 hom
1123 4808 1219 4878 jeailru
1243 4808 1331 4879 hijaise
1355 4807 1491 4864 urridens
1514 4827 1531 4863 u
1549 4805 1687 4866 aberniku
1713 4809 1825 4864 listinah

20 4883 22 4968 l
139 4909 298 4956 ramestana
321 4919 360 4954 ar.
386 4899 522 4981 Stjepana
547 4899 602 4953 kod
620 4897 738 4970 Spljcta.
763 4897 870 4952 Farlati
893 4895 972 4966 illyr.
997 4895 1075 4950 Sacr.
1102 4895 1137 4949 Τ.
1161 4895 1212 4950 lll.
1236 4914 1263 4968 p.
1290 4897 1360 4951 138.
1424 4921 1427 4930 ·
