4254 5922
322 388 384 456 186

315 582 390 652 dem
411 583 565 668 habitum,
589 588 795 676 proiectoque
819 609 891 656 oum
916 612 973 658 suo
997 593 1122 658 sarcina
1150 591 1279 675 mundo,
1304 614 1337 656 se
1359 590 1503 674 contulit,
1527 589 1613 656 unde
1635 589 1697 657 bec
1718 591 1876 673 ordinata,
1909 593 1992 659 sicut

313 695 469 779 superins,
493 693 657 776 confirmo,
681 704 714 760 et
736 694 954 780 immolando,
971 707 1067 784 atque
1087 696 1147 762 sub
1164 697 1316 783 ligamine
1334 695 1556 778 anathematis,
1573 705 1606 762 et
1620 697 1735 762 Niceni
1762 698 1888 780 concilii
1918 701 1988 764 vin·

314 797 386 866 culo
409 817 590 885 quenquam
616 822 709 886 pono,
733 802 787 886 qui
811 799 872 866 hoc
895 804 1006 868 nititur
1022 802 1198 886 infringere
1222 813 1254 868 et
1269 801 1385 868 delere.
1409 801 1505 867 Hanc
1520 825 1597 868 vero
1614 801 1719 888 sigillo
1736 805 1838 868 sancti
1856 803 1987 870 Domuii

317 903 472 968 cartulam
497 906 575 970 iussi
600 907 731 992 signari,
755 917 791 971 ut
815 917 925 972 contra
949 931 1059 973 omnes
1076 918 1263 995 permaneat
1285 919 1512 995 conquestores
1536 912 1567 973 in
1591 931 1651 973 sua
1668 907 1847 975 stabilitate
1878 909 1985 974 firma.

316 1009 353 1076 In
376 1009 437 1077 bac
458 1011 641 1078 laudatione
664 1011 840 1099 Alndreas)
862 1017 1033 1102 episcopus
1055 1014 1184 1095 Jadere,
1209 1023 1241 1080 et
1264 1014 1400 1101 D(rago)
1424 1014 1569 1080 eiusdem
1592 1016 1731 1082 ciuitatis
1755 1017 1851 1104 prior,
1876 1025 1985 1082 testes.

471 1158 569 1232 Prepis
592 1178 629 1216 na
650 1161 814 1234 pergameni
837 1179 854 1218 u
877 1162 977 1219 arkiru
1000 1161 1193 1235 kaludjericah
1217 1179 1256 1218 ur.
1282 1161 1381 1236 Marijs
1403 1178 1421 1218 u
1446 1161 1547 1218 Zadru.

971 1401 1175 1486 CCXXI.
1201 1403 1319 1490 lllllti.

315 1559 443 1641 Drnpud
457 1568 550 1642 prior
568 1569 719 1642 sodarsti,
745 1569 871 1644 predqr'e
892 1573 1066 1630 sumostunu
1087 1587 1130 1629 sc.
1162 1567 1319 1628 KrIecana
1341 1585 1390 1628 soe
1412 1585 1466 1628 one
1488 1567 1618 1628 dotodlte
1640 1585 1661 1626 u
1682 1567 1781 1643 modu
1798 1562 1992 1641 Ljubrilrcla

832 1675 897 1749 lcoje
914 1676 997 1749 prs'jr
1021 1675 1170 1734 dedicata
1188 1675 1293 1749 parri
1314 1674 1464 1736 sndcrslc'.

472 1821 610 1902 †Anno
641 1844 683 1887 ex
714 1844 777 1909 quo
807 1821 990 1908 redemptor
1025 1819 1155 1886 humani
1187 1822 1315 1904 generis
1348 1819 1498 1885 dominus
1528 1819 1648 1886 Jbesus
1680 1818 1837 1899 Christus,
1871 1819 1992 1884 factam

314 1947 442 1991 carnem
459 1949 501 1992 ex
524 1929 712 1993 intemerata
729 1929 852 2014 virgine
869 1930 1000 2016 recepit,
1021 1925 1190 1991 millesimo
1207 1924 1327 1991 XCUI.
1350 1925 1536 2010 habebatur,
1553 1925 1757 2013 indic(tione)
1780 1925 1857 2008 IIII,
1877 1935 1994 2011 epacta

314 2031 442 2115 XXIII,
466 2043 674 2099 concurrente
698 2033 771 2115 VII,
805 2035 982 2121 imperante
1016 2032 1133 2099 Alexio
1164 2055 1279 2118 magno
1311 2033 1520 2119 imperatore,
1551 2032 1636 2120 apud
1668 2055 1726 2098 nos
1755 2031 1876 2097 Jadera
1909 2031 1995 2118 epis-

315 2147 450 2226 copante
480 2137 628 2205 Andreae
667 2139 783 2228 presul.
817 2139 903 2221 Quia
942 2141 1044 2224 magis
1082 2137 1160 2203 illud
1195 2137 1384 2204 mortalibus
1419 2138 1571 2228 prodesse
1603 2139 1835 2226 conspicimus,
1870 2139 1932 2226 qui
1964 2139 1996 2202 in

315 2243 506 2309 utilitatibus
531 2267 695 2310 seruorum
720 2246 780 2327 dei,
805 2257 899 2332 prout
921 2246 1083 2332 competit,
1107 2242 1227 2331 aliquid
1252 2243 1418 2310 elaborare
1444 2256 1602 2332 procurat,
1633 2266 1729 2332 quam
1761 2245 1817 2332 qui
1839 2247 1872 2309 in
1899 2265 1992 2310 mun-

316 2349 409 2414 danis
432 2349 528 2415 rebus
560 2349 715 2416 inutiliter
744 2335 896 2417 insudare
927 2350 1034 2438 aliquo
1069 2349 1163 2414 modo
1196 2351 1323 2433 insistit,
1354 2349 1444 2416 verbi
1477 2352 1591 2436 gratia,
1615 2351 1692 2437 quia
1712 2349 1852 2419 mundus
1876 2351 1997 2414 transit

316 2465 348 2521 ct
371 2458 637 2543 concupisesnoia
659 2459 739 2524 eius.
764 2457 807 2522 Et
833 2457 953 2522 idcirco
978 2477 1038 2542 ego
1062 2455 1203 2540 Dragus,
1230 2456 1407 2524 iaderensis
1440 2459 1534 2552 prior,
1566 2479 1665 2544 nepos
1697 2455 1820 2522 scilicet
1843 2456 1995 2538 Dragoni

317 2565 425 2648 magui
448 2564 574 2650 prioris,
598 2564 661 2627 iam
686 2585 792 2645 senex,
816 2564 850 2628 in
873 2565 984 2650 quinto
1007 2583 1090 2626 anno
1113 2563 1204 2627 tercii
1234 2564 1296 2627 mei
1321 2565 1490 2649 prioratus,
1523 2575 1595 2650 post
1625 2562 1763 2650 plurima
1793 2562 1943 2650 pericula
1966 2569 1999 2628 et
2116 2549 2121 2572 ²

316 2690 447 2754 agones,
471 2691 534 2756 que
556 2668 597 2734 ab
620 2667 734 2734 incolis
757 2669 874 2735 nostris
908 2678 940 2734 et
963 2667 1163 2734 diuersarum
1187 2671 1336 2755 gencium
1360 2669 1487 2735 feritate
1511 2679 1691 2757 quassatus,
1726 2669 1783 2734 sed
1814 2669 1995 2734 adiuuante

320 2797 371 2840 me
394 2774 486 2862 larga
506 2775 557 2841 dei
583 2774 804 2841 misericordia
826 2775 963 2858 adiutus,
989 2773 1128 2839 emulaui
1152 2777 1184 2838 in
1208 2775 1301 2840 bonis
1324 2785 1564 2840 antecessorum
1587 2784 1851 2856 meorumnam,
1875 2773 1923 2840 ob
1948 2798 1997 2838 sa·
2119 2811 2121 2852 1

319 2879 418 2947 lutem
441 2883 618 2948 animarum
643 2891 833 2962 nostrarum,
857 2881 1080 2968 preteritorum
1105 2879 1264 2963 videlicet,
1289 2883 1510 2952 insistencium
1539 2891 1570 2947 et
1592 2881 1781 2964 futurorum,
1805 2880 1997 2946 consiliatus

319 2987 467 3052 omnibus
502 2986 664 3052 nobilibus
699 2988 827 3070 nostris,
862 2986 1026 3074 flagitante
1061 2985 1193 3052 domino
1232 2986 1341 3053 Medio
1372 2987 1489 3054 abbate
1520 2986 1647 3054 cenobii
1670 2989 1773 3052 sancti
1797 2985 1997 3074 Chrisogoni

319 3095 467 3174 martiris,
489 3116 560 3158 cum
586 3093 800 3158 confratribus
825 3094 901 3174 suis,
937 3095 1082 3158 concessi
1114 3095 1160 3158 eis
1191 3095 1298 3158 omnia
1331 3093 1387 3158 illa
1409 3095 1555 3176 seruicia,
1585 3115 1648 3180 que
1670 3094 1846 3179 antiquitus
1869 3094 1999 3180 priores

319 3199 419 3263 nostri
443 3200 477 3263 in
499 3207 605 3263 castro
628 3198 802 3264 Lubricata
819 3197 1187 3264 babuissemanilcstum
1211 3209 1269 3282 est,
1287 3199 1319 3264 id
1342 3212 1390 3265 est
1411 3201 1468 3284 sal,
1493 3222 1589 3288 quem
1611 3199 1717 3266 incole
1737 3199 1822 3264 illius
1846 3197 1912 3264 loci
1939 3221 1996 3286 per

319 3327 577 3394 unamquamque
598 3307 727 3371 domum
745 3329 859 3371 nouem
877 3307 983 3371 modia
1006 3305 1194 3391 colligentes
1217 3307 1303 3370 omni
1326 3327 1420 3388 anno,
1445 3315 1477 3372 et
1499 3305 1578 3372 duas
1601 3307 1800 3392 piseaciones
1831 3305 1998 3370 deseruis-

320 3413 405 3496 bant,
429 3411 552 3500 absque
576 3411 641 3496 illa,
666 3435 727 3499 qne
751 3423 861 3477 nostro
884 3413 1047 3500 episcopio
1063 3411 1230 3477 debentur.
1254 3411 1348 3476 Hanc
1370 3411 1499 3498 quidem
1522 3411 1709 3476 donacionis
1733 3413 1885 3497 paginam
1913 3411 1997 3476 lecta
2119 3381 2121 3454 l

318 3531 368 3582 est
390 3541 410 3582 a
433 3519 562 3584 domiuo
586 3517 671 3584 Maio
702 3518 929 3584 archidiacono
961 3528 1033 3605 post
1062 3516 1264 3602 euangelium
1297 3519 1330 3581 in
1361 3518 1413 3582 die
1445 3517 1584 3582 natalicii
1617 3517 1761 3582 eiusdem
1785 3520 1931 3582 martiris
1954 3519 1996 3583 ad

319 3627 448 3690 missam
470 3627 502 3690 in
526 3627 692 3708 presencia
715 3625 891 3712 supradicti
914 3625 1074 3711 pontificis
1101 3636 1134 3690 et
1157 3625 1226 3688 eius
1248 3623 1364 3706 clerus,
1387 3645 1483 3710 quam
1506 3622 1674 3689 audientes
1697 3621 1739 3686 ab
1762 3626 1849 3688 omni
1871 3625 1995 3710 populo

318 3730 530 3796 acclamatum
551 3741 616 3796 est:
641 3731 706 3814 fiat,
730 3731 795 3811 fist,
820 3731 884 3796 fiat.

474 3836 516 3900 Et
540 3847 621 3924 post,
644 3837 730 3901 facto
753 3835 896 3911 silencio,
920 3857 979 3920 ego
1012 3834 1116 3901 dictus
1140 3838 1227 3924 prior
1251 3859 1314 3900 una
1336 3859 1409 3900 cnm
1441 3835 1627 3922 proceribus
1657 3845 1763 3899 nostre
1787 3835 1887 3918 urbis,
1922 3847 1996 3923 post

318 3945 412 4027 signa
434 3942 711 4009 corroboracionis
733 3941 917 4007 addidimus
939 3940 1015 4007 bec:
1041 3941 1075 4006 Si
1098 3944 1171 4029 quis
1192 3952 1372 4040 nostrorum
1392 3941 1453 4006 hoc
1468 3950 1573 4006 actum
1591 3951 1663 4027 post
1684 3963 1832 4027 rumpere
1857 3952 1995 4028 tempta-

321 4052 412 4129 uerit,
436 4047 580 4118 deificam
607 4061 639 4114 et
662 4049 756 4113 buius
778 4050 881 4113 sancti
905 4050 1044 4112 martiris
1065 4061 1097 4112 et
1120 4059 1262 4114 nostram
1284 4047 1400 4114 babeat
1434 4046 1701 4112 maledictionem.
1726 4045 1845 4111 Iterum
1878 4047 1995 4112 multo·
2049 4029 2053 4040 ’

318 4158 406 4222 ciens
430 4155 549 4222 dictum
573 4167 638 4220 est:
663 4155 727 4239 fiat,
752 4155 817 4220 fiat.

475 4265 496 4343 †
518 4262 652 4347 Signum
677 4285 790 4327 manus
814 4260 917 4346 Dragi
942 4261 1056 4346 prioris
1081 4270 1113 4325 et
1130 4258 1279 4326 eiuslilii.
1304 4262 1325 4340 †
1348 4259 1482 4344 Signum
1500 4281 1614 4323 manus
1637 4255 1776 4324 Candidi
1798 4266 1830 4322 et
1853 4255 1996 4322 liliorum

319 4368 400 4433 eius.
424 4371 446 4450 †
468 4368 603 4454 Signum
627 4392 740 4434 manus
765 4366 879 4433 Uitaze
903 4389 1006 4455 nuper
1029 4369 1144 4454 prioris
1166 4376 1198 4431 et
1220 4365 1353 4430 fratrum
1375 4367 1455 4430 eius.
1476 4368 1497 4447 †
1520 4364 1665 4448 Designe
1689 4363 1803 4429 iudicis
1827 4371 1860 4428 et
1883 4362 1995 4427 fratris

320 4475 401 4538 eius.
423 4477 445 4556 †
467 4474 606 4541 Slauane
638 4474 836 4540 Comerzarii
868 4484 901 4538 et
929 4474 1037 4557 fratris
1068 4475 1147 4540 eius.
1172 4477 1193 4555 †
1217 4473 1377 4554 Petrinne,
1413 4470 1544 4536 Andree
1568 4469 1625 4535 filii
1650 4481 1682 4536 et
1705 4469 1843 4534 liliorum
1865 4469 1948 4534 eius.
1975 4471 1995 4550 †

321 4579 430 4677 bladii,
459 4579 552 4646 *Zalle
584 4581 641 4645 fihi
666 4591 698 4645 et
728 4588 878 4666 nepotum
910 4581 989 4644 eius.
1021 4581 1042 4661 †
1074 4578 1167 4644 Dode
1200 4590 1231 4642 et
1263 4589 1414 4665 nepotum
1446 4602 1485 4642 ac
1517 4576 1654 4644 filiorum
1687 4579 1766 4642 eius.
1790 4579 1812 4658 †
1833 4574 1993 4641 Filiorum

321 4685 429 4752 domni
455 4686 556 4769 Pauli,
588 4697 620 4751 et
649 4688 791 4751 omnium
824 4707 992 4772 procerum
1026 4685 1186 4749 communi
1222 4687 1325 4768 signo.
1349 4687 1369 4766 †
1392 4682 1462 4768 Ego
1484 4681 1661 4769 GregorIus
1689 4685 1884 4770 episcopus¹
1910 4680 1995 4746 hanc

321 4795 560 4858 concessionem
588 4792 752 4857 confirmo.

478 4950 607 5007 lzvornik
629 4967 666 5006 ua
687 4949 762 5006 uoti.
785 4949 812 5007 U
835 4949 903 5028 gub.
925 4947 1024 5006 arlrlvu
1047 4946 1220 5004 zadurskcm.
1244 4947 1294 5005 Nr.
1320 4947 1348 5002 2,
1372 4945 1464 5002 Masso
1488 4945 1514 5002 Α
1536 4943 1660 5018 capsula
1680 4943 1703 5007 1.

435 5381 445 5419 ¹
460 5385 634 5446 ledunensis.
