4300 5930
846 753 1043 836 cxxxr.
1071 757 1177 839 nro.
1204 755 1242 838 u
1271 755 1452 858 sputu.

469 935 651 997 Sumostanu
674 953 715 996 so.
741 935 833 995 Petra
850 937 1045 1011 qumojskoyu
1067 937 1207 1010 dopttujat
1231 953 1263 996 se
1284 937 1370 1009 mete
1388 935 1454 1008 ped
1469 936 1596 1009 portiom
1619 937 1698 996 biota
1719 938 1830 1010 semite.

471 1126 508 1190 In
527 1123 654 1194 ,Christi
680 1127 818 1190 nomine.
843 1122 940 1188 Anno
964 1121 1006 1188 ab
1030 1125 1251 1188 incarnatione
1275 1123 1396 1188 domini
1420 1125 1520 1188 nostri
1545 1123 1624 1190 Jcsu
1657 1122 1779 1190 Christi
1807 1124 1993 1206 millesimo,

314 1233 499 1313 centesimo,
524 1231 762 1316 septuagesimo
787 1239 889 1295 sexto.
916 1230 1094 1294 Indictionc
1121 1253 1197 1294 vero
1221 1253 1315 1311 nona,
1349 1241 1505 1314 regnante
1530 1229 1659 1294 domino
1691 1241 1801 1295 nostro
1838 1229 1992 1296 Manucle

310 1339 513 1402 sanctissimo
538 1339 741 1420 imperatore,
766 1347 798 1400 et
820 1337 852 1399 in
880 1335 955 1399 sede
982 1337 1066 1400 beati
1090 1336 1221 1400 Domnii
1247 1335 1430 1421 presidente
1455 1335 1585 1400 domino
1610 1335 1771 1418 Raincri0,
1807 1336 1991 1401 venerabili

315 1441 568 1528 archiepiscopo,
593 1453 624 1505 et
647 1443 677 1504 in
704 1441 832 1506 ciuitate
857 1441 1014 1526 spalatina
1039 1441 1199 1506 existente
1223 1442 1339 1505 comite
1364 1441 1511 1522 Martino,
1537 1453 1569 1506 et
1592 1445 1625 1506 in
1660 1443 1836 1508 buccaratu
1872 1443 1992 1524 Miche,

310 1531 368 1612 filii
393 1548 541 1629 Predani,
566 1547 628 1612 hoo
650 1559 756 1612 actum
781 1558 838 1612 est.
865 1545 946 1610 Cum
971 1546 1122 1610 instantis
1146 1547 1299 1628 temporis
1324 1548 1433 1610 omnia
1458 1548 1521 1612 sint
1545 1559 1769 1613 momentanea
1803 1557 1836 1613 et
1869 1550 1987 1612 transi-

310 1658 402 1735 toria,
427 1674 458 1718 et
481 1677 608 1740 queque
632 1652 757 1740 dilapsa
780 1652 902 1718 nullum
929 1651 1063 1716 ulterius
1093 1653 1216 1738 possint
1246 1651 1366 1716 habere
1397 1673 1579 1730 recursum3
1611 1676 1789 1739 congruum
1822 1653 1917 1718 valde
1948 1675 1989 1716 ac

310 1759 472 1824 laudabile
496 1760 564 1824 fore
587 1761 751 1842 asseritur,
775 1769 810 1824 ut
833 1779 1036 1845 quecumque
1060 1759 1124 1820 sint
1147 1756 1246 1841 digna
1277 1757 1441 1840 memorie,
1477 1781 1516 1822 ea
1551 1757 1767 1824 sollicitudine
1798 1769 1831 1824 et
1862 1758 1991 1823 cautela

313 1865 491 1951 priuilegiis
514 1874 717 1945 annotentur,
743 1864 829 1950 quod
854 1862 1056 1950 presentibus
1081 1861 1176 1928 fidem
1201 1860 1329 1944 faciant,
1356 1874 1388 1926 et
1422 1886 1480 1948 pro
1517 1861 1566 1928 his
1602 1887 1664 1949 que
1699 1865 1820 1952 scripta
1856 1864 1990 1946 fuerint,

310 1994 437 2034 omnem
463 1969 706 2053 ambiguitatem
731 1979 762 2033 et
782 1991 968 2034 errorema
999 1967 1152 2033 cordibus
1179 1967 1377 2033 audientium
1412 1968 1508 2054 plane
1544 1979 1742 2035 remoucant.
1776 1969 1828 2034 Ea
1858 1985 1993 2056 propter

311 2099 371 2160 ego
395 2075 571 2158 Jolranncs,
596 2076 698 2139 sancti
723 2074 853 2139 Domnii
878 2075 1014 2140 sacrista
1037 2083 1069 2138 et
1092 2083 1281 2160 procurator
1306 2076 1492 2138 monasterii
1525 2076 1626 2138 sancti
1661 2075 1748 2139 Petri
1782 2074 1823 2140 de
1858 2074 1989 2158 Gomai,

309 2205 373 2246 una
396 2203 469 2246 cum
491 2181 633 2246 Roberto
658 2180 800 2244 eiusdem
827 2182 1012 2246 monasterii
1031 2183 1206 2267 preposito,
1230 2191 1262 2246 ct
1284 2204 1357 2246 cum
1381 2183 1521 2268 inppano
1546 2181 1710 2265 Talmazo,
1747 2193 1779 2248 et
1810 2205 1882 2248 cum
1913 2206 1989 2247 oon-

312 2311 408 2353 sensu
432 2288 574 2351 omnium
599 2286 733 2350 fratrum
759 2287 895 2374 predicti
918 2289 1114 2369 monasterii,
1140 2298 1172 2352 et
1195 2287 1235 2352 de
1259 2287 1425 2352 voluntate
1458 2281 1698 2352 uniuersorum'
1714 2297 1893 2373 pareutum,
1926 2287 1989 2352 hoc

310 2392 496 2459 memoriale
510 2391 651 2458 scribere
664 2391 808 2458 fecimus.
832 2386 967 2458 Factum
982 2395 1075 2458 estin
1094 2396 1314 2479 prenominato
1332 2403 1475 2479 tempore
1492 2393 1723 2478 quodquidam
1740 2393 1848 2458 Sclaui
1867 2393 1984 2486 Adria-

313 2501 381 2562 nilsi
405 2498 566 2580 videlicet,
591 2497 757 2564 Predanus
778 2498 902 2563 scilicet
925 2521 998 2564 cum
1015 2499 1209 2584 'parentibus
1233 2499 1299 2563 suis
1323 2497 1458 2580 Sclauia,
1479 2509 1511 2562 et
1534 2499 1666 2585 quidam
1688 2499 1804 2582 Latini,
1829 2498 1984 2564 videlicet

306 2605 450 2670 lacobus
487 2604 527 2668 de
563 2603 695 2691 fiprtzi,
732 2605 787 2690 qui
821 2604 881 2668 fuit
914 2627 1025 2668 eorum
1061 2593 1254 2684 aduocatos,
1291 2603 1435 2685 Dabrali,
1471 2603 1639 2685 Caecatus,
1674 2603 1852 2688 Prodanne,
1879 2603 1981 2684 Cicla,

306 2709 435 2794 Paulus,
460 2719 492 2776 et
515 2710 669 2775 Nicolaus
694 2710 733 2774 de
757 2709 936 2792 Caloianni,
961 2718 997 2775 et
1020 2731 1131 2774 omnes
1156 2731 1266 2788 corum
1291 2719 1450 2796 parentes,
1475 2712 1678 2793 insurgentes
1701 2708 1857 2799 aduersus
1875 2733 1983 2776 mona·

307 2819 439 2881 sterium
464 2818 566 2881 sancti
593 2815 676 2880 Petri
702 2816 741 2878 de
766 2814 892 2897 Gomai,
924 2828 1079 2900 oeperunt
1110 2827 1219 2902 petere
1255 2827 1366 2898 terras,
1402 2839 1464 2902 quc
1500 2829 1574 2880 aunt
1609 2819 1641 2880 in
1677 2815 1747 2881 loco
1779 2819 1835 2904 qui
1867 2816 1988 2881 dicitur

306 2921 450 3008 Stilpiaa,
475 2931 655 2987 asserentes
679 2923 811 3007 utique:
835 2921 922 3007 quod
946 2925 1275 3005 prenominate.tcrre
1294 2921 1416 2986 eisdem
1441 2943 1499 3008 pro
1516 2943 1574 2986 suo
1592 2931 1759 3007 parentatu
1775 2923 1986 3008 pertinerent,

309 3039 341 3092 et
365 3027 560 3092 hereditario
585 3029 654 3090 iure
678 3028 766 3112 ipsas
790 3027 956 3112 possidere
980 3027 1142 3092 volebant.
1168 3028 1312 3092 'landem
1339 3051 1416 3092 vero
1448 3027 1686 3114 adlplaoetum
1717 3029 1920 3109 deuenimus,
1956 3041 1987 3094 et

308 3136 340 3198 in
364 3135 527 3221 presentia
551 3133 671 3198 domini
696 3133 839 3196 Rainerii
862 3133 1056 3197 vener-abilis
1080 3133 1271 3218 spalatensis
1307 3133 1551 3219 archicpiscopi,
1587 3142 1620 3196 et
1654 3123 1790 3198 aliorum
1826 3135 1983 3200 nobilium

306 3243 463 3322 virorum,
484 3249 548 3303 tam
574 3238 738 3320 laicorum,
762 3261 857 3324 quam
889 3237 1089 3320 clericorum,
1121 3243 1251 3304 nomina
1285 3263 1421 3324 quorum
1458 3237 1591 3304 inferius
1628 3238 1787 3324 leguntur,
1824 3241 1983 3326 placetum

304 3323 489 3410 habuimus.
515 3344 588 3408 Hoc
610 3344 722 3408 modo:
747 3341 1036 3430 Conquerebantur
1060 3347 1167 3431 itaque
1195 3345 1329 3426 predicti
1355 3343 1537 3426 Adrianiki,
1564 3344 1603 3407 dc
1630 3344 1752 3430 prefato
1779 3347 1982 3426 monasterio,

306 3451 392 3541 quod
416 3459 610 3546 memoratas
634 3441 737 3514 terras
761 3449 823 3513 sibi
847 3471 904 3536 per
927 3450 1114 3516 violentiam
1147 3463 1178 3516 et
1211 3453 1452 3536 usurpationem
1488 3452 1648 3515 retineret.
1685 3449 1812 3529 Quibus
1848 3451 1985 3538 denique

306 3561 466 3646 iuppanus
491 3555 655 3636 Talmazo,
679 3557 788 3618 noster
810 3555 997 3657 aduqcatus,
1021 3557 1061 3620 dc
1086 3555 1261 3635 voluntate,
1285 3567 1317 3619 et
1339 3555 1489 3620 mandato
1521 3557 1663 3620 omnium
1688 3567 1832 3621 nostrum
1858 3560 1903 3621 ita
1936 3581 1983 3622 re-

308 3663 455 3750 spondit:
488 3661 718 3724 Monasterium
752 3663 854 3725 sancti
890 3661 977 3724 Petri
1014 3661 1054 3726 de
1091 3661 1217 3743 Gomai,
1253 3688 1271 3724 a
1307 3661 1411 3744 longis
1449 3673 1534 3726 retro
1567 3663 1766 3748 temporibus
1802 3663 1982 3749 sepedictus

308 3784 410 3834 terras
434 3767 586 3854 possedit,
612 3789 692 3852 quas
716 3767 848 3852 quidem
873 3777 985 3848 terras,
1010 3766 1155 3832 Rosscne
1179 3767 1364 3832 Muristious
1388 3769 1476 3852 prius
1501 3767 1635 3832 donauit
1660 3771 1854 3832 monasterio
1881 3773 1978 3834 sancti

304 3875 393 3938 Petri
415 3873 454 3938 de
479 3871 604 3953 Comei,
630 3885 662 3934 et
686 3882 757 3956 post
781 3883 915 3936 mortem
937 3873 1038 3957 ipsius
1063 3873 1206 3938 Rossene
1226 3874 1391 3956 Moristici,
1419 3873 1532 3937 Petrus
1557 3873 1683 3954 Slauus,
1720 3873 1806 3938 filius
1834 3878 1914 3955 eius,
1950 3885 1980 3939 et

308 3980 448 4062 Slauizo,
472 3977 652 4042 auunculus
677 3977 822 4040 eiusdem
848 3977 935 4042 Petri
958 3976 1057 4058 Slaui,
1086 3981 1325 4064 prenominatae
1360 3990 1463 4042 terras
1499 3981 1530 4042 in
1568 3979 1752 4065 supradicto
1787 3981 1979 4044 monasterio

306 4086 519 4164 confirmauit,
545 4094 577 4150 et
600 4107 654 4148 eas
679 4085 710 4146 in
738 4103 816 4168 pace
839 4091 871 4146 et
893 4105 1011 4168 magne
1034 4086 1144 4169 quiete
1166 4083 1322 4149 hactenus
1347 4085 1499 4170 possedit,
1525 4095 1557 4148 et
1580 4083 1666 4169 quod
1690 4109 1708 4147 a
1733 4085 1887 4170 predictis
1905 4087 1980 4148 viris

306 4193 478 4258 donatione
503 4198 534 4253 et
559 4191 801 4254 confirmatione
826 4187 983 4274 prelibata
1006 4199 1090 4254 terre
1116 4201 1223 4255 nostro
1249 4193 1442 4254 monasterio
1467 4189 1586 4254 fuerint
1609 4189 1734 4253 tradite.
1760 4188 1893 4254 Certum
1911 4213 1983 4254 con·

305 4297 497 4361 firmationis
521 4295 800 4376 demostrauimus,
826 4302 858 4358 et
888 4296 920 4358 in
953 4297 1117 4380 presentia
1153 4297 1291 4359 omnium
1326 4297 1544 4360 assistentium
1580 4294 1723 4381 perlecta
1747 4295 1816 4359 fuit.
1851 4293 1980 4361 Auditis

304 4405 404 4487 igitur
427 4401 593 4486 utriusque
617 4401 717 4485 partis
739 4398 997 4484 allegationibus,
1024 4409 1055 4464 et
1071 4402 1142 4465 visa
1158 4411 1247 4466 carta
1263 4400 1516 4465 confirmationis
1539 4403 1667 4485 pariter,
1687 4410 1718 4464 et
1734 4399 1844 4464 audita
1860 4403 1982 4464 ratione

305 4520 337 4574 et
362 4506 683 4587 iustitiadictitante,
710 4503 859 4570 dominus
883 4505 1063 4589 Rainerius,
1089 4505 1281 4572 venerabilis
1306 4505 1499 4594 spalatensis
1526 4503 1787 4591 archiepiscopus
1810 4506 1982 4570 iudicauit:

305 4613 393 4700 quod
418 4636 478 4697 ego
501 4593 667 4676 lohannes
693 4613 795 4675 sancti
820 4611 952 4676 Domuii
976 4613 1111 4675 sacrista
1134 4621 1166 4675 et
1189 4621 1376 4698 procurator
1400 4611 1527 4675 cenobii
1551 4613 1651 4674 sancti
1677 4609 1763 4673 Petri
1788 4609 1828 4673 de
1853 4609 1980 4692 Gomai,

304 4729 337 4784 et
357 4721 516 4804 iuppanus
540 4716 704 4799 Talmazo,
729 4716 908 4802 predictam
932 4728 1053 4781 cartam
1077 4717 1330 4780 confirmationis
1359 4739 1468 4780 veram
1488 4739 1558 4778 esse
1575 4717 1753 4779 iuramento
1771 4715 1981 4798 firmaremus,

304 4835 336 4890 et
359 4834 443 4888 terre
467 4822 640 4909 sepedicte,
667 4825 751 4888 aiom
774 4825 863 4909 prius
888 4822 1014 4888 fucrant
1036 4823 1109 4887 date
1133 4833 1164 4886 et
1187 4823 1374 4886 confirmato
1400 4821 1544 4908 predicto
1569 4823 1774 4904 monasterio,
1800 4823 1843 4884 ita
1875 4832 1981 4887 esseut

304 4933 337 4994 in
362 4939 562 5015 perpetuum,
587 4937 619 4992 ct
642 4930 749 4993 casin
774 4931 860 4992 omni
885 4928 1072 5014 quietudine
1096 4949 1134 4991 ao
1158 4929 1227 4992 siue
1251 4927 1397 4991 molestia
1422 4926 1601 5012 possideret
1634 4925 1784 4990 ammodo
1817 4939 1849 4990 et
1882 4951 1981 5014 usque

306 5040 338 5101 in
364 5033 519 5099 seculum.
545 5033 599 5098 Sic
623 5045 729 5103 autem
754 5035 877 5120 prefate
902 5045 986 5098 terre
1011 5032 1247 5115 describuntur,
1273 5043 1304 5096 et
1328 5033 1557 5096 terminantur:
1593 5031 1647 5096 Ex
1680 5042 1771 5117 parte
1804 5031 1902 5097 boree
1932 5045 1981 5096 est

304 5161 407 5220 mons,
430 5161 471 5202 cx
493 5138 624 5202 australi
650 5149 740 5225 parte
762 5139 921 5224 incipiunt
951 5163 970 5202 a
993 5139 1137 5225 Stilpiaa,
1172 5137 1399 5203 descendendo
1434 5161 1535 5224 usque
1571 5139 1624 5202 ad·
1644 5161 1796 5222 magnum
1832 5139 1980 5226 lapidem,

304 5246 359 5334 qui
383 5257 431 5309 est
454 5267 552 5331 supra
574 5243 704 5328 fontem,
729 5259 760 5308 et
782 5243 823 5309 ab
848 5244 901 5308 illo
927 5243 1033 5330 lapide
1057 5244 1283 5310 descendendo
1309 5265 1410 5330 usque
1435 5244 1475 5308 ad
1499 5267 1595 5310 mare.
1620 5243 1674 5307 Ex
1692 5237 1883 5309 occidentali
1899 5267 1973 5310 veru
