4350 5932
296 359 341 424 40

739 417 755 450 d

296 548 428 634 gloriosi
463 551 572 632 ducis,
605 550 656 615 vel
688 553 978 637 suprascriptorum
1011 553 1243 637 episcoporum,
1278 560 1310 616 et
1334 553 1502 637 primatum
1537 551 1645 638 populi
1681 551 1776 618 Istrie
1811 551 1976 638 prouincia

297 657 420 742 scripsi,
445 667 573 743 etpost
597 657 837 730 roborationem
861 660 992 722 testium
1017 657 1192 722 chartulam
1217 657 1377 726 roboraui,

454 815 484 870 Ia
506 831 530 869 e.
553 814 595 869 kr.
619 814 778 886 dvorekoga
795 815 910 885 tajnoga
925 813 1022 870 arkivu
1047 832 1064 868 u
1089 811 1176 871 Bedu.
1197 813 1283 868 Liber
1301 814 1450 868 Paetorum
1474 812 1483 866 i
1507 812 1601 896 Codex
1629 811 1800 867 Trevisanus
1824 830 1841 865 u
1866 809 1982 865 Mletcih

296 899 383 972 knjit.
402 901 430 958 S.
448 903 549 958 Marka
566 921 596 957 sa
621 903 889 974 prispodoleanjem
907 902 1013 973 drajuh
1028 898 1169 974 prepisah.

1937 1003 1948 1044 ι

881 1249 1002 1331 LIII.
1030 1249 1122 1332 805.
1151 1249 1185 1330 U
1215 1247 1403 1331 Cahenu.

405 1441 467 1504 Gur
489 1446 585 1505 Karlo
608 1446 699 1505 velitri
718 1447 816 1520 trdoje
838 1447 935 1506 acken
965 1461 1003 1504 au
1027 1447 1140 1518 tryouce
1162 1445 1223 1519 toja·
1237 1446 1352 1520 putuju
1366 1462 1388 1503 a
1403 1445 1565 1518 stovjenslce
1587 1444 1599 1502 i
1621 1438 1745 1502 ouante
1767 1443 1876 1516 cambe.

480 1615 667 1704 Capitulare
691 1617 958 1702 Aquisgraneuse
986 1616 1071 1680 Anni
1097 1615 1170 1680 805.
1197 1613 1418 1678 Communiter
1442 1614 1601 1680 aeclesiae
1617 1603 1657 1679 ¹et
1680 1613 1800 1700 populi.

970 1736 1080 1808 (Ostalo
1103 1736 1308 1807 izostavljeno.)

456 1907 484 1971 7.
519 1907 570 1971 De
603 1905 858 1991 negotiatoribus
892 1908 946 1991 qui
979 1905 1125 1992 partibus
1150 1904 1345 1980 ¹Sclauorum
1379 1913 1410 1967 et
1448 1901 1629 1982 Auarorum
1664 1911 1810 1988 pergunt,
1836 1924 1981 1988 quosque

232 2073 235 2080 ,
296 2011 472 2098 procedere
495 2035 566 2076 cum
598 2014 664 2076 suis
689 2014 827 2096 negotiis
859 2010 1009 2089 debeant,
1033 2009 1065 2072 id
1090 2018 1146 2090 est,
1170 2007 1316 2094 partibus
1350 2007 1511 2072 Saxouiae
1543 2029 1645 2094 usque
1674 2006 1714 2070 ad
1739 2005 1981 2086 Bardaenowic,

297 2117 352 2182 ubi
375 2117 562 2203 praeuideat
592 2117 704 2198 Hredi,
741 2127 772 2180 et
803 2115 844 2180 ad
878 2113 1024 2197 Scheria,
1058 2113 1112 2177 nbi
1143 2112 1380 2198 Madalgaudue
1398 2111 1611 2198 'praeuideat
1637 2121 1669 2176 et
1691 2110 1732 2176 ad
1756 2109 1982 2194 Magadoburg

295 2221 482 2308 praeuideat
505 2223 589 2286 Aito.
603 2221 646 2286 Et
662 2222 701 2285 ad
727 2221 906 2307 Erpeslort,
922 2219 1108 2306 p'raeuideat
1126 2217 1371 2302 Madalgaudus.
1390 2219 1432 2283 Et
1448 2220 1488 2284 ad
1505 2219 1674 2284 Halaastat
1693 2217 1880 2304 praeuideat
1905 2217 1980 2280 item

296 2325 544 2412 Madalgaudus.
568 2327 611 2390 Et
627 2326 668 2390 ad
684 2325 887 2405 Foracheim,
922 2326 962 2389 ad
995 2323 1214 2409 Brecmberga
1231 2325 1318 2388 etad
1335 2325 1562 2422 Regenisburg
1597 2323 1785 2410 praeuideat
1808 2320 1981 2398 Audulfus,

296 2431 384 2496 etad
407 2431 599 2495 Lauriacum
620 2429 822 2496 Warnarius.
847 2430 891 2493 Et
914 2440 948 2493 ut
970 2453 1059 2493 arma
1083 2439 1115 2492 et
1136 2428 1267 2492 brunias
1291 2452 1353 2493 non
1382 2430 1501 2494 ducant
1530 2430 1570 2496 ad
1593 2429 1853 2494 venundandum.
1885 2425 1982 2507 Quod

297 2539 323 2601 si
348 2539 469 2626 inuenti
493 2535 614 2600 fuerint
637 2545 811 2622 portantes,
839 2545 873 2599 ut
896 2537 1000 2598 omnis
1025 2533 1206 2599 substantia
1230 2557 1339 2600 eorum
1364 2535 1528 2600 auferatur
1553 2536 1666 2618 abeis,
1691 2535 1823 2599 dimidia
1847 2533 1979 2620 quidem
2074 2521 2076 2524 ¹

297 2665 372 2728 pars
394 2642 540 2728 partibus
564 2641 684 2728 palatii,
718 2640 781 2705 alia
817 2663 894 2706 vero
919 2640 1073 2706 medietas
1098 2643 1181 2706 inter
1214 2643 1344 2705 missum
1371 2651 1402 2705 et
1425 2643 1624 2706 inuentorem
1650 2629 1821 2706 diuidatur.

454 2764 547 2819 Perta.
572 2765 757 2819 Monumenta
774 2761 943 2818 Germaniae
966 2762 1121 2817 Historiae.
1152 2763 1269 2834 Legum.
1298 2764 1404 2817 Turnus
1428 2763 1450 2816 1.
1474 2770 1523 2816 etr.
1551 2762 1622 2817 133.
1659 2763 1758 2817 Mausi.
1792 2760 1981 2816 Collectionee

299 2868 407 2925 Concil.
431 2869 465 2923 T.
490 2867 568 2925 XIV.
598 2877 649 2929 etr.
675 2869 747 2922 297.
773 2869 846 2926 301.

737 3187 847 3268 LIV.
879 3187 973 3270 809.
1001 3185 1060 3268 13.
1088 3185 1262 3290 sietnju.
1291 3187 1328 3270 U
1356 3187 1535 3270 Kotoru.

296 3381 435 3456 Biljeilru
458 3384 533 3441 leuto
550 3384 584 3454 jc
606 3383 687 3455 njelri
711 3381 870 3456 Andrejuc
892 3401 928 3442 aa
950 3385 1059 3458 suoj0m
1081 3402 1240 3458 sup-rupem
1262 3384 1405 3457 Muriyonr
1423 3385 1512 3458 irupio
1526 3383 1600 3442 modi
1617 3401 1659 3443 su.
1680 3383 1812 3453 Trifurtu
1827 3382 1865 3441 od
1880 3379 1981 3454 ejecit

296 3489 462 3566 rnlctc’unalt
492 3506 528 3548 ro
559 3490 624 3546 300
651 3489 776 3546 rtmslrtlr
799 3489 925 3560 sot-iduh,
950 3493 961 3547 ι’
984 3491 1060 3548 kalen
1090 3491 1214 3564 suffredi
1248 3493 1338 3548 canoa
1368 3509 1409 3548 ua
1439 3490 1502 3548 last
1525 3491 1619 3564 istoyu
1642 3493 1748 3560 socha,
1775 3491 1846 3562 toja
1869 3489 1982 3548 darona

763 3610 865 3652 stvornu
894 3596 973 3664 siren,
997 3595 1121 3668 rujedno
1143 3611 1158 3653 s
1182 3596 1303 3667 ajat-bnt
1326 3596 1516 3668 slobodnjnct

294 3757 550 3829 instrumentum
571 3767 715 3850 corporis
750 3767 849 3830 nostri
874 3765 1004 3850 gloriosi
1030 3765 1217 3831 Confalonis
1249 3768 1351 3830 sancti
1374 3765 1558 3852 Tryphonis
1582 3789 1665 3830 anno
1689 3789 1709 3830 a
1734 3765 1852 3830 Christi
1878 3769 1980 3830 incar·

622 3872 751 3934 natione
776 3873 1020 3956 octigentesimo
1046 3895 1130 3936 nono
1154 3873 1205 3936 die
1230 3871 1356 3936 decima
1379 3875 1473 3936 tertia
1494 3871 1652 3939 Jauuarii.

454 4043 526 4129 Ego
551 4045 747 4111 Andreatius
772 4055 803 4110 et
827 4067 898 4110 eum
925 4049 1061 4132 coniuge
1085 4071 1156 4112 mea
1180 4047 1287 4111 Maria
1311 4057 1437 4112 etcum
1462 4045 1528 4111 filio
1546 4071 1616 4111 meo
1641 4047 1735 4112 Petro
1759 4055 1791 4112 ct
1815 4068 1887 4110 cum
1913 4045 1981 4111 filia

295 4179 368 4220 mea
390 4155 494 4218 Maria
516 4153 757 4218 aedifioauimus
788 4153 956 4218 ecclesiam
981 4165 1110 4218 sanotae
1134 4155 1255 4218 Mariae
1279 4156 1310 4217 in
1341 4152 1495 4218 fumat-iac
1522 4163 1553 4217 et
1576 4147 1642 4218 lilia
1674 4177 1744 4218 mea
1777 4153 1880 4217 Maria
1911 4153 1983 4218 tulit

297 4263 412 4340 virum,
438 4270 470 4324 et
492 4258 556 4323 alia
586 4259 688 4322 noluit
710 4261 813 4322 virum
847 4268 878 4321 et
902 4259 984 4323 dixit
1004 4259 1045 4322 ad
1067 4269 1190 4346 patrem
1215 4283 1306 4323 suum
1340 4258 1407 4322 Fac
1431 4259 1508 4322 mihi
1539 4261 1571 4322 in
1603 4259 1782 4324 clausuram
1808 4260 1840 4322 in
1871 4268 1983 4324 sancta

298 4367 403 4430 Maria
422 4365 463 4429 ad
488 4377 610 4450 partem
635 4362 812 4450 dexteram,
835 4363 965 4454 etfacit
988 4366 1018 4428 ei
1042 4375 1132 4450 pater
1155 4367 1248 4428 sicuti
1273 4364 1393 4450 placuit
1415 4363 1499 4429 filiae
1523 4387 1600 4430 suae
1630 4376 1661 4428 et
1683 4365 1783 4429 iudex
1806 4365 1861 4450 qui
1891 4359 1983 4429 sede·

298 4471 355 4537 bat
377 4473 410 4534 in
433 4470 547 4552 Ducle,
575 4469 699 4534 audiuit
723 4469 806 4554 quod
832 4480 916 4533 esset
938 4468 1058 4554 pulcra,
1084 4469 1185 4532 voluit
1201 4493 1270 4549 eam
1300 4469 1410 4533 tollere
1442 4492 1499 4554 per
1527 4469 1648 4536 formam
1679 4479 1710 4534 et
1741 4469 1857 4534 deinde
1889 4470 1982 4534 audi·

299 4586 388 4641 entes
430 4577 524 4639 amici
556 4577 624 4639 eius
655 4573 808 4638 dixerunt
838 4575 866 4638 ei
896 4585 928 4638 et
959 4577 1041 4660 patri
1077 4576 1144 4638 eiua
1179 4575 1295 4638 doruuo
1331 4574 1518 4656 Andreatio,
1552 4585 1584 4639 et
1616 4575 1752 4640 domnus
1783 4575 1982 4640 Andreatius

298 4681 381 4745 dixit
402 4679 486 4745 filiae
509 4702 602 4744 suae:
627 4679 720 4759 Filia,
745 4679 855 4742 audiui
878 4678 967 4759 haec,
997 4681 1072 4764 quia
1089 4679 1188 4744 iudex
1218 4680 1251 4742 in
1280 4679 1334 4742 illa
1358 4689 1451 4744 nocte
1478 4678 1575 4744 habet
1608 4689 1639 4744 te
1672 4681 1802 4763 tollere3
1834 4681 1890 4745 illa
1916 4705 1981 4746 res·

298 4785 419 4872 pandit.
446 4785 540 4849 Pater
564 4785 616 4866 mi,
642 4784 756 4848 melius
781 4795 830 4847 est
854 4785 930 4848 mihi
957 4785 1034 4848 mori
1060 4805 1154 4867 quam
1179 4783 1239 4848 hoc
1263 4783 1368 4848 scelus
1398 4796 1599 4870 perpetrare;
1621 4795 1654 4850 et
1684 4786 1739 4850 illa
1771 4795 1864 4851 nocte
1890 4789 1986 4872 pater

298 4879 368 4955 eius
399 4889 543 4953 excludit
572 4888 676 4969 illa1n3
710 4900 741 4954 et
764 4892 796 4953 in
829 4889 883 4952 illa
907 4899 999 4953 nocte
1030 4892 1119 4954 venit
1149 4889 1250 4952 iudex
1273 4895 1345 4953 cum
1369 4901 1466 4976 gente
1488 4891 1598 4969 multa,
1621 4901 1653 4956 et
1675 4893 1852 4977 quaerebat
1883 4891 1983 4958 filiam

297 4996 405 5061 domni
438 4995 623 5074 Andreatii,
663 5006 694 5059 et
729 5018 791 5060 uon
831 4997 954 5058 inuenit
988 5017 1068 5058 eam.
1105 4993 1146 5057 Et
1184 5004 1255 5079 post
1290 5018 1446 5060 annorum
1486 4995 1680 5060 curriculum
1724 5007 1884 5063 venerunt
1919 4997 1984 5062 Ve-

175 5153 184 5158 -
298 5103 404 5183 netiei,
437 5111 469 5165 et
499 5100 705 5164 adduxeruut
736 5123 852 5185 corpus
889 5100 992 5163 sancti
1026 5099 1219 5185 Tryphonis,
1252 5110 1284 5163 et
1313 5101 1442 5187 quando
1473 5102 1599 5168 audiuit
1622 5102 1759 5166 domnus
1780 5099 1981 5168 Andreatiue

298 5205 383 5292 quod
407 5204 549 5268 habeant
571 5207 632 5289 ipsi
658 5203 803 5268 Venetici
829 5226 945 5289 eorpus
979 5207 1081 5268 sancti
1112 5205 1305 5292 Tryphonis,
1330 5207 1410 5271 abiit
1432 5208 1474 5272 ad
1497 5210 1600 5292 ipsam
1633 5211 1752 5287 nanim,
1777 5217 1809 5272 et
1831 5208 1915 5272 dixit
1938 5208 1983 5274 ad

253 5319 267 5341 ⁰
298 5309 490 5380 Veneticos:
515 5309 605 5398 Rogo
630 5332 697 5392 vos,
722 5311 817 5373 amici
842 5311 1011 5392 carissimi,
1037 5309 1166 5374 vendite
1190 5311 1267 5375 mihi
1291 5334 1408 5401 corpus
1432 5315 1532 5378 sancti
1557 5312 1753 5402 Tryphonis,
1777 5323 1810 5378 et
1828 5313 1984 5381 dixerunt
