4310 5918
1755 403 1817 474 153

142 609 233 688 atque
254 598 296 664 ab
319 599 405 663 omni
428 597 557 664 homine
581 597 728 681 liberum,
756 607 788 662 et
811 619 969 666 securum.
996 599 1227 688 Cuiuscunque
1250 609 1359 667 autem
1382 601 1528 685 audacia,
1552 601 1722 668 temerario
1738 623 1820 666 ausu

141 706 294 794 prefatum
318 707 545 772 monasterium
566 729 608 770 ex
636 706 799 790 assignato
820 703 969 770 thesaure
994 697 1179 793 priuausrit,
1210 707 1396 772 terribillem
1432 707 1519 773 illam
1544 707 1659 774 iudicis
1685 731 1818 789 vocem,r
1901 705 1905 714 ’

141 835 229 901 quam
253 810 403 877 diabolus
428 835 499 877 cum
523 799 600 877 suis
614 811 739 898 angelis
760 812 927 877 auditurus
949 825 1006 894 cst,
1030 814 1148 878 audiat.
1177 813 1329 880 Preterea
1358 815 1510 880 eumden
1534 816 1665 898 seruire,
1682 836 1819 900 regnare

142 922 187 1000 sit,
210 921 282 984 vice
305 919 393 984 beati
416 919 511 998 Petri,
536 930 569 984 et
591 919 712 984 domini
738 919 837 982 nosbi
862 941 943 1005 pape
969 917 1129 1006 Gregorii,
1166 929 1262 1006 atque
1290 931 1362 1006 pest
1386 913 1425 986 se'
1445 942 1668 986 successorum
1688 920 1719 984 in
1744 941 1819 1007 apo·

142 1024 251 1090 steliea
270 1023 358 1106 sede,
384 1048 434 1089 me
459 1027 521 1090 tuis
546 1023 696 1090 manibus
722 1027 895 1108 committe,
921 1035 952 1090 et
979 1025 1178 1098 commendo,
1211 1026 1294 1090 hanc
1317 1025 1506 1091 fidelitatem
1531 1035 1732 1091 sacramento
1754 1037 1817 1090 sta·

142 1130 224 1196 bilio.
247 1130 332 1216 Ego,
356 1132 495 1218 inquam,
514 1131 708 1212 Demetrius,
726 1132 780 1217 qui
806 1143 837 1195 et
860 1129 1026 1215 Suinimir,
1051 1132 1103 1196 dei
1126 1133 1227 1216 gratia
1252 1144 1283 1198 et
1315 1133 1490 1218 apostolice
1516 1132 1601 1198 sedis
1632 1132 1716 1196 dono
1751 1153 1819 1212 rex,

140 1236 179 1302 ab
202 1237 262 1302 hae
284 1237 374 1320 hera,
399 1239 429 1300 in
455 1246 549 1302 antea
573 1245 683 1302 sancto
711 1237 816 1319 Petro,
843 1247 876 1303 et
891 1237 1031 1304 Domino
1057 1262 1127 1304 meo
1144 1261 1225 1326 pape
1242 1222 1412 1325 Gregorio,
1430 1241 1561 1326 suisque
1577 1235 1820 1304 successoribus

29 1383 31 1434 Ξ
140 1344 290 1410 canonice
315 1343 517 1426 intrantibus,
543 1365 597 1408 ero
621 1342 747 1426 fidelis,
771 1353 854 1409 etut
878 1345 955 1431 ipse,
981 1347 1050 1411 siue
1073 1357 1147 1432 post
1180 1368 1251 1410 eum
1277 1345 1375 1410 futuri
1408 1345 1585 1432 pontifices,
1620 1345 1689 1410 siue
1725 1343 1820 1430 legati

29 1439 31 1528 Ξ
142 1474 259 1533 eorum,
285 1452 385 1516 vitam
408 1462 464 1516 aut
487 1451 620 1516 menbra
644 1450 789 1537 perdant,
813 1463 869 1516 aut
893 1455 1071 1540 capiantur,
1097 1475 1201 1540 neque
1225 1455 1258 1517 in
1288 1452 1430 1535 consiliu,
1455 1475 1558 1540 neque
1582 1451 1724 1518 infacto
1754 1473 1819 1534 ero,

29 1565 31 1586 ¹
140 1568 169 1624 et
191 1557 362 1623 consilium
386 1557 463 1644 quid
489 1557 564 1622 mihi
590 1557 794 1640 crediderint,
819 1557 860 1623 ad
885 1557 1015 1626 illorum
1039 1557 1191 1624 damnum
1217 1561 1357 1624 scienter
1381 1557 1459 1624 nulli
1489 1558 1656 1623 intimabo.
1673 1557 1819 1643 Regnum

29 1655 30 1658 ¹
140 1675 255 1743 autem,
280 1665 369 1753 quod
392 1664 470 1730 mihi
495 1687 553 1752 per
576 1687 704 1731 manum
730 1675 828 1749 tuam,
852 1665 982 1730 domine
1006 1665 1141 1748 Gehiao,
1165 1665 1311 1748 traditur,
1339 1664 1479 1730 fideliter
1495 1664 1651 1748 retinebo,
1676 1673 1708 1730 et
1729 1663 1824 1748 illud,

29 1821 31 1864 4
139 1794 296 1860 suumque
320 1774 369 1836 ius
391 1771 567 1858 apostolice
590 1771 669 1852 sedi,
694 1770 802 1858 aliquo
826 1773 965 1856 ingenie,
990 1770 1163 1859 aliquando
1187 1795 1249 1838 non
1273 1771 1473 1838 subtraham.
1506 1771 1681 1837 Dominum
1715 1793 1821 1835 meum

141 1901 253 1965 papam
280 1877 475 1964 Gregorium
501 1889 532 1944 et
556 1902 631 1944 suos
656 1900 859 1943 successores
884 1888 979 1964 atque
1002 1877 1134 1962 legatos,
1160 1881 1187 1942 si
1223 1881 1254 1943 in
1291 1903 1394 1943 meam
1435 1888 1625 1962 potestatem
1661 1879 1824 1958 venerint,

29 2011 30 2076 3
140 1985 316 2050 honorifice
340 1987 524 2071 suscipiam,
546 1994 576 2049 et
600 1983 734 2050 honeste
769 1985 924 2067 tractabo,
950 1993 983 2050 et
1011 1987 1181 2070 remittam,
1215 1996 1246 2050 et
1270 1985 1483 2074 undecunque
1518 2007 1567 2049 me
1603 1985 1822 2064 inuitauerint,

29 2091 30 2152 ἶ
143 2103 234 2178 prout
258 2102 381 2180 potero,
405 2095 452 2157 eis
480 2090 670 2179 simpliciter
694 2093 843 2156 seruiam.

300 2260 330 2315 12
354 2258 495 2332 tnjrrnee
519 2257 764 2332 tonsuratum
787 2259 878 2329 mnu,
901 2259 1017 2332 rusopu
1041 2240 1091 2316 aa
1109 2259 1182 2314 aas.
1206 2265 1254 2317 ur.
1280 2258 1354 2316 aas.

606 2445 905 2584 cuxxxru.
932 2502 1043 2585 1orc.
1072 2503 1110 2584 a.
1138 2501 1365 2604 tisanana

142 2679 292 2741 Soeairnr'r
315 2683 396 2757 urata·
418 2683 553 2742 hrvatsla'
569 2683 742 2756 potardjaje
772 2700 814 2742 rra
842 2683 952 2742 sabura
973 2683 1132 2742 soliuslrom
1154 2683 1318 2756 dorovernie
1350 2683 1436 2742 erlem
1458 2699 1500 2742 aa.
1533 2681 1628 2754 Jurp'a
1651 2697 1672 2738 u
1704 2679 1824 2738 Patala,

429 2807 434 2818 ’
484 2789 621 2862 admorso
644 2789 850 2863 nndhisltupa'r'i
871 2790 1023 2863 sphetslcoj
1041 2807 1082 2862 po
1107 2789 1262 2864 Trpimiru
1285 2789 1297 2848 i
1318 2789 1494 2852 Mucimiru.

302 2943 338 3008 In
364 2949 492 3008 nomine
517 2955 627 3010 sancte
651 2953 682 3009 et
706 2945 871 3010 indiuidua
896 2947 1055 3012 trinitatis.
1082 2945 1153 3032 Ego
1177 2944 1307 3032 quidem
1325 2945 1481 3010 Suinimir
1504 2945 1694 3010 Creatorum
1728 2955 1825 3032 atque

29 3031 30 3090 i
145 3049 402 3116 Dalmatinorom
428 3073 496 3132 rex,
519 3050 681 3116 residente
707 3074 756 3115 me
780 3055 811 3116 in
837 3075 936 3139 regne
973 3075 1052 3134 uren,
1077 3075 1158 3116 antro
1193 3052 1353 3117 dominice
1388 3051 1618 3116 incarnationis
1654 3051 1825 3117 millesimo

29 3163 30 3170 ’
144 3159 384 3243 septuagesimo
407 3166 509 3238 sexto,
530 3159 707 3223 indictione
730 3181 807 3224 vero
825 3157 937 3224 XIIII.
962 3159 1015 3223 die
1040 3182 1124 3224 noua
1161 3159 1279 3222 mensis
1315 3157 1466 3238 octobris,
1498 3181 1537 3222 ac
1574 3157 1685 3222 diuina
1719 3159 1826 3244 gratia

29 3299 31 3310 ν
144 3264 355 3344 confortante,
376 3264 628 3350 suffragantibus
653 3267 774 3330 meritis
798 3265 1059 3331 beatissimorum
1090 3268 1255 3331 martirum
1274 3265 1407 3330 Domnii
1431 3265 1661 3346 etAnastasii,
1686 3265 1727 3330 ob
1747 3287 1823 3354 quo-

144 3392 211 3434 rum
237 3372 453 3435 reuerentiam
479 3381 511 3435 et
533 3371 686 3436 deuotum
710 3395 863 3452 amorem,
878 3371 1082 3446 ,venerabilis
1106 3371 1243 3458 presulis
1269 3371 1364 3436 michi
1388 3370 1564 3457 spiritualis
1588 3373 1687 3458 patris
1704 3369 1825 3435 domini

145 3476 310 3540 laurentii
336 3475 470 3542 eeclesia
496 3477 698 3563 spalatensis,
723 3479 752 3540 in
778 3502 842 3564 qua
865 3501 974 3542 eorum
1000 3501 1135 3564 corpora
1160 3479 1375 3564 requiescunt,
1401 3501 1456 3564 per
1476 3487 1655 3564 presentem
1674 3478 1825 3564 paginam

144 3582 183 3645 do
201 3593 234 3645 et
257 3583 414 3648 confirmo
438 3583 541 3648 eidem
567 3583 697 3649 domino
721 3583 1023 3671 archiepiscopo,et
1054 3585 1120 3648 suis
1153 3583 1404 3665 successoribus,
1443 3607 1481 3648 ac
1504 3585 1563 3669 ipsi
1589 3582 1725 3648 ecclesie
1758 3605 1824 3663 sue,

29 3717 31 3734 ·
146 3700 300 3774 perpetuo
321 3687 489 3753 ecclesiam
508 3691 610 3754 sancti
628 3689 777 3776 Gregorii
794 3691 834 3755 de
850 3689 965 3755 Putalo
982 3713 1055 3755 crim
1072 3699 1136 3755 toto
1156 3691 1316 3755 territorio
1340 3713 1407 3763 suo,
1431 3713 1451 3754 a
1474 3689 1607 3776 rupibus
1640 3691 1755 3754 montis
1785 3690 1827 3753 si-

29 3807 31 3888 ζ
146 3797 249 3878 gnatis
283 3818 326 3859 ex
348 3807 483 3881 utraque
500 3806 600 3882 parte,
619 3819 720 3882 usque
735 3795 776 3860 ad
794 3820 891 3876 mare,
907 3799 999 3860 iuxta
1014 3796 1218 3860 donationem
1235 3805 1267 3860 et
1282 3798 1555 3862 confirmationem
1580 3817 1691 3880 regum
1716 3794 1825 3880 prede·
1937 3879 1941 3885 .

29 3909 31 3976 Ξ
145 3925 308 3967 censorum
327 3925 469 3966 meorum
486 3900 639 3966 videlicet
654 3901 809 3988 Tirpimir
829 3913 861 3966 et
877 3903 1036 3982 Mucimir,
1054 3916 1088 3965 ut
1100 3905 1131 3966 in
1156 3905 1295 3988 ipsorum
1321 3903 1511 3988 conscriptis
1537 3904 1662 3990 paginis
1688 3901 1827 3966 vidimus

29 4013 31 4066 l
146 4010 318 4088 contineri,
341 4029 413 4072 cum
431 4010 534 4072 seruis
557 4019 589 4073 et
611 4007 738 4073 ancillis
763 4011 792 4072 in
817 4009 928 4073 eodem
956 4009 1118 4072 territorio
1143 4010 1264 4094 positis,
1281 4021 1377 4094 atque
1397 4009 1671 4074 commorantibus
1699 4031 1827 4095 presen-

29 4119 31 4162 ὲ
146 4113 228 4180 tibus
253 4123 287 4178 et
309 4114 425 4180 futuris
438 4136 494 4180 eu
519 4115 550 4178 in
575 4113 686 4178 eodem
705 4116 865 4178 territorio
892 4116 923 4178 in
950 4125 1122 4200 posterum,
1148 4114 1289 4178 residere
1307 4114 1502 4179 volentibus.
1535 4115 1584 4180 lta
1608 4125 1714 4180 tamen
1741 4113 1827 4202 quod

148 4257 186 4304 .*
212 4259 251 4270 -·
279 4259 314 4270 -
342 4219 491 4284 deminus
515 4219 778 4306 archiepiscopus
794 4222 927 4307 eiusque
945 4243 1157 4303 successores,
1184 4220 1401 4306 temporaliter
1421 4229 1453 4286 et
1469 4221 1678 4308 spiritualiter
1706 4242 1828 4286 merum
1908 4211 1912 4222 ’

148 4327 323 4392 dominium
344 4365 382 4374 -
406 4361 450 4374 -
475 4364 514 4375 -
540 4327 572 4390 in
597 4329 667 4413 ipsa
690 4327 893 4394 manentibus
920 4327 1006 4408 villa,
1033 4339 1198 4392 eteorum
1225 4326 1318 4392 bonis
1342 4325 1516 4393 mobilibus
1540 4339 1573 4392 et
1606 4327 1826 4392 immobilibus

151 4469 185 4481 —-
214 4471 247 4480 -
281 4470 320 4480 -
346 4433 568 4518 prenominata
591 4432 782 4520 spalatensis
807 4434 944 4500 ecclesia
968 4446 1121 4520 perpetuo
1153 4434 1318 4520 possideat
1351 4435 1484 4520 pacifice
1520 4445 1552 4498 et
1586 4435 1704 4520 quiete.
1740 4432 1828 4499 Nulli

149 4538 242 4622 igitur
267 4537 363 4603 liceat
387 4539 469 4604 hauc
493 4541 643 4624 paginam
670 4551 776 4604 nostre
801 4541 982 4606 donationis
1007 4552 1038 4604 et
1062 4541 1315 4606 confirmationis
1347 4539 1523 4626 infringere
1551 4538 1599 4604 vel
1622 4538 1763 4604 turbare.
1790 4538 1824 4603 Si

149 4646 217 4732 quis
242 4667 321 4709 vere
344 4654 536 4731 attemptare
561 4649 802 4733 presumpserit,
824 4648 941 4712 trinum
967 4659 998 4710 et
1023 4669 1119 4712 unum
1136 4647 1229 4711 deum
1248 4648 1364 4710 iratum
1383 4645 1500 4710 haheat
1515 4655 1547 4709 et
1565 4643 1832 4712 maledictionem·

29 4767 31 4770 ·
149 4747 360 4816 CCCXVIII.
384 4763 566 4816 sanctorum
592 4763 717 4837 patrum
741 4753 891 4833 incurrat,
917 4765 949 4818 et
972 4753 1106 4819 aliorum
1124 4764 1318 4834 sanctorum,
1342 4775 1382 4817 ac
1404 4773 1477 4816 cum
1497 4751 1584 4818 Iuda
1607 4752 1773 4838 proditore
1794 4753 1828 4816 in

29 4923 32 4948 Ξ
149 4856 271 4924 inferne
298 4857 470 4924 damnetur
492 4869 603 4922 eterno
631 4856 776 4944 suplicio.

304 4962 389 5028 Acta
410 4973 485 5030 sunt
506 4963 566 5030 hec
589 4966 620 5028 in
645 4967 806 5051 presentia
824 4965 936 5030 horum
953 4987 1119 5030 seruorum
1142 4965 1193 5032 dei
1209 4965 1376 5031 videlicet:
1393 4963 1549 5050 Stephani
1565 4965 1708 5050 episcopi
1724 4963 1827 5030 iader·

150 5071 202 5132 tini
225 5123 232 5136 .
258 5119 266 5135 .
292 5117 301 5134 .
324 5071 465 5156 episcopi
489 5070 688 5137 chroatensis
712 5069 871 5156 Gregorii,
896 5073 1038 5158 episcopi
1054 5072 1211 5153 arbensis,
1227 5069 1401 5136 Theodosii
1429 5071 1572 5157 episcopi
1596 5068 1829 5154 belgradensin

151 5174 258 5242 Basilii
291 5178 434 5263 episcopi
466 5175 661 5260 absarensis,
694 5177 837 5242 Formini
868 5178 1010 5264 episcopi
1042 5180 1204 5259 nonensis,
1239 5175 1398 5242 Johannis
1434 5176 1579 5262 episcopi
1612 5177 1830 5262 traguriensis.

150 5281 247 5348 Dabri
264 5281 393 5349 abbatis
417 5305 441 5349 s.
467 5281 631 5370 Stephani,
657 5307 717 5349 nec
742 5306 803 5348 rien
821 5283 971 5348 comitum
997 5293 1029 5349 et
1052 5283 1206 5349 baronum
1232 5281 1394 5348 Dominici
1428 5282 1513 5368 tepai
1544 5281 1672 5348 curialis
1695 5284 1830 5359 comitis,

150 5387 246 5456 Kirna
269 5427 314 5438 -
341 5427 378 5438 -
399 5428 447 5438 —-
472 5391 609 5456 comitis.
629 5389 757 5456 Dobrili
780 5391 906 5458 comitis
930 5391 1122 5457 cleunensis.
1147 5387 1272 5457 Pribini
1296 5389 1422 5456 comitis
1446 5388 1629 5456 catinensis.
1663 5387 1830 5458 Lubomiri
