4300 5930
1766 403 1827 480 tta

159 601 330 670 veritatem
352 613 468 687 tacere,
493 628 588 694 quam
614 607 758 692 proferre
780 605 991 674 mendacium.
1013 605 1111 674 Venit
1127 605 1276 694 equidem
1293 603 1407 688 Petris,
1424 603 1510 672 lilius
1527 603 1697 671 Michaelis
1714 605 1830 688 Panae,

159 721 344 776 sanctorum
371 711 500 778 Dimitri
526 715 666 778 martiris
692 723 723 778 et
745 713 874 780 Tbome
898 713 1034 800 apostoli
1057 714 1233 778 aduocatos
1266 711 1461 798 respondere
1497 735 1553 798 pro
1584 712 1705 778 eisdem
1732 713 1831 778 ercle·

159 818 220 880 siis
243 816 283 880 de
307 817 498 904 quibusdam
524 821 626 900 terris,
663 841 724 906 que
762 835 835 884 eunt
873 822 904 884 in
942 820 1022 904 loco,
1057 822 1111 906 qni
1145 819 1261 883 dieitur
1294 818 1467 899 Bubniani,
1503 839 1583 906 quas
1615 817 1832 884 moliebantur

158 921 315 988 inuadere
338 923 530 1004 Saracenus,
555 925 638 991 filius
663 925 821 1006 Bassiani,
846 937 878 990 et
901 925 1071 991 Brucouia.
1097 924 1216 989 Prefati
1241 945 1318 988 vero
1339 923 1519 988 Saracenas
1542 933 1573 988 et
1597 923 1762 990 Bruoonis
1799 925 1832 988 in
1903 1011 1906 1016 Ι

158 1039 270 1094 nostra
288 1031 452 1114 presencia
475 1033 579 1118 positi,
605 1041 676 1116 post
699 1032 762 1096 litis
787 1033 1055 1096 contestaoionem
1081 1031 1225 1096 inducias
1249 1029 1460 1116 postularunt,
1484 1039 1518 1096 et
1541 1029 1671 1114 habitis,
1687 1029 1832 1094 volentes

158 1143 330 1222 utramque
347 1145 468 1222 partem
494 1159 551 1202 suo
572 1139 641 1202 iure
665 1159 734 1204 esse
758 1147 950 1218 contentam,
976 1137 1016 1201 ad
1040 1159 1136 1202 cause
1159 1137 1373 1201 decissionem
1399 1135 1462 1202 illis
1485 1137 1659 1201 terminum
1684 1137 1831 1222 primum,

159 1240 348 1315 seeundum,
372 1245 515 1324 tercium,
540 1253 687 1330 quartum
712 1254 743 1308 et
766 1245 911 1331 quintum
938 1243 1131 1330 preficimus,
1156 1243 1367 1308 consideratis
1391 1244 1589 1332 temporibus
1614 1253 1645 1308 et
1662 1241 1832 1308 ambarum
1881 1230 1888 1248 ’

159 1349 305 1432 parcium
330 1347 530 1414 utilitatibus.
557 1348 675 1414 Audito
700 1351 785 1437 qnod
809 1363 886 1437 aput
910 1349 1061 1415 Jaderam
1086 1350 1257 1416 Farcaeius
1286 1349 1443 1438 palatinus
1476 1371 1583 1415 comes
1616 1350 1738 1416 domini
1771 1351 1833 1414 mei
1923 1380 1926 1393 ·

157 1453 247 1536 regis
270 1451 414 1538 Ungarie
436 1463 562 1520 ebrum
587 1477 625 1520 eo
650 1455 826 1522 Flasconus
850 1458 994 1522 tinieneis
1016 1459 1195 1544 episcopus,
1219 1479 1258 1522 ao
1283 1455 1525 1522 Machareusius
1542 1451 1650 1522 comes
1677 1467 1709 1522 et
1726 1455 1833 1544 plures

158 1557 285 1622 nobiles
309 1561 370 1624 viri
394 1560 562 1626 Sclauonie
586 1571 702 1644 essent,
726 1562 766 1632 ad
790 1562 862 1627 illos
887 1585 1021 1683 pergere
1044 1561 1161 1636 studui.
1195 1564 1387 1649 inquorum
1418 1565 1586 1650 presencia
1623 1572 1656 1627 et
1689 1585 1769 1647 mea,
1801 1573 1833 1628 et

158 1665 202 1730 ad
227 1688 360 1752 quorum
385 1666 661 1747 collaudationem,
686 1667 809 1734 rollens
830 1669 916 1756 quod
940 1672 1025 1734 racio
1049 1671 1111 1734 ieta
1133 1667 1268 1736 diffiniri
1293 1669 1434 1749 deberet,
1450 1669 1610 1755 predictos
1632 1667 1828 1734 Saracenum

159 1781 195 1834 et
216 1770 411 1838 Bruconiam
433 1777 613 1876 citauirpus,
637 1775 748 1842 habito
773 1787 804 1842 et
827 1776 901 1840 dato
926 1774 989 1840 illis
1015 1775 1124 1842 ultimo
1149 1775 1294 1857 termino,
1328 1784 1361 1838 ut
1391 1773 1433 1838 ad
1465 1772 1552 1838 litem
1590 1775 1832 1848 contestandam

160 1878 192 1942 si
211 1876 251 1942 de
275 1901 372 1944 causa
396 1880 602 1960 confiderent,
626 1881 816 1948 accederent
839 1883 1032 1968 responsuri,
1050 1883 1098 1944 sin
1116 1903 1192 1944 vero
1210 1903 1272 1944 non
1291 1869 1453 1944 sentencie
1469 1878 1673 1946 lucrarentur
1686 1903 1831 1948 examen

166 1983 234 2068 Ipsi
259 2007 336 2051 vero
359 2009 421 2051 non
446 1990 621 2070 venientes,
647 2011 706 2053 nec
730 1992 814 2054 iusta
837 1989 1037 2054 necessitatis
1061 1986 1269 2074 precedentes
1289 2005 1419 2052 causam
1436 1985 1529 2052 nobis
1546 1985 1651 2050 dande
1668 1989 1832 2052 sentencie

165 2092 373 2178 prestitemnt
396 2096 652 2180 oportunitatem.
678 2095 744 2160 Nos
765 2096 872 2180 itaque
895 2095 1116 2176 instrumenta,
1141 2103 1248 2176 testes,
1275 2104 1370 2180 atque
1386 2091 1600 2176 allegaciones
1617 2091 1832 2180 predictorum

167 2196 324 2264 factorum
357 2187 513 2286 (ecorum)
532 2199 728 2266 sufficientes
753 2222 823 2266 esse
846 2209 1021 2281 cernentes,
1047 2198 1087 2264 de
1111 2197 1244 2264 consilio
1268 2201 1409 2263 omnium
1432 2199 1610 2262 astancium
1643 2200 1782 2285 episcopi
1803 2210 1834 2263 et

173 2308 323 2370 comitum
348 2329 406 2393 pro
430 2305 565 2370 ecclesia
589 2317 770 2371 sanctorum
796 2305 938 2371 Dimitrii
974 2317 1006 2370 et
1038 2304 1161 2372 Tbome
1193 2306 1355 2370 sentencie
1389 2303 1684 2370 corroborationem
1720 2317 1831 2372 nostra

162 2414 356 2476 auctoritate
378 2412 587 2495 firmauimus,
611 2423 729 2476 terram
753 2437 772 2475 a
794 2410 947 2498 predictis
971 2411 1130 2478 Saraceno
1155 2420 1187 2476 et
1209 2409 1372 2476 Bruoonia
1396 2411 1541 2476 inuasam
1574 2412 1642 2474 iure
1680 2422 1834 2498 perpetuo

161 2516 202 2582 ad
228 2515 396 2582 ecclesiam
423 2518 588 2582 beatorum
612 2517 755 2582 Dimitrii
790 2519 928 2583 martiris
961 2529 992 2582 et
1022 2517 1147 2582 Thome
1182 2516 1317 2604 apostoli
1348 2519 1465 2582 reuerti
1496 2516 1614 2581 debere
1649 2518 1833 2582 secundum

162 2621 311 2706 regulam
336 2647 492 2690 munuum
517 2635 549 2689 et
571 2623 675 2689 ciuilis
700 2626 778 2690 iuris
810 2636 842 2688 et
868 2623 908 2688 ad
942 2623 1088 2690 ultimum
1123 2647 1180 2710 per
1215 2621 1408 2688 soliditatem
1443 2621 1590 2708 pristoldi
1632 2621 1748 2688 nobilis
1773 2625 1833 2688 viri

164 2729 346 2794 Drsscenni
369 2731 510 2816 iuppani,
536 2728 593 2793 filii
629 2729 781 2809 Slouinie,
813 2729 1138 2808 dominamssonam,
1173 2729 1308 2814 predicti
1339 2729 1524 2794 monasterii
1554 2726 1771 2808 abbatissam,
1802 2731 1834 2794 in

164 2837 368 2920 possessione
393 2836 607 2921 predictarum
632 2845 788 2900 terrarum
814 2857 931 2920 ponere
955 2835 1099 2915 fecimus,
1126 2857 1181 2900 eas
1206 2845 1357 2920 perpetuo
1382 2835 1451 2898 iure
1484 2832 1710 2922 possidendas.
1742 2818 1836 2899 Hanc

161 2945 272 3027 utique
290 2941 485 3006 sentenciam
504 2941 543 3005 de
562 2941 710 3006 mandato
729 2941 864 3028 predicti
881 2940 1047 3006 Michaelis
1065 2933 1290 3006 scardonensis
1307 2941 1458 3028 episcopi,
1476 2942 1590 3026 scripsi
1612 2963 1671 3025 ego
1687 2938 1835 3006 Matheus

162 3061 271 3112 sancte
298 3047 468 3112 Anastasis
491 3047 707 3112 subdiaconus
731 3057 763 3111 et
784 3047 884 3113 Jadre
907 3046 1035 3129 tabelio,
1062 3058 1095 3111 ut
1110 3047 1229 3128 audiui,
1248 3047 1409 3126 roboraui,
1426 3056 1457 3110 et
1473 3045 1565 3112 solito
1586 3048 1677 3131 signo
1694 3047 1831 3133 signaui.

310 3246 499 3304 Polichorion.
526 3247 551 3304 U
575 3247 676 3304 arkivu
698 3248 761 3306 aad.
785 3248 852 3322 gub.
877 3247 979 3304 iFarl.
1004 3247 1040 3308 Τ.
1064 3247 1113 3307 IV.
1137 3254 1188 3305 etr.
1208 3249 1256 3306 11.
1281 3267 1295 3302 e
1317 3248 1506 3319 pegrieiiami
1522 3249 1530 3302 i
1548 3247 1730 3319 prassinami.

525 3541 685 3625 CLXV.
713 3542 816 3624 1181.
846 3541 903 3624 12.
929 3541 1116 3645 evronja.
1146 3542 1182 3624 U
1210 3541 1475 3626 Tuskulauu.

160 3721 351 3783 Ateksandro
377 3723 446 3784 111.
468 3740 560 3798 papa,
579 3723 681 3796 primo
699 3724 762 3798 port
781 3728 865 3795 sooju
888 3723 999 3783 castita
1021 3727 1173 3782 someron
1195 3722 1410 3782 beaedikttnakt
1432 3739 1474 3786 ao.
1506 3721 1649 3783 Silvestre
1673 3739 1715 3781 no
1745 3723 1833 3782 ototu

826 3827 975 3912 Baduff)
999 3829 1056 3888 tort
1084 3829 1165 3891 Visa.

314 4019 502 4084 Alexander
525 4019 695 4106 episcopus
719 4041 832 4084 seruus
856 4040 1022 4084 seruorum
1047 4017 1098 4082 dei
1122 4017 1248 4084 dilectis
1273 4017 1347 4084 filiis
1371 4017 1480 4084 abbati
1512 4019 1697 4084 monasterii
1730 4019 1832 4084 sancti

163 4093 316 4191 Silnestri
340 4125 379 4190 de
404 4123 508 4190 insula
532 4123 622 4203 Buci,
647 4126 780 4212 eiusque
803 4123 955 4188 fratribus
980 4134 1042 4188 tam
1065 4125 1277 4210 presentibus,
1307 4147 1402 4211 quam
1435 4124 1558 4196 futuris,
1593 4123 1731 4206 regulari
1766 4125 1833 4187 vita

163 4233 353 4321 professis'
345 4256 377 4296 ιιι
401 4240 589 4319 perpetuum
614 4241 711 4296 etc.-
716 4230 968 4316 -Quapropter
992 4230 1134 4296 dilecti'
1127 4255 1158 4294 ιιι
1181 4229 1309 4296 domino
1334 4229 1401 4312 filii,
1425 4232 1544 4295 vestris
1571 4231 1663 4296 iustis
1695 4229 1832 4316 postula·

162 4339 307 4404 tionibus
330 4337 506 4404 clementer
529 4339 707 4418 annuimus,
733 4347 765 4401 et
789 4335 945 4422 prefatum
979 4337 1207 4402 monasterium
1238 4338 1340 4402 sancti
1362 4334 1518 4415 Siluestri,
1543 4335 1629 4422 quod
1665 4337 1698 4400 in
1729 4334 1836 4400 insula

161 4445 244 4510 Buci
270 4445 365 4509 situm
390 4453 447 4523 est,
473 4445 504 4506 in
528 4465 590 4529 quo
614 4442 723 4508 diuino
748 4444 920 4528 mancipati
945 4445 1021 4508 estis
1044 4443 1209 4530 obsequio,
1234 4443 1294 4508 sub
1318 4442 1404 4510 beati
1439 4444 1523 4508 Petri
1555 4451 1587 4506 et
1621 4451 1730 4506 nostra
1763 4465 1834 4528 pro·

160 4553 303 4618 tectione
322 4551 526 4636 suscipimus,
552 4559 583 4612 et
607 4551 765 4635 presentis
790 4550 898 4634 scripti
925 4548 1092 4634 priuilegio
1117 4551 1368 4632 communimus;
1392 4559 1577 4632 statuentes,
1600 4558 1634 4613 ut
1667 4569 1835 4634 quascum-

162 4680 227 4746 qua
248 4658 479 4744 possessiones,
505 4679 705 4742 quecumque
729 4655 813 4720 bona
838 4654 921 4720 idem
948 4655 1176 4724 monasterium
1199 4657 1231 4720 in
1255 4657 1394 4742 presenti
1420 4657 1504 4721 iuste
1527 4665 1558 4720 et
1580 4657 1733 4720 canonice
1763 4678 1837 4742 pos-

162 4763 257 4844 sidet,
283 4764 394 4826 autin
419 4761 561 4826 futurum
587 4763 794 4826 concessione
818 4761 1014 4846 pontificum,
1039 4759 1208 4845 largitione
1232 4785 1353 4847 regum,
1376 4762 1427 4826 vel
1452 4764 1643 4848 principum,
1673 4761 1834 4826 oblatione

165 4868 322 4950 fidelium,
348 4890 405 4932 eeu
428 4867 499 4932 aliis
524 4871 614 4932 iustis
641 4867 753 4949 modis,
779 4878 940 4954 prestante
964 4867 1094 4932 domino
1119 4870 1235 4953 poterit
1258 4869 1402 4953 adipisci,
1426 4867 1519 4932 firma
1542 4868 1635 4931 vobis
1653 4869 1834 4952 vestrisque

164 4973 406 5040 successoribus
432 4973 554 5038 illibata
580 4985 796 5061 permaneant.
822 4975 858 5038 In
875 4973 990 5060 quihus
1007 4972 1066 5038 hec
1085 4977 1219 5061 propriis
1252 4973 1404 5038 duximus
1421 4973 1634 5059 exprimenda
1651 4971 1836 5038 vocabulis:

167 5081 287 5145 Locum
314 5082 429 5166 ipsum,
457 5081 573 5166 inquo
601 5079 757 5166 prefatum
784 5073 1010 5144 m'onasterium
1036 5081 1131 5144 situm
1156 5088 1213 5162 est,
1251 5102 1321 5144 cum
1355 5081 1426 5166 ipsa
1459 5079 1566 5146 insula
1600 5089 1631 5144 et
1665 5078 1736 5144 aliis
1771 5079 1838 5143 suis

168 5187 382 5272 pertinentiis.
408 5187 444 5251 lu
470 5188 598 5250 ciuitate
623 5186 795 5274 spalatensi
821 5186 989 5251 ecclesiam
1015 5189 1116 5252 saneti
1140 5186 1286 5250 Silueetri
1310 5209 1381 5250 cum
1406 5187 1607 5272 pertinentiis
1631 5187 1706 5258 suis,
1737 5184 1837 5250 ecole-

170 5295 248 5358 siam
271 5294 374 5357 sancti
397 5291 574 5377 Michaelis,
600 5307 630 5358 et
654 5293 809 5358 eeclesias
832 5295 933 5358 sancti
957 5292 1085 5360 Nicolai
1111 5295 1143 5358 in
1172 5293 1285 5380 insula,
1303 5315 1364 5384 que
1380 5293 1498 5358 dicitur
1514 5291 1617 5374 Lissa,
1636 5312 1708 5356 cum
1726 5313 1834 5356 earum
