4292 5926
1682 450 1726 515 53

28 617 75 702 'in
96 639 267 704 natiuitate
292 639 378 706 beati
400 641 558 706 Johannis
582 641 730 728 baptiste,
756 644 788 707 in
812 643 894 707 sesto
917 643 1002 708 beati
1025 642 1183 708 Johannis
1203 643 1412 728 euangelista,
1436 645 1469 707 in
1493 665 1723 708 commemora·

46 745 131 808 eiona
155 745 302 810 omnium
327 755 522 830 sanctorum,
547 749 579 812 in
597 747 902 813 consecracionibus
919 747 1130 813 ecclesiarum
1147 761 1179 814 et
1195 751 1428 836 episcoporum,
1446 748 1725 814 benedictionibus

46 849 210 931 abbatum,
234 851 493 917 ordinationibus
517 853 780 939 presbiterorum,
807 856 838 918 in
870 853 1073 920 dedicatione
1105 854 1241 919 ecclesie
1271 865 1334 935 tue,
1368 857 1400 918 in
1430 854 1606 919 festiuitate
1639 855 1724 920 beati

46 954 227 1040 Grisogoni,
254 967 285 1021 et
307 959 340 1022 in
364 959 586 1022 anniuersario
610 959 864 1024 consecrationis
888 969 940 1023 tue
964 958 1027 1022 die.
1057 957 1192 1024 Studeat
1215 983 1292 1045 ergo
1323 969 1377 1024 tua
1408 959 1593 1024 fraternitas
1625 959 1724 1044 pleni·

45 1061 150 1126 tudine
174 1071 266 1127 tante
290 1061 456 1148 dignitatis
481 1074 641 1150 suscepta,
666 1065 710 1128 ita
740 1073 869 1129 strenue
901 1074 1016 1129 cuncta
1049 1088 1214 1150 peragere,
1247 1067 1399 1152 quatinus
1433 1087 1557 1130 morum
1592 1075 1722 1130 tuorum

45 1179 232 1235 ornamenta
256 1169 359 1234 eidem
386 1169 517 1236 valeant
538 1173 720 1236 conuenire.
744 1171 794 1235 Sit
817 1172 887 1236 vita
907 1179 963 1236 tua
985 1171 1124 1236 subditis
1147 1171 1340 1255 exemplum,
1366 1179 1401 1235 ut
1425 1194 1482 1257 per
1511 1193 1581 1236 eam
1605 1194 1721 1256 agnos·

45 1282 114 1338 eant
137 1275 219 1360 quid
244 1284 374 1360 opstare
396 1275 534 1340 debeant
559 1275 689 1362 etquid
712 1285 869 1360 coguntur
894 1279 1007 1342 vitare.
1031 1276 1113 1341 Esto
1148 1277 1347 1342 discrecione
1383 1278 1565 1362 precipuus,
1601 1279 1723 1361 cogita·

47 1381 134 1443 aione
158 1381 310 1463 mundus,
334 1383 460 1446 actione
484 1404 590 1468 purus,
614 1381 774 1446 discretus
797 1384 830 1445 in
855 1381 992 1464 silentio,
1014 1381 1101 1446 utilis
1125 1383 1157 1446 in
1189 1381 1299 1447 verbo.
1332 1379 1418 1448 (lure
1455 1383 1512 1445 tibi
1546 1383 1587 1446 sit
1619 1384 1722 1466 magis

45 1484 228 1552 hominihus
253 1485 407 1572 prodesse
430 1511 527 1574 quam
553 1510 693 1574 preesse.
717 1487 790 1552 Non
815 1489 900 1552 inte
924 1499 1113 1575 potestatem
1138 1487 1260 1554 ordinis
1288 1488 1344 1552 sed
1373 1488 1580 1574 equalitatem
1598 1499 1725 1574 oportet

45 1613 178 1676 pensare
204 1593 413 1658 condicionis.
439 1593 549 1676 Stude,
574 1617 614 1660 ne
639 1597 706 1658 vita
730 1593 908 1658 doctrinam
933 1594 1095 1676 destituat,
1122 1617 1180 1660 nee
1204 1617 1331 1659 rursum
1350 1595 1416 1659 vite
1433 1595 1579 1658 doctrina
1596 1604 1720 1658 contra·

43 1696 135 1762 dicat.
158 1695 335 1781 Memento,
359 1707 434 1785 quia
453 1722 507 1764 ars
531 1709 580 1764 eat
602 1701 725 1764 arcium
748 1702 892 1784 regimen
917 1703 1107 1767 animarum.
1132 1699 1237 1788 Super
1269 1702 1378 1765 omnia
1410 1699 1552 1766 studium
1587 1699 1645 1765 tibi
1681 1702 1723 1764 sit

43 1801 218 1886 apostolice
241 1803 329 1868 sedis
354 1803 485 1870 decreta
507 1805 644 1871 firmiter
668 1805 852 1886 obseruare,
877 1807 971 1892 eique
994 1816 1158 1892 tamquam
1184 1808 1277 1872 matri
1300 1816 1332 1871 et
1363 1805 1493 1870 domine
1529 1817 1582 1870 tue
1620 1804 1722 1868 humi-

43 1905 110 1970 liter
134 1906 412 1974 hobedire.-Ecea
436 1911 536 1976 frater
559 1913 591 1975 in
616 1910 745 1978 Christo
770 1911 951 1994 karissime,
974 1917 1058 1978 inter
1082 1913 1182 1978 multa
1214 1913 1277 1978 alia
1313 1913 1373 1978 hec
1407 1923 1483 1978 sunt
1516 1912 1623 1998 pallei,
1660 1913 1722 1976 ista

44 2022 114 2078 sunt
147 2013 333 2080 sacerdotii.
372 2013 444 2096 Qua
479 2019 587 2082 omnia
622 2017 717 2082 facile
747 1997 883 2084 'Christo
918 2018 1091 2084 adiuuante
1126 2019 1305 2104 adimplere
1339 2021 1470 2105 poteris,
1504 2021 1532 2082 si
1567 2017 1723 2082 virtutum
1843 2057 1850 2067 ·

44 2119 183 2184 omnium
209 2121 408 2206 magistram,
432 2123 598 2186 caritatem
624 2133 655 2186 et
676 2123 888 2189 humilitatem
912 2123 1074 2207 habueris,
1100 2134 1132 2188 et
1155 2123 1241 2210 quod
1272 2123 1351 2188 foris
1382 2122 1502 2190 habere
1531 2123 1722 2205 ostenderis,

43 2223 123 2288 intus
146 2223 295 2292 habebis.
321 2225 409 2292 Nulli
432 2249 510 2312 ergo
535 2229 664 2296 omnino
687 2227 852 2294 hominum
878 2230 972 2296 liceat
994 2230 1079 2296 hanc
1092 2240 1234 2296 nostram
1252 2231 1518 2295 constitucionem
1536 2229 1722 2314 infringere,

45 2330 89 2394 rel
111 2333 142 2396 ei
166 2353 248 2396 ausu
272 2333 442 2396 temerario
466 2336 637 2400 contraire.
663 2333 697 2400 Si
722 2357 786 2421 qua
805 2339 903 2419 igitur
926 2337 958 2400 in
991 2336 1134 2402 futurum
1169 2334 1390 2402 ecclesiastiea
1420 2334 1618 2400 secularisue
1650 2357 1721 2420 per·

44 2459 117 2500 sona
139 2435 226 2503 hanc
248 2449 356 2502 nostre
380 2439 624 2504 constitucionis
648 2443 799 2526 paginam
824 2443 930 2506 sciens
965 2452 1077 2506 contra
1100 2464 1172 2506 eam
1206 2452 1326 2506 temere
1358 2441 1470 2504 venire
1502 2441 1719 2526 temptauerit,

44 2541 191 2623 secundo,
216 2545 359 2608 tereioua
383 2547 587 2628 commonita,
612 2547 727 2611 sinon
752 2546 972 2614 satisfactione
997 2569 1139 2632 congrua
1170 2546 1403 2629 emendauerit,
1427 2548 1595 2632 potestatis
1624 2545 1722 2610 hono·

43 2649 148 2735 risque
172 2651 224 2714 sui
247 2649 405 2734 dignitate
430 2661 550 2734 careat,
573 2674 727 2738 reamque
751 2675 786 2717 se
810 2652 920 2718 diuino
941 2653 1060 2718 iudicio
1084 2653 1224 2718 existere
1260 2653 1301 2717 de
1331 2663 1515 2738 perpetrata
1548 2651 1717 2737 iniquitate

44 2764 225 2837 eognoscat,
250 2764 281 2820 et
299 2779 318 2816 a
339 2757 559 2824 sacratissimo
583 2779 780 2842 corporeae
803 2761 959 2844 sanguine
984 2757 1036 2822 dai
1060 2769 1093 2824 et
1115 2757 1238 2822 domini
1263 2757 1476 2842 redemptoris
1498 2758 1600 2821 nostri
1616 2755 1718 2821 Jhesu

44 2857 170 2942 Christi,
195 2859 302 2925 aliena
325 2860 391 2942 liat,
414 2873 512 2960 atque
534 2863 568 2926 in
592 2873 738 2927 extremo
763 2865 912 2928 examina
935 2864 1080 2929 districte
1098 2863 1216 2928 ulcioni
1233 2866 1363 2928 omnino
1380 2862 1554 2927 subiaceat.
1574 2861 1713 2927 Conser-

44 2966 189 3032 uantibus
219 2977 325 3032 autem
362 2968 405 3031 sit
428 2990 494 3054 pax
517 2967 640 3033 domini
663 2971 763 3034 nostri
787 2969 890 3034 Jhesu
914 2967 1045 3051 Christi,
1070 2970 1221 3055 quatinus
1245 2978 1277 3033 et
1301 2968 1353 3034 hic
1377 2968 1515 3034 fructum
1540 2967 1621 3032 bone
1640 2969 1717 3032 acti·

43 3075 107 3138 onis
131 3075 320 3160 percipiant,
343 3083 375 3138 at
397 3073 483 3159 apud
507 3072 682 3138 discretum
706 3074 845 3140 iudicem
869 3077 992 3161 premia
1014 3085 1123 3141 eterne
1147 3076 1236 3161 pacis
1260 3077 1436 3140 inueniant.
1459 3073 1496 3138 L.
1521 3072 1553 3139 S.

189 3185 210 3262 †
235 3179 307 3264 Ego
332 3177 526 3244 Anastasius
550 3178 709 3244 catholice
734 3178 871 3246 ecclesie
894 3183 1066 3268 episcopus
1090 3203 1134 3246 ss.

190 3285 307 3372 †Ego
329 3283 428 3350 Wido
453 3283 609 3349 diaconus
632 3283 769 3350 ecclesie
793 3296 903 3352 sancte
928 3287 1029 3354 Maria
1053 3287 1085 3350 in
1110 3287 1235 3372 porticu
1260 3308 1302 3351 ss.

187 3391 303 3476 †Ego
328 3389 469 3456 Cenoius
494 3392 676 3476 portuensis
701 3402 733 3455 et
757 3401 867 3456 sancte
892 3391 1007 3455 Rufina
1031 3394 1205 3477 episcopus
1228 3414 1271 3456 ss.

185 3503 208 3579 †
231 3495 303 3581 Ego
326 3495 494 3562 Jobannes
518 3497 675 3562 diaconus
698 3496 1042 3562 ecclesiersanetorum
1067 3495 1161 3581 Sergi
1185 3505 1217 3562 et
1239 3493 1341 3560 Bachi
1365 3517 1406 3558 ss.

187 3601 302 3686 †Ego
327 3600 749 3686 G(regorius)ssSabinensis
773 3602 944 3688 egisoopus
962 3625 1003 3666 ss.

186 3707 302 3792 †Ego
326 3705 435 3772 Guido
460 3707 619 3793 presbiter
642 3707 815 3772 cardinalis
838 3729 863 3772 s.
888 3706 1065 3792 Grisogoni
1090 3727 1133 3770 ss.

185 3818 208 3894 †
231 3813 302 3899 Ego
328 3811 517 3878 Manfredus
542 3813 613 3900 pbr.
638 3811 856 3878 cardinalias.
881 3810 1002 3876 Sanina
1025 3833 1067 3876 ss.

187 3917 305 4004 †Ego
323 3917 432 3983 Julius
457 3917 527 4004 pbr.
552 3917 773 3983 cardinalias.
797 3916 944 3984 Marcelli
969 3939 1010 3982 ss.

186 4028 208 4106 †
230 4023 302 4108 Ego
327 4023 476 4089 Ubaldus
497 4023 657 4110 presbiter
681 4023 855 4090 cardinalis
879 4033 914 4088 tt.
937 4047 962 4088 s.
987 4023 1092 4086 crucis
1112 4023 1144 4086 in
1169 4019 1373 4102 Hierusalem
1399 4045 1441 4086 ss.

185 4129 302 4214 †Ego
323 4128 503 4195 Otauianua
574 4178 590 4215 „
749 4177 766 4213 „
890 4179 906 4214 „
931 4153 956 4194 s.
983 4127 1113 4193 Cecilie.
1411 4175 1426 4209 „

186 4235 303 4321 †Ego
328 4233 485 4300 Astaldus
571 4282 588 4318 „
737 4280 764 4318 ·,‚
892 4285 907 4315 ,
933 4259 958 4300 s.
983 4234 1102 4300 Prisce.
1415 4279 1429 4310 „

187 4341 300 4423 †Ego
323 4341 491 4408 Johannes
573 4391 588 4426 „
748 4387 765 4422 „
892 4387 909 4422 „
935 4338 1132 4430 s.·Siluestri
1154 4347 1186 4402 et
1207 4336 1349 4403 Martini.
1414 4385 1430 4420 „

185 4447 303 4530 †Ego
328 4446 495 4512 Johannes
576 4493 591 4528 „
752 4495 767 4528 „
890 4493 905 4530 „
932 4467 957 4508 s.
980 4443 1139 4508 Johannis
1161 4452 1192 4508 et
1215 4441 1307 4507 Pauli
1331 4441 1505 4506 Paniaohii.

186 4551 309 4616 Datum
333 4551 487 4616 Laterani
513 4573 571 4636 per
594 4574 724 4616 manum
747 4550 884 4615 Rolandi
910 4561 1019 4614 sancte
1045 4571 1175 4612 romane
1200 4547 1336 4612 ecclesie
1361 4548 1531 4633 presbiteri
1545 4549 1720 4613 cardinalia

46 4667 75 4720 et
95 4657 289 4724 cancellarii.
313 4657 404 4721 XVI.
430 4656 504 4720 kan.
529 4655 725 4722 nouembris.
749 4655 928 4722 Indictione
953 4657 1053 4720 tercia
1075 4653 1134 4740 (ll)
1158 4653 1397 4718 incarnacionis
1428 4653 1599 4737 dominice,
1635 4677 1719 4718 anno

47 4761 101 4828 hP.
125 4763 283 4830 C⁰Lllll⁰.
309 4763 515 4848 pontificatus
537 4785 614 4826 vero
638 4761 759 4826 domini
781 4761 943 4826 Anastasii
968 4759 1034 4826 llll
1057 4783 1148 4847 pape,
1172 4782 1256 4824 anno
1282 4759 1324 4823 ll.

190 4871 279 4935 Bene
304 4868 427 4933 Valete.

186 4975 236 5040 Na
259 4977 405 5061 starijem
430 4977 561 5061 prepisu
585 4975 660 5061 stoji
678 4975 733 5059 jos
750 4972 906 5038 edzdola:

92 5097 95 5100 “
189 5079 261 5166 Ego
286 5081 402 5144 Petrus
428 5079 607 5144 Sterrninus
632 5078 790 5164 presbiter
814 5089 846 5142 et
870 5080 1012 5143 notarius
1037 5077 1096 5142 huo
1120 5076 1304 5163 exemplum
1328 5085 1363 5142 ut
1387 5079 1420 5141 in
1445 5077 1636 5142 auctenticis
1670 5076 1719 5142 lit·

48 5187 119 5248 teris
141 5185 217 5250 dieti
241 5186 365 5251 doinini
391 5208 473 5272 pape
494 5185 661 5250 Anastasii
685 5185 769 5249 bone
792 5189 945 5250 memorie
969 5209 1026 5250 suo
1051 5183 1156 5269 sigillo
1171 5183 1301 5249 bullatis
1326 5186 1440 5272 reperi,
1459 5185 1583 5272 scripsi,
1603 5183 1714 5249 nichil·

48 5309 104 5374 que
126 5291 245 5356 addens
270 5290 324 5358 vel
348 5294 506 5374 minuens,
531 5289 691 5377 compleui
716 5302 748 5355 et
770 5291 933 5358 roboraui.
