4310 5918
14 531 20 630 ι

14 677 17 798 ¹

737 563 953 646 cxxxv.
981 565 1073 671 pro
1104 585 1141 662 g.
1168 563 1263 646 seo.

153 714 280 790 saaca
310 717 361 777 VI.
382 734 465 792 papa
487 718 663 792 ratrammo
685 735 706 776 a
729 717 823 790 svojaj
851 717 1007 789 pestanae,
1025 717 1150 790 pisaaoj
1165 717 1267 789 laralju
1282 715 1477 792 avatoptatu,
1501 717 1650 791 titarpija¹
1663 717 1843 789 stoojeaslta,

787 822 922 882 caedente
948 839 986 895 po
1009 839 1052 882 so.
1077 821 1211 880 Metoda.
1388 809 1393 814 ’

201 989 211 1006 .
309 956 959 1044 ZueutopolooregiSclauorum.(Ostalo
978 964 1104 1033 iaostav.)
1126 955 1480 1041 Methodiumnamque
1512 958 1745 1040 supersticioni,
1779 979 1841 1020 non

150 1063 361 1142 edificacioni,
386 1065 587 1128 contencioni
612 1086 675 1128 non
696 1067 767 1150 paci
793 1063 991 1126 insistentem
1016 1061 1182 1124 audientes
1206 1059 1378 1146 plurimum
1403 1063 1506 1124 mirati
1540 1083 1665 1142 sumus3
1692 1071 1724 1125 et
1747 1062 1774 1124 si
1798 1063 1842 1125 ita

152 1179 199 1232 est
221 1181 258 1233 ut
280 1168 475 1250 audiuimus,
500 1169 764 1255 supersticionem
789 1170 859 1232 eius
890 1169 1016 1252 penitus
1051 1165 1248 1230 abdicamus.
1281 1163 1463 1228 Anathema
1495 1187 1570 1228 uero
1595 1167 1667 1252 {pro
1703 1175 1841 1230 contem-

150 1273 255 1336 nenda
278 1273 437 1338 catholica
467 1271 540 1355 fide,
573 1275 627 1359 qui
660 1272 779 1338 indixit
800 1275 833 1336 in
858 1279 954 1358 caput
977 1269 1171 1334 redundabit
1201 1271 1277 1332 eius.
1308 1268 1358 1332 Tu
1389 1280 1496 1333 autem
1533 1279 1564 1332 et
1597 1270 1732 1354 populus
1763 1279 1837 1334 tuus

152 1379 252 1441 sancti
277 1379 552 1464 spiritus'iudieio
587 1379 676 1441 eritis
711 1377 822 1457 inoxii,
855 1379 880 1440 si
915 1385 1022 1440 tamen
1055 1375 1152 1438 fidem
1190 1395 1286 1459 quam
1323 1395 1456 1437 romana
1487 1373 1653 1458 praedicat
1685 1373 1843 1438 aecclesia

153 1485 319 1547 tenuantis
342 1483 559 1549 inuiolabiter.
584 1483 824 1547 Diuinaautem
841 1481 948 1545 officia
971 1491 1106 1545 etsacra
1132 1479 1309 1542 ministeria
1327 1501 1364 1542 ac
1386 1480 1554 1541 missarum
1578 1477 1741 1559 solemnia,
1760 1501 1843 1564 quae

153 1587 237 1650 idem
260 1587 445 1653 Methodius
472 1587 662 1653 Solauorum
695 1586 802 1664 lingua
831 1585 995 1650 celebrare
1024 1585 1249 1671 praesumpsit,
1266 1583 1351 1668 quod
1370 1605 1410 1646 ne
1429 1581 1564 1646 ulterius
1588 1583 1718 1664 faceret,
1743 1605 1841 1669 supra

153 1694 402 1756 sacratissimum
416 1693 499 1757 beati
528 1691 613 1756 Petri
635 1713 751 1776 corpus
772 1693 951 1754 iuramento
968 1691 1163 1770 firmauerat,
1189 1692 1237 1754 sui
1262 1691 1393 1775 periurii
1404 1699 1526 1752 reatum
1558 1688 1838 1774 perhorrescentes
1879 1733 1889 1752 .

153 1795 354 1862 nullomodo
377 1798 530 1884 deinceps
553 1822 573 1862 a
594 1797 738 1883 quolibet
755 1805 987 1883 praesumatur.
1008 1795 1070 1858 Dei
1098 1817 1235 1880 namque
1253 1805 1426 1880 nostraque
1449 1793 1627 1879 apostolica
1650 1796 1839 1857 auctoritate

153 1901 211 1966 tub
235 1901 449 1967 anathematis
472 1902 601 1967 vinculo
637 1902 879 1978 interdicimus;
904 1911 1040 1984 excepto
1077 1899 1163 1985 quod
1187 1901 1228 1964 ad
1253 1899 1408 1984 simplicis
1432 1899 1542 1986 populi
1575 1910 1606 1962 et
1638 1922 1704 1962 non·
1725 1897 1839 1963 intolli-

63 2065 68 2072 „
153 2011 256 2092 gentis
280 2007 538 2072 aedificationem
562 2010 686 2088 attinet,
711 2010 737 2071 si
762 2006 925 2090 euangelii
944 2003 996 2070 iel
1019 2004 1155 2090 apostoli
1180 2006 1340 2090 expositio
1367 2005 1408 2068 ab
1433 2004 1566 2069 eruditis
1588 2003 1701 2067 aedem
1727 2002 1837 2087 lingua

154 2115 378 2194 annuncietur,
410 2124 442 2177 et
472 2113 628 2196 largimur
667 2123 699 2176 et
729 2123 926 2187 exortamur,
961 2122 993 2176 et
1023 2123 1058 2175 ut
1090 2111 1350 2196 frequentissime
1383 2112 1438 2176 fiat
1468 2131 1644 2189 monemus,
1672 2118 1706 2172 ut
1728 2111 1833 2172 omnis

154 2217 263 2301 lingua
287 2217 398 2282 laudet
417 2217 512 2282 deum
537 2227 569 2282 et
587 2217 776 2282 confiteatur
798 2220 837 2281 ei.
862 2228 924 2281 etc.

312 2345 512 2404 Wattenbach.
535 2345 672 2418 Beitrtge
693 2365 743 2402 aur
761 2345 1049 2442 Kirchengeschichte
1072 2362 1125 2400 von
1149 2344 1276 2400 Btihmen
1300 2343 1356 2398 und
1381 2341 1498 2398 Mithran
1515 2349 1562 2397 atr.
1588 2343 1638 2398 43.

562 2673 799 2755 cxxxvi.
829 2673 916 2754 aar.
943 2633 1176 2774 aonam.
1206 2671 1242 2754 u
1271 2671 1433 2752 aetna.

156 2837 284 2908 Amalfe
307 2836 388 2908 kratj
409 2835 556 2908 triematltt
578 2834 685 2907 daruje
718 2833 980 2908 sotaopradslaoma
1009 2833 1200 2904 aadttatupa
1235 2832 1393 2890 Dittmara
1423 2833 1514 2904 aleta
1543 2831 1710 2904 stovjeaaa
1733 2831 1838 2888 mtesta

686 2940 790 3012 kejtmt
809 2939 837 3009 ie
861 2939 957 3012 πορεία
979 2938 1087 2997 eladae
1109 2939 1183 2997 toea
1206 2937 1310 2998 Koaet.
1400 2983 1404 2994 .

311 3095 348 3159 In
374 3096 502 3158 nomine
526 3105 635 3177 sancte
660 3103 692 3158 et
717 3091 881 3155 indiuiduo
912 3092 1074 3156 trinitatis.
1100 3089 1258 3156 Arnolfus
1282 3092 1393 3156 diuina
1416 3092 1545 3156 fauente
1569 3091 1747 3156 clemencia
1764 3112 1833 3154 rex.

153 3199 185 3264 Si
211 3197 386 3285 erga.loca
409 3198 519 3262 diuino
544 3199 642 3262 cultui
671 3191 854 3282 mancipata
869 3218 978 3260 euram
1003 3197 1155 3278 gerimus,
1192 3207 1294 3282 ea'que
1310 3218 1350 3262 ex
1366 3195 1534 3282 temporali
1559 3195 1719 3281 profectas
1736 3195 1842 3266 nostri,

151 3304 320 3369 commodo
345 3300 474 3388 superni
499 3303 639 3366 muneris
664 3301 812 3386 largitate
835 3301 927 3364 nobis
956 3300 1070 3366 collato
1095 3302 1346 3381 accumulamus,
1366 3325 1427 3366 uon
1446 3301 1547 3366 solum
1573 3301 1835 3386 predecessorum
1859 3347 1866 3356 .

153 3421 334 3474 nostrorum
359 3409 483 3472 scilicet
505 3431 617 3494 regum
645 3431 765 3472 morem
802 3408 954 3472 decenter
979 3405 1158 3490 implemus,
1184 3428 1296 3469 verum
1331 3407 1432 3468 eciam
1467 3407 1556 3490 regni
1589 3408 1687 3468 nostri
1718 3415 1834 3466 statum

153 3517 271 3581 deifice
294 3514 522 3594 roborandum,
558 3514 777 3600 perhennique
809 3511 928 3598 gaudio
952 3537 971 3574 a
994 3511 1054 3574 deo
1080 3509 1241 3574 saluatore
1263 3509 1381 3577 exinde
1405 3533 1463 3572 nos
1488 3509 1739 3574 remunerandos
1763 3532 1835 3573 esse

153 3621 271 3708 oppido
295 3619 465 3684 eredimus.
487 3618 707 3697 Quamobrem
731 3628 920 3682 cunctorum
943 3615 1199 3682 christicolarum
1224 3617 1430 3700 presencium
1452 3615 1603 3678 videlicet
1622 3623 1773 3696 patescat,
1797 3637 1836 3677 ac

153 3728 331 3791 futurorum
357 3725 549 3806 cognicioni,
574 3725 725 3808 quoniam
751 3745 809 3786 nos
834 3745 891 3808 pro
916 3722 1074 3786 mercedis
1099 3730 1207 3784 eterne
1245 3719 1470 3798 ernolumento,
1495 3721 1663 3783 Diotmaro
1686 3741 1835 3783 reueren-

153 3835 277 3898 tissimo
310 3841 419 3894 sancte
453 3831 638 3893 iuuauensis
670 3827 806 3892 ecclesie
847 3827 1092 3912 metropolitano
1124 3835 1156 3890 ct
1187 3823 1445 3908 archicapellano
1482 3834 1590 3887 nostro
1623 3822 1833 3908 supplicante,

97 3989 101 3998 .
153 3937 309 4024 quasdam
344 3959 395 3999 res
427 3935 632 4020 proprietatis
668 3943 775 3996 nostre
808 3933 848 3996 ad
887 3932 1091 3996 iamdictam
1125 3929 1333 4016 principalem
1364 3929 1514 4014 dyocesis
1547 3952 1605 3992 sue
1636 3929 1755 4006 sedern,
1780 3931 1835 3994 ubi

155 4052 283 4107 sauctus
319 4039 440 4108 alectus
472 4039 523 4102 dei
556 4037 721 4104 confessor
752 4037 946 4102 Routbertus
978 4035 1185 4120 corporaliter
1209 4036 1389 4120 requiescit,
1426 4044 1581 4119 perpetuo
1613 4034 1834 4098 consistendas
1896 4037 1901 4046 '

155 4147 362 4226 tradidimus3
387 4145 419 4208 id
444 4155 492 4208 est
515 4153 637 4208 curtem
661 4141 839 4228 Ardingen,
865 4145 896 4206 in
921 4144 1013 4228 rippa
1028 4140 1152 4206 fluuioli
1176 4142 1229 4226 qui
1250 4139 1348 4222 vulgo
1371 4139 1480 4202 Senda
1501 4149 1634 4202 vocatur
1658 4141 1832 4203 consisten-

155 4265 215 4318 tem
240 4275 312 4316 cum
337 4251 497 4313 universis
521 4245 717 4332 appendiciis
755 4249 831 4311 suis.
867 4246 911 4310 Et
948 4249 979 4309 in
1012 4247 1193 4328 Isangovve
1217 4246 1249 4307 in
1281 4243 1350 4308 loco
1385 4243 1554 4307 Utanhusa
1590 4243 1675 4306 dicto
1714 4243 1830 4306 hobarn

156 4383 259 4439 unam,
283 4380 380 4442 quam
404 4353 534 4441 quida'm
559 4353 739 4438 Englwart
773 4353 901 4416 nomine
925 4353 1014 4436 prius
1045 4350 1164 4414 habuit.
1188 4349 1232 4411 Et
1263 4349 1302 4412 ad
1336 4346 1551 4429 Messalingen
1585 4347 1700 4411 hobam
1725 4369 1830 4418 unam.

147 4465 190 4546 ,ln
214 4463 358 4550 partibus
383 4460 650 4525 sclauiniensibus
683 4482 775 4540 vero,
809 4459 840 4522 in
872 4459 1024 4521 comitato
1061 4453 1224 4538 Dudleipa
1257 4463 1390 4539 vocato,
1423 4455 1454 4515 in
1488 4451 1725 4536 Rngisuesueld
1750 4454 1834 4514 sicut

158 4567 266 4633 Choail
291 4567 360 4631 dux
383 4565 543 4652 quondam
569 4564 647 4628 inibi
679 4563 719 4626 ad
742 4585 821 4648 opus
842 4584 934 4626 suum
956 4561 1076 4625 habere
1100 4561 1189 4622 visus
1214 4567 1271 4635 est,
1297 4568 1328 4619 et
1352 4556 1449 4620 veluti
1477 4557 1638 4639 Reginger
1662 4558 1692 4618 in
1720 4556 1833 4620 eodem

159 4675 307 4736 comitatu
329 4672 421 4733 iuxta
443 4691 560 4756 aquam
596 4690 658 4752 que
682 4663 975 4729 dicitur'Knesaha
1008 4668 1040 4729 in
1064 4663 1256 4728 beneficium
1283 4661 1431 4726 habebat.
1457 4661 1508 4724 Ad
1532 4661 1730 4724 Lauenatam
1756 4683 1833 4745 quo·

157 4799 215 4863 qne
238 4778 321 4840 sicut
344 4775 441 4838 Lorio
465 4774 497 4836 in
523 4771 712 4836 beneficium
740 4769 909 4834 habuerat.'
936 4768 988 4832 Ad
1026 4767 1262 4832 Pennichaharn
1288 4789 1364 4850 crgo
1389 4771 1472 4830 siout
1497 4765 1602 4829 Ysaac
1626 4764 1716 4828 miles
1740 4765 1834 4828 Erin-

157 4881 235 4946 berti
258 4885 292 4945 in
317 4879 509 4946 beneficium
534 4879 636 4940 tenuit
667 4899 739 4940 oum
759 4875 904 4939 curtibus
928 4884 960 4939 et
992 4875 1137 4954 edificiis,
1171 4871 1309 4952 famulis,
1342 4872 1510 4952 mancipiis
1535 4873 1701 4968 utriusque
1725 4893 1834 4949 sexus,
1863 4931 1868 4938 ,

157 4986 315 5072 agricolis,
340 4983 543 5062 vinitoribus,
572 4985 704 5066 eampis,
737 4981 894 5062 aeclesiis,
927 4981 1070 5058 decimis,
1102 4977 1262 5058 censibus,
1295 4977 1408 5056 vincis,
1434 4977 1529 5057 agris,
1562 4978 1669 5060 pratis,
1695 4977 1834 5060 pascuis,

157 5093 253 5174 siluis,
279 5089 500 5174 siluarumque
524 5086 645 5168 usibus,
669 5088 770 5172 aquis,
795 5107 1015 5172 aquarumque
1047 5082 1246 5162 decursibus,
1272 5081 1408 5162 molinis,
1432 5080 1679 5166 piscacionibus,
1717 5081 1777 5142 viis
1802 5087 1835 5143 et

157 5199 259 5278 inuiis,
286 5193 427 5258 exitibus
451 5203 482 5256 et
505 5191 671 5269 reditibus,
697 5192 791 5254 terris
817 5189 910 5254 cultis
934 5201 966 5253 et
998 5187 1137 5269 incultis,
1170 5188 1305 5272 quesitis
1338 5197 1370 5250 et
1401 5187 1573 5270 inquisitis,
1606 5181 1778 5248 mobilibus
1804 5192 1858 5254 et,

157 5299 384 5381 immobilibus,
410 5307 441 5362 et
466 5297 615 5362 omnibus
650 5298 732 5358 iuste
765 5294 971 5379 legitimeque
1000 5294 1040 5356 ad
1073 5291 1231 5375 prelibata
1264 5289 1335 5354 loca
1367 5289 1608 5374 aspicientibus:
1632 5288 1703 5352 Hec
1725 5288 1835 5374 itaque
