4350 5932
1854 380 1872 444 7

150 537 173 566 ⁹
188 579 270 643 qnos
294 579 315 622 a
346 558 485 644 propriis
511 557 591 624 locis
621 557 807 626 hostilitatis
830 559 920 626 furor
950 559 1135 648 expulerat,
1167 529 1209 628 ad
1240 584 1295 627 eos
1320 565 1497 652 episcopos,
1529 568 1584 653 qui
1608 589 1816 658 nuncusque
1838 576 1872 638 in

184 662 265 728 locis
289 664 428 750 propriis
451 663 581 748 degunt,
606 686 664 750 pro
692 665 924 754 sustentatione
944 674 976 732 et
999 665 1177 752 dispendiis
1195 671 1373 754 praesentis
1398 671 1482 736 vitae
1507 694 1578 736 esse
1612 675 1802 761 iungendos.
1826 677 1871 744 Et

188 766 266 832 licet
287 768 328 832 ad
351 767 412 834 hoc
435 766 668 834 fraternitatem
692 777 833 836 vestram
860 771 959 836 iussio
976 770 1163 858 principalis
1179 772 1360 856 admoneat,
1394 774 1549 842 habemus
1573 787 1680 844 tamen
1697 783 1800 847 maius
1820 782 1871 848 his

186 871 374 939 mandatum
399 875 521 942 aeterni
544 874 708 962 principis,
733 876 857 961 quoad
883 875 964 942 haec
988 875 1164 942 terribilius
1187 877 1372 964 peragenda
1381 880 1619 968 compellimur:
1643 894 1679 950 ot
1709 909 1773 952 non
1797 888 1870 954 dico

187 977 304 1044 fratres
323 987 356 1044 st
370 981 580 1066 coepiscopos
596 989 732 1062 nostros,
750 979 808 1046 sed
832 983 918 1067 ipsos
942 985 1038 1048 etiam
1065 1003 1146 1068 quos
1169 981 1263 1048 nohis
1284 987 1462 1052 contrarios
1486 990 1634 1073 patimur,
1659 1012 1731 1054 cum
1755 1013 1870 1080 oppor-

123 1111 126 1116 ·
182 1084 304 1148 trinitas
327 1081 478 1170 postulat,
502 1085 535 1150 in
560 1083 766 1152 conferendis
797 1085 953 1151 subsidiis
974 1088 1202 1152 necessitatum
1225 1087 1402 1154 carnalium
1428 1091 1610 1178 diligamns.
1636 1094 1773 1181 Oportet
1790 1121 1868 1184 ergo

181 1209 242 1253 vos
264 1188 306 1253 ad
322 1187 406 1254 hanc
421 1211 499 1270 rem,
521 1198 554 1256 et
574 1188 706 1256 caelesti
724 1191 869 1276 primitus
886 1192 1024 1278 principi
1039 1191 1225 1258 obedientes
1242 1195 1390 1278 existere,
1404 1197 1672 1282 etimperialibus
1689 1202 1784 1266 etiam
1801 1204 1864 1268 ios·

182 1293 326 1360 sionibus
343 1296 540 1362 consentire:
554 1305 711 1382 quatenns
730 1295 845 1361 fratres
860 1299 1133 1384 coepiscoposque
1150 1307 1286 1380 nostros,
1302 1321 1383 1386 quos
1395 1310 1427 1366 et
1443 1304 1636 1388 captiuitatis
1649 1305 1863 1372 diuersarum·

184 1420 249 1484 que
272 1401 498 1484 necessitatum
522 1402 693 1486 angustiae
717 1403 938 1487 comprimunt,
952 1401 1097 1466 debeatis
1113 1401 1337 1486 consolandos,
1357 1407 1627 1494 conuicturosque
1649 1410 1815 1476 vobiscum
1834 1414 1866 1476 in

182 1501 412 1570 ecclesiasticis
432 1504 718 1571 sustentationibus
735 1504 872 1571 libenter
888 1507 1061 1592 suscipere,
1079 1529 1141 1571 non
1159 1508 1298 1593 quidem,
1322 1517 1357 1574 ut
1381 1533 1439 1596 per
1461 1516 1718 1579 communionem
1744 1517 1866 1602 episco-

181 1606 266 1694 palis
289 1607 395 1674 throni
418 1610 559 1695 dignitas
582 1610 756 1692 diuidatur,
773 1611 829 1676 sed
848 1619 884 1675 ut
899 1605 940 1675 ab
964 1609 1111 1693 ecclesia,
1127 1613 1219 1676 iuxta
1230 1613 1488 1699 possibilitatem,
1500 1617 1702 1684 ‚sufficientia
1725 1620 1866 1687 debeant
1888 1633 1893 1643 '

181 1711 336 1778 alimenta
359 1715 533 1800 percipere.
565 1713 620 1780 Sic
651 1715 737 1780 enim
762 1725 794 1782 et
825 1716 1005 1798 proximum
1038 1716 1070 1780 io
1104 1716 1164 1782 deo
1188 1725 1221 1782 et
1243 1717 1339 1784 deum
1372 1721 1404 1783 in
1430 1725 1576 1807 proximo
1610 1724 1743 1809 diligere
1779 1748 1863 1792 com-

182 1818 368 1904 probamur.
393 1819 521 1885 Nullam
545 1821 664 1908 quippe
689 1821 735 1886 eis
759 1843 817 1885 nos
849 1823 880 1886 in
906 1828 1019 1886 vestus
1044 1821 1189 1887 eeclesiis
1226 1827 1448 1891 auctoritatem
1473 1829 1652 1912 tribuimus,
1677 1829 1734 1894 sed
1758 1841 1864 1897 tamen

182 1945 238 1989 eos
263 1927 380 1989 vestris
403 1924 524 1990 solatiis
548 1927 703 1992 contineri
720 1947 923 2014 summopere
946 1926 1121 1994 hortamur.
1145 1928 1258 1994 Mense
1279 1931 1387 2016 lunio,
1410 1933 1585 2000 indictione
1609 1957 1703 2000 nona.

343 2071 446 2128 Caesar
468 2073 617 2128 Batonius.
643 2072 769 2129 Annales
792 2073 985 2129 Ecclesiastici
1008 2073 1042 2128 Τ.
1066 2075 1088 2130 1.
1112 2093 1137 2130 a.
1163 2075 1236 2132 591.
1260 2077 1349 2133 OXIl.
1381 2079 1443 2150 Ign.
1467 2079 1567 2136 Comes
1597 2081 1730 2152 Battyan.
1754 2083 1863 2154 Legum

182 2177 433 2234 Ecclesiasicarum
447 2178 481 2234 T.
497 2179 519 2234 1.
536 2196 563 2250 p.
582 2179 609 2234 t.
633 2187 670 2236 et.
695 2179 791 2236 codice
818 2180 962 2236 Ecclesiae
978 2179 1249 2244 Thessalonicensis.
1266 2183 1358 2240 Menai
1374 2183 1512 2242 Collectio
1529 2185 1615 2242 Cone.
1643 2187 1861 2244 lX.str.1065

709 2381 837 2464 XIII.
864 2381 942 2466 592
970 2385 1155 2485 mlesooa
1183 2385 1352 2488 otutka.

185 2561 289 2639 orsos
312 2558 340 2626 1.
358 2579 444 2636 popo
466 2562 533 2623 tort
555 2563 670 2624 Notata
694 2563 820 2635 botana
842 2562 1010 2637 sottostopo
1033 2565 1103 2623 rodi
1124 2566 1249 2640 ajeoooo
1271 2567 1445 2627 rosordooo
1467 2566 1565 2628 ttooto
1587 2569 1599 2626 t
1621 2569 1727 2630 notate
1750 2589 1800 2630 mu
1823 2571 1863 2630 do

634 2668 829 2740 ooddr'otooo
859 2667 1017 2728 Honoroto
1040 2674 1107 2742 opst
1135 2687 1156 2729 o
1189 2669 1253 2730 tuat
1282 2673 1399 2744 postoot

645 2819 832 2908 Gregorius,
865 2821 972 2888 Natali
1004 2823 1156 2910 episcopo
1190 2821 1379 2890 salonitano.

338 2979 451 3046 Multis
475 2980 516 3046 ab
540 2981 620 3046 urbe
643 2989 699 3046 tna
722 2979 936 3062 venientibus,
969 2980 1068 3046 frater
1090 2982 1264 3056 carissime,
1296 2982 1394 3048 didici
1418 2984 1573 3070 pastorali
1598 3007 1675 3050 cura
1699 2984 1853 3050 derelicta

179 3087 257 3154 solis
281 3097 312 3152 te
335 3087 493 3153 conuiuiis
517 3097 718 3173 occupatum.
744 3085 837 3167 Quae
859 3086 969 3152 audita
988 3109 1051 3152 non
1079 3085 1253 3170 crederem,
1278 3089 1339 3152 nisi
1364 3087 1444 3154 haec
1467 3091 1628 3155 actionum
1652 3100 1779 3156 tuarum
1804 3113 1860 3155 ex-

181 3193 368 3280 perimentis
391 3191 613 3279 approbarem.
646 3191 728 3256 Nam
761 3193 837 3278 quia
860 3213 1061 3277 nequaquam
1093 3189 1224 3256 lectioni
1249 3191 1388 3274 studeas,
1414 3214 1619 3280 nequaquam
1643 3193 1860 3259 exhortationi

180 3298 340 3384 inuigiles,
365 3297 422 3363 sed
445 3300 550 3384 ipsum
574 3319 704 3385 quoque
735 3319 827 3362 usum
861 3295 1070 3362 ecclesiastici
1106 3296 1227 3360 ordinis
1251 3300 1389 3381 ignores,
1419 3296 1479 3362 hoc
1503 3309 1552 3362 est
1573 3301 1605 3362 in
1629 3300 1858 3380 testimonium,

161 3404 266 3492 -quod
289 3405 336 3468 eis
360 3401 420 3468 sub
444 3401 562 3490 quibus
586 3425 619 3468 es
643 3403 777 3490 positus,
801 3402 1015 3468 reuerentiam
1040 3423 1169 3466 seruare
1197 3402 1312 3466 nescis.
1337 3399 1420 3466 Cum
1444 3405 1529 3468 enirn
1552 3412 1662 3468 sancte
1685 3404 1859 3467 memoriae

177 3509 358 3576 decessoris
382 3510 445 3573 mei
467 3508 567 3573 fueris
591 3509 729 3595 scriptis¹
749 3505 938 3594 prohibitus,
970 3529 1010 3571 ne
1042 3515 1154 3571 contra
1177 3505 1378 3572 Honoratum
1401 3506 1663 3572 archidiaconum
1689 3517 1779 3572 tuum
1803 3508 1856 3572 do·

79 3627 91 3646 ·
183 3615 284 3680 larem
307 3624 373 3679 tam
397 3611 512 3698 longae
533 3611 773 3699 ingratitudinis
797 3614 830 3677 in
848 3611 946 3677 corde
967 3613 1132 3696 retineres,
1163 3633 1300 3698 cumque
1323 3635 1342 3676 a
1365 3635 1416 3677 me
1440 3635 1536 3700 saepe
1560 3622 1723 3678 correctus
1747 3614 1856 3694 fueris,

177 3731 211 3787 et
232 3721 313 3787 haec
335 3720 393 3785 tihi
418 3741 621 3805 summopere
643 3718 762 3784 fuerint
777 3717 963 3800 interdicta3
988 3727 1020 3783 et
1033 3716 1183 3782 mandata
1200 3717 1253 3786 dei
1275 3716 1452 3804 negligens,
1477 3718 1584 3784 sedet
1606 3721 1726 3806 scripta
1750 3729 1859 3784 nostra

177 3836 398 3906 contemnens,
422 3824 582 3912 prefatum
606 3823 808 3888 Honoratum
832 3822 1092 3894 archidiaconum
1118 3830 1207 3888 tuum
1231 3825 1322 3910 quasi
1346 3824 1388 3888 ad
1411 3823 1575 3890 fortiorem
1599 3823 1754 3890 honorem
1780 3847 1853 3911 pro-

176 3932 309 4014 uehens,
334 3940 466 3996 conatus
489 3949 523 3996 es
546 3928 664 3996 callida
686 3939 755 3994 arte
771 3928 959 4011 degradare.
978 3927 1190 3992 Undeactom
1214 3937 1271 4010 est,
1297 3939 1388 3994 uteo
1411 3929 1452 3994 de
1474 3929 1754 3995 archidiaconatus
1780 3929 1851 3994 loco

175 4046 346 4116 summoto,
368 4035 467 4100 aliurn
490 4057 683 4115 accerseres,
707 4035 762 4121 qni
787 4035 849 4098 tuis
872 4033 1015 4098 moribus
1030 4031 1253 4118 obtemperare
1277 4035 1441 4120 potuisset,
1459 4057 1531 4099 curn
1549 4035 1710 4120 praefatus
1731 4037 1781 4099 vir
1798 4057 1855 4121 pro

174 4141 264 4208 nulla
286 4142 345 4206 tibi
370 4164 414 4221 re,
445 4151 481 4206 ut
510 4139 657 4224 arbitror,
689 4139 860 4227 displicuit,
893 4140 954 4204 nisi
977 4137 1064 4226 quod
1087 4161 1167 4204 rasa
1182 4161 1274 4203 saona
1290 4148 1323 4203 et
1346 4138 1580 4203 velaminatnis
1604 4149 1635 4204 ιι
1660 4141 1848 4226 parentibus

173 4248 255 4313 dare
278 4245 479 4334 prohibebat.
498 4246 604 4327 Quam
629 4269 777 4311 caussam
801 4243 911 4310 subtili
935 4243 1095 4309 voluimus
1119 4251 1151 4307 et
1173 4265 1257 4308 nunc
1280 4265 1351 4329 ego,
1376 4254 1408 4308 et
1431 4253 1506 4309 tunc
1527 4253 1657 4309 sanctae
1680 4247 1853 4310 memoriae

174 4353 328 4419 decessor
352 4373 442 4416 meus
467 4352 672 4435 indagatione
703 4350 883 4432 discutere;
907 4349 963 4414 sed
996 4359 1031 4414 tu
1053 4357 1180 4414 tuorum
1204 4347 1261 4414 tibi
1287 4358 1416 4414 actuum
1440 4351 1590 4414 conscius
1614 4373 1789 4435 personam
1812 4351 1854 4414 ad

174 4459 332 4524 indicium
352 4459 541 4522 instructam
565 4457 780 4521 transmittere
805 4453 969 4520 distulisti.
994 4453 1133 4519 Proinde
1164 4453 1347 4519 fraternitas
1370 4463 1424 4519 tna
1447 4454 1499 4518 vel
1523 4464 1595 4541 post
1617 4455 1855 4541 frequentatam

172 4568 294 4630 totiens
317 4563 568 4629 admonitionem
592 4586 611 4626 a
634 4561 747 4648 culpae
771 4583 849 4626 suae
883 4583 991 4626 errore
1013 4562 1182 4646 resipiscat
1204 4570 1235 4626 et
1266 4560 1445 4647 praefatum
1477 4561 1680 4626 Honoratum
1704 4563 1737 4626 in
1761 4583 1855 4626 suum

175 4679 323 4750 mox‚·ut
345 4691 418 4733 mea
440 4670 558 4754 scripta
589 4669 772 4753 susceperit,
807 4675 911 4732 Iocum
942 4667 1105 4753 suscipiat.
1138 4664 1285 4745 Quodsi
1316 4667 1398 4731 forte
1430 4665 1537 4731 facere
1561 4666 1735 4749 distuleris,
1761 4689 1855 4731 usum
1892 4714 1896 4720 .

173 4774 233 4842 tihi
258 4773 356 4862 pallii,
380 4775 436 4861 qui
458 4772 501 4839 ab
524 4772 585 4838 hac
607 4773 684 4839 sede
717 4795 889 4838 concessus
913 4781 971 4856 est,
1007 4774 1134 4840 noueris
1158 4795 1229 4837 esse
1253 4771 1425 4838 sublatum.
1451 4773 1486 4838 Si
1512 4795 1589 4838 vero
1614 4775 1710 4838 etiam
1734 4773 1855 4838 amisso

174 4880 273 4968 pallio
296 4882 329 4944 in
352 4879 465 4945 eadem
490 4881 666 4966 pertinacia
689 4878 795 4944 adhuc
811 4880 997 4965 perstiteris,
1026 4877 1176 4943 dominici
1201 4879 1345 4964 corporis
1369 4899 1408 4942 ac
1432 4880 1599 4962 sanguinis
1624 4887 1655 4942 te
1677 4879 1760 4942 scias
1786 4901 1855 4963 per·

171 4986 359 5072 ticipatione
382 5005 454 5050 esse
473 4986 648 5071 priuatum.
672 4983 751 5049 Post
766 5005 848 5071 quae
866 4985 930 5050 iam
947 5005 1080 5050 necesse
1101 4993 1150 5048 est
1173 4993 1208 5049 ut
1231 5005 1362 5048 caussas
1378 4991 1449 5046 tuas
1474 4981 1626 5046 subtilius
1651 4981 1855 5067 indagantes,

172 5115 215 5157 an
240 5093 272 5155 in
296 5093 482 5177 episcopatu
505 5092 575 5177 ipso
598 5092 770 5177 persistere
793 5088 913 5155 debeas
935 5111 1060 5153 summa
1076 5111 1154 5153 cora
1169 5098 1266 5176 atque
1284 5089 1490 5174 inquisitione
1507 5085 1683 5151 debeamus
1707 5095 1856 5151 tractare.

174 5197 261 5262 Eum
286 5217 372 5276 vero,
397 5197 452 5283 qui
476 5203 588 5260 contra
604 5197 743 5262 iustitiae
767 5194 911 5282 regulam
932 5197 965 5259 in
992 5193 1287 5260 archidiaconatum
1312 5193 1445 5258 alterius
1477 5213 1511 5256 se
1528 5191 1661 5278 prouehi
1685 5194 1856 5272 consensit,

178 5300 223 5366 ah
248 5300 390 5366 eiusdem
414 5299 692 5368 archidiaconatus
718 5300 839 5368 honore
855 5299 1056 5388 deponimus.
1080 5298 1154 5382 Qut,
1180 5300 1206 5364 si
1230 5297 1364 5364 ulterius
1388 5299 1419 5362 in
1445 5297 1516 5361 loco
1538 5296 1651 5362 eodem
1675 5297 1856 5361 ministrare
