4292 5926
1786 413 1827 506 ιι

150 633 296 720 positum,
320 632 404 719 quod
429 655 492 698 non
516 633 612 698 etiam
639 641 745 718 preter
768 634 972 696 exactionem
997 643 1138 696 nostram
1163 632 1205 696 ab
1229 631 1380 698 omnibus
1395 631 1513 698 debeat
1530 633 1691 718 episcopis
1715 632 1827 698 obser-

150 740 232 821 uari,
266 740 322 826 qui
346 737 405 802 sub
430 738 646 824 apostolorum
675 739 855 824 principum
880 737 965 802 Petri
991 747 1023 803 et
1060 737 1150 802 Pauli
1187 739 1371 804 obedientia
1404 737 1618 804 decreuerunt
1646 747 1678 803 et
1709 740 1830 802 unitate

151 846 330 932 persistere.
355 845 519 932 Numquid
544 869 607 909 non
633 844 715 909 ultra
739 866 797 908 ros
821 844 977 918 Saxones,
1002 843 1153 931 Denique
1175 843 1381 910 consistunt?
1416 844 1459 910 Et
1482 853 1589 908 tamen
1621 867 1730 910 eorum
1765 866 1825 908 me·

148 950 328 1036 tropolitani
354 959 386 1014 at
409 950 494 1014 idem
519 953 736 1015 iuramentum
760 961 920 1034 asserunt,
945 961 977 1014 ot
1000 951 1124 1035 legatos
1148 949 1326 1036 apostolice
1352 950 1437 1016 sedIs
1469 949 1644 1015 honorilice
1679 958 1828 1030 tractant,

149 1067 179 1122 ot
200 1058 233 1121 in
257 1059 325 1122 anis
348 1056 595 1121 necessitatibus
618 1058 783 1138 adiuuant,
807 1067 839 1121 et
862 1054 1081 1142 apostolorum
1118 1055 1230 1121 limina
1259 1079 1316 1142 per
1349 1054 1472 1140 legatos
1502 1077 1577 1118 suos
1609 1079 1672 1120 non
1702 1063 1825 1120 tentum

149 1183 204 1248 per
226 1163 410 1234 trienninm,
434 1162 491 1227 sed
515 1165 609 1228 annis
632 1162 769 1246 singulis
791 1164 934 1228 visitant.
959 1163 1009 1228 Ita
1032 1173 1063 1228 te
1087 1163 1187 1228 frater
1217 1162 1399 1244 karissime,
1434 1161 1579 1226 fruamur
1614 1163 1647 1225 i'n
1686 1161 1829 1242 domino,

150 1277 270 1334 utnon
294 1291 352 1356 per
373 1277 405 1333 le
428 1269 462 1334 in
486 1268 631 1334 ecclesiis
655 1269 883 1336 subtractionis
907 1279 939 1334 et
961 1270 1097 1352 dissidii,
1122 1268 1209 1357 qnod
1232 1267 1326 1352 absit,
1347 1270 1468 1332 oriatur
1493 1268 1630 1332 occasio.

306 1467 368 1524 Οιιι
392 1468 539 1540 poalanicn
562 1467 671 1540 priobdi
695 1469 757 1538 proi
780 1469 920 1524 Barouiua
943 1487 961 1524 u
984 1469 1075 1540 svojih
1099 1467 1235 1525 erlvenih
1258 1465 1403 1538 ljetopisih
1419 1467 1474 1536 pod
1498 1485 1526 1538 g.
1554 1466 1650 1524 1102.
1670 1484 1730 1522 nro.
1750 1467 1830 1522 VIII.

149 1556 184 1610 ali
203 1559 238 1626 jn
261 1557 413 1630 pogrisbno
438 1557 545 1626 pripisa
569 1557 847 1626 panormitenskomu
870 1557 1060 1629 nadbiskupu.
1092 1559 1206 1614 Katoua
1237 1556 1347 1611 dohaaa
1378 1572 1397 1609 ιι
1428 1556 1518 1626 srojoj
1550 1554 1626 1614 Hist.
1661 1555 1723 1614 crit.
1750 1555 1831 1626 regni

153 1643 317 1716 Hungariae
340 1645 374 1703 T.
400 1645 452 1702 lII.
476 1651 524 1702 str.
552 1645 623 1699 149.
647 1647 682 1698 dn
707 1645 824 1716 pripade
849 1645 1029 1718 nedbislsupu
1052 1646 1247 1717 splietalromu,
1271 1643 1323 1698 niti
1348 1661 1378 1698 se
1399 1643 1479 1698 moto
1501 1643 1583 1697 iarun
1606 1642 1767 1714 Delmacije
1800 1642 1832 1696 ili

152 1731 284 1802 Ugarske
302 1731 432 1804 pripissti
456 1731 578 1804 ilrojemu
603 1733 795 1788 inostranomu
819 1733 1007 1804 nadbiskupu‚
1033 1737 1114 1806 pollo
1126 1736 1157 1806 je
1179 1751 1197 1788 ιι
1221 1733 1279 1804 njoj
1305 1748 1394 1802 goror
1416 1748 1432 1786 o
1455 1730 1549 1800 halja
1573 1731 1724 1802 ngarskom
1746 1730 1831 1800 inje-

150 1819 233 1890 gcsih
260 1819 416 1876 velmoteh.
441 1819 541 1875 Keller
559 1821 593 1890 ju
616 1821 710 1892 htjade
734 1821 864 1892 pripissti
888 1822 965 1877 crkvi
990 1821 1133 1892 kolobkoj,
1157 1822 1195 1876 ali
1218 1839 1237 1875 u
1272 1837 1327 1875 ono
1361 1819 1436 1875 doba
1469 1818 1597 1890 nebijale
1630 1817 1834 1889 nadbiskupija

152 1905 275 1963 Iolodha
289 1909 338 1979 jos
360 1909 540 1980 ntemeljena.
565 1909 639 1964 Jaffe
663 1909 767 1980 etarlja
789 1927 844 1965 orn
864 1909 1010 1978 poslanicu
1034 1928 1053 1965 ιι
1078 1929 1106 1982 g.
1131 1907 1358 1967 1099-1118.

884 2147 964 2230 XI.
991 2148 1102 2234 1100.

54 2355 61 2386 ·.
154 2341 281 2416 Opctico
311 2343 461 2419 vermen
479 2346 547 2419 daje
564 2348 715 2419 prepisatt
737 2347 869 2420 Inponet
890 2347 942 2406 list
955 2349 1034 2418 svoje
1056 2350 1166 2405 metere
1190 2329 1270 2415 dere,
1292 2347 1369 2405 ortu
1391 2345 1493 2420 aemtje
1515 2345 1653 2418 Keprule
1673 2339 1834 2424 (Kontoel)

683 2451 754 2526 Ῑιῳιι
775 2452 851 2524 ujeee
873 2469 929 2511 ooo
951 2453 1058 2526 kapite
1080 2453 1118 2510 od
1134 2451 1308 2512 chronolr.

184 2721 190 2730 '
311 2637 407 2702 Anno
439 2641 677 2704 incarnacionis
709 2639 831 2704 domiui
861 2643 960 2704 nostri
995 2639 1098 2705 Jhesu
1133 2639 1254 2705 Christi
1277 2639 1406 2708 ΜΘΝ.
1440 2640 1612 2706 indictione
1640 2637 1736 2703 XIII.
1765 2657 1834 2722 reg·

152 2752 249 2806 nante
274 2744 419 2828 piissimo
444 2743 644 2829 Golomeguo
669 2745 819 2830 Ungarie,
845 2744 996 2810 Obroatis
1020 2755 1053 2810 et
1077 2744 1248 2828 Dalmatis,
1273 2748 1375 2832 prirno
1400 2768 1483 2810 anno
1510 2767 1573 2832 quo
1596 2742 1836 2830 triumphaliter

150 2847 305 2913 Jaderam
321 2850 486 2933 ingressus
506 2861 562 2931 est,
581 2851 789 2938 eiusdemque
806 2851 895 2916 urbis
919 2851 1094 2938 episcopali
1120 2851 1301 2936 presidente
1325 2851 1478 2917 cathedre
1502 2853 1621 2916 domno
1646 2849 1835 2936 G(regorio)

55 2988 58 3030 ς
153 2955 494 3042 venerabilipresule.
518 2956 590 3040 Ego
617 2956 793 3041 Vekenega
816 2957 982 3022 abbatissa
1006 2957 1192 3022 monialium
1217 2969 1327 3023 sancte
1355 2957 1466 3040 Maris,
1503 2956 1571 3022 filia
1606 2954 1735 3036 Oioohe‚
1775 2954 1837 3019 hoc
1913 2963 1914 2973 ’

54 3064 59 3125 i
151 3060 230 3124 inssi
256 3061 397 3127 describi
423 3061 627 3147 priuilegium
652 3061 692 3128 de
717 3064 919 3148 possessione
943 3075 1037 3142 terre,
1062 3087 1158 3149 quern
1182 3066 1325 3149 genitrix
1348 3087 1420 3129 mee
1441 3047 1543 3130 bioca
1563 3062 1728 3129 abbatissa
1748 3083 1833 3126 com·

54 3146 58 3163 .
158 3167 317 3250 parauita
339 3167 571 3248 inderensibus,
594 3169 626 3232 in
654 3174 723 3232 loco
748 3169 802 3255 qui
826 3168 944 3233 dicitur
968 3167 1110 3255 CapruII,
1136 3193 1193 3254 pro
1219 3193 1280 3234 uno
1305 3193 1387 3257 equo
1404 3171 1487 3251 albo,
1504 3169 1576 3236 XL.
1594 3177 1835 3234 romanatorum

52 3299 55 3351 ,
152 3275 344 3360 appr-etiam,
370 3285 512 3360 tempore
535 3273 744 3360 Stephani
768 3276 964 3361 episcopi
988 3285 1027 3339 et
1051 3275 1180 3354 Dregi
1206 3278 1385 3362 prioris,
1409 3275 1494 3341 unde
1518 3277 1614 3340 etiam
1639 3297 1696 3339 sua
1728 3271 1837 3337 vendi-

51 3440 52 3444 ,
152 3381 250 3442 tionis
274 3379 430 3445 cartulam
454 3381 617 3444 testationi
641 3380 703 3445 sibi
727 3379 883 3444 fecerunt.
908 3380 953 3444 At
976 3389 1144 3467 postquam
1170 3381 1280 3446 diuino
1305 3396 1383 3447 nutu
1409 3404 1464 3466 per
1481 3379 1727 3463 Oolomagnum,
1744 3401 1836 3443 sano·

153 3485 313 3550 tissimum
338 3507 459 3570 regern,
485 3509 548 3571 pax
569 3497 654 3550 terre
676 3497 709 3549 et
732 3487 811 3550 mari
836 3496 885 3550 est
908 3485 1043 3562 reddite,
1066 3491 1203 3572 quisque
1234 3499 1378 3551 nostrum
1413 3487 1499 3572 cepit
1533 3488 1580 3550 ira
1614 3484 1655 3550 ad
1695 3485 1837 3570 propria.

153 3587 216 3655 Sed
243 3593 320 3676 quia
344 3589 484 3655 humana
507 3613 597 3654 mens
622 3592 654 3654 in
678 3611 736 3654 suo
760 3599 810 3654 est
833 3590 1032 3655 insaciabilis
1057 3601 1203 3670 tractatu,
1229 3593 1314 3678 quod
1351 3593 1498 3679 primitus
1528 3590 1690 3677 precando
1726 3587 1837 3654 vendi·

155 3695 280 3777 derant,
301 3697 508 3780 ,postmodum
535 3694 682 3781 negando
707 3705 862 3780 ceperunt
884 3693 1069 3760 iaderenses
1094 3696 1278 3762 defendere.
1303 3697 1367 3762 Sed
1401 3699 1477 3784 quia
1513 3695 1607 3782 longe
1636 3695 1730 3761 aliter
1759 3693 1838 3758 deus

153 3823 252 3887 quam
276 3799 371 3866 homo
396 3801 525 3884 iudicat,
550 3802 692 3866 maxima
716 3823 790 3886 pars
815 3799 970 3866 nobilium
995 3814 1171 3887 supererat,
1195 3804 1250 3889 qui
1275 3814 1352 3868 tunc
1382 3812 1552 3888 precantes
1578 3813 1695 3866 terram
1728 3797 1838 3864 vendi·

46 3903 47 3936 ³
154 3907 279 3972 derant.
305 3906 433 3987 Quibus
456 3909 602 3972 acereitis
628 3909 794 3972 veritatem
819 3917 983 3989 testantes,
1008 3917 1125 3971 terrem
1150 3912 1217 3972 suis
1242 3910 1387 3972 terminis
1411 3908 1630 3987 ostenderunt,
1647 3929 1743 3994 quam
1762 3927 1838 3970 ven·

23 4008 42 4038 “’
100 4089 103 4096 ,
154 4013 314 4078 diderant.
340 4012 457 4078 Coram
482 4014 642 4098 Gregorio
666 4013 819 4098 episcopo
843 4023 876 4078 et
899 4011 1018 4078 (lesere
1041 4015 1158 4078 comita
1181 4025 1213 4080 et
1236 4013 1307 4077 aliis
1331 4036 1426 4100 quam
1450 4013 1596 4100 pluribus
1629 4011 1773 4098 Ungeris
1808 4021 1841 4074 et

155 4119 284 4184 ciuibus
307 4118 469 4184 nobilibus
493 4130 525 4184 et
549 4117 755 4203 ignobi1ibus.

316 4223 532 4312 Lampredics
556 4225 653 4309 prior,
676 4221 793 4288 Vitaae
816 4225 911 4309 prior,
936 4223 1083 4310 Designa
1106 4225 1213 4306 iudex,
1237 4224 1389 4290 Trnnaan
1412 4177 1520 4290 iudex.
1544 4223 1696 4289 Viloinoe
1727 4220 1837 4301 iudex,

156 4329 267 4414 Sorca,
285 4328 414 4395 Medios
437 4328 697 4398 archidiaconus.

205 4545 211 4558 ‘
318 4529 347 4586 Ia
370 4529 518 4601 sapisnika
539 4537 700 4586 samostaua
723 4547 762 4585 ιι.
787 4529 887 4600 Merije
907 4529 1042 4585 nZadrn,

598 4753 698 4834 XII.
728 4751 842 4834 noo.
871 4751 938 4834 30.
965 4753 1150 4854 travnjn.
1180 4753 1213 4834 U
1244 4751 1398 4836 Zadru.

160 4916 312 4990 Koludjer
333 4917 443 4990 Dobro,
465 4918 514 4976 ein
552 4916 695 4986 Verestou,
721 4916 894 4988 odlsuptjuje
923 4917 1068 4991 vinserna
1096 4934 1116 4975 ιι
1147 4916 1394 4988 Laterensem
1425 4917 1520 4976 borist
1550 4917 1635 4976 ortae
1665 4932 1709 4974 ao.
1741 4914 1838 4974 Krte·

872 5040 952 5080 oona
974 5039 995 5080 ιι
1015 5020 1128 5083 Zodru.

316 5175 353 5241 In
379 5173 501 5242 Christi
526 5175 654 5240 nominc
682 5185 714 5240 et
737 5175 881 5241 eiusdem
904 5177 1134 5242 incarnationis
1159 5197 1242 5240 anno
1267 5173 1398 5258 MOVI,
1418 5176 1591 5240 indictione
1607 5173 1709 5255 xlv,
1728 5183 1843 5260 epacta

158 5290 262 5364 sexta,
288 5291 501 5348 concurrente
525 5281 670 5368 septima.
695 5281 812 5347 Sancte
835 5281 1008 5348 Anastasis
1025 5281 1204 5368 Gregorius
1222 5281 1414 5369 presulante,
1429 5281 1460 5345 in
1477 5279 1598 5346 tacere
1612 5279 1649 5343 L.
1667 5281 1843 5366 priorante.
