4276 5934
1763 423 1824 488 187

142 616 328 682 huiusmodi
346 615 554 681 donariorum
578 637 636 702 per
660 614 799 679 eundem
822 613 988 679 dominum
1014 621 1046 678 et
1070 621 1193 696 patrem
1225 620 1371 678 nostrum
1402 610 1444 676 ad
1476 611 1716 677 conclusionem
1750 636 1823 700 per·
1868 601 1873 612 ’

144 721 295 786 fectionis
319 722 585 807 mancipatorum,
610 741 760 804 supremo
783 719 890 784 iudice
915 720 1103 804 imperante,
1135 718 1220 782 idem
1256 717 1405 782 dominus
1441 739 1480 784 ac
1515 727 1606 804 pater
1638 729 1746 783 noster
1783 719 1824 784 ad

143 837 280 893 mortem
304 839 466 912 egrotans,
491 848 738 911 agnoscensque
762 825 858 890 finem
883 845 1013 888 suorum
1039 821 1233 888 concludere
1257 821 1376 888 debere
1400 823 1535 905 dierum,
1568 822 1750 904 aduertens,
1785 846 1825 888 ne

143 945 275 1020 propter
299 935 399 1019 ipsine
424 955 481 998 sue
505 934 689 1018 sponsionis
713 930 1001 1016 imperfectionem,
1025 931 1131 994 anime
1156 927 1279 993 subiret
1296 927 1533 1010 detrimentum,
1552 927 1647 992 nobis
1664 928 1724 994 sub
1741 949 1825 1014 pena

140 1041 339 1104 anatematis
362 1041 393 1102 io
418 1060 477 1104 suo
502 1037 596 1102 firmo
621 1035 710 1101 dedit
729 1047 890 1122 precepto,
912 1045 947 1100 ut
970 1034 1066 1100 huius
1090 1036 1158 1099 voti
1182 1035 1232 1098 sui
1260 1054 1390 1118 operam
1422 1031 1649 1098 adhiberemus
1682 1033 1823 1098 finalem.

143 1141 246 1208 Cuius
272 1145 370 1227 igitur
396 1142 551 1208 mandata
574 1165 617 1208 ex
648 1142 757 1206 debito
788 1143 898 1206 votius
929 1119 1062 1226 cupiens
1095 1139 1285 1224 obsequere,
1321 1137 1465 1224 predicto
1499 1139 1608 1202 comiti
1644 1137 1819 1226 Stephano,

142 1251 274 1334 suisque
306 1247 490 1330 heredibus,
516 1248 636 1312 dictam
659 1257 776 1313 terram
803 1245 926 1312 Vcdina
949 1233 1167 1311 mediantibus
1190 1243 1262 1309 aliis
1285 1243 1401 1308 litteris
1435 1246 1562 1326 nostris,
1598 1266 1696 1309 aurea
1731 1244 1820 1310 bulla

141 1355 173 1416 in
199 1352 351 1439 pendenti
373 1355 537 1417 autentico
568 1353 775 1437 consignatis,
799 1351 1009 1420 asmantiam
1034 1372 1091 1414 seu
1115 1350 1255 1434 insignia
1277 1349 1378 1433 ipsius
1402 1346 1524 1412 domini
1548 1359 1580 1412 ct
1603 1350 1702 1434 patris
1719 1352 1820 1414 nostri

140 1467 174 1521 et
197 1469 316 1540 nostra,
342 1467 468 1522 scutum
494 1468 525 1522 et
553 1457 695 1543 desuper
718 1451 854 1541 galeam,
878 1454 919 1520 de
943 1457 1126 1519 summitate
1149 1456 1249 1540 ipsius
1273 1451 1365 1536 galee
1388 1453 1491 1517 leonis
1525 1455 1717 1520 anteriorem
1752 1477 1816 1520 me-

141 1561 304 1642 dietatem,
330 1585 403 1626 cum
427 1559 567 1648 pedibus
592 1561 819 1632 anterioribus,
841 1559 965 1646 ungula
987 1581 1086 1624 aurea
1108 1561 1247 1645 rapacia,
1271 1580 1310 1622 ac
1333 1579 1484 1658 coqonam
1507 1580 1638 1623 auream
1662 1561 1815 1646 incapite

140 1675 346 1751 gestantem,
378 1666 571 1732 bandarium
610 1668 729 1749 etiam,
763 1665 1034 1752 quemadmodum
1070 1687 1126 1750 per
1160 1662 1287 1748 singula
1320 1663 1392 1748 ipsa
1422 1685 1528 1745 arma,
1563 1671 1595 1728 et
1629 1663 1819 1730 bandarium

141 1773 292 1858 superius
317 1781 431 1838 tenore
458 1773 657 1858 presentiu'm
681 1772 922 1858 appropriatiue
946 1772 1072 1856 pictura
1096 1769 1227 1834 denotat
1261 1767 1376 1850 lucide,
1411 1779 1443 1833 et
1476 1767 1712 1834 deliberatione
1747 1792 1826 1834 sana

148 1877 338 1942 eorumdem
362 1875 558 1964 prelatorum
581 1886 615 1942 et
644 1876 800 1942 baronum
833 1876 874 1943 de
905 1887 1029 1942 maturo
1063 1873 1208 1956 consilio,
1243 1876 1435 1940 anctoritate
1469 1883 1502 1938 et
1534 1874 1631 1961 plena
1663 1883 1822 1961 potestate

142 1983 238 2067 regia
262 1981 410 2047 dedimus
434 1991 466 2046 et
485 1981 690 2065 conterimus,
715 1983 894 2068 damusque
918 1991 949 2046 et
972 1981 1140 2046 donamus.
1165 1979 1215 2044 Ita
1237 1989 1273 2044 ιιι
1293 1979 1365 2065 ipsa
1387 2001 1479 2044 arma
1495 1987 1526 2044 ct
1548 1981 1689 2065 insignia
1703 1990 1823 2062 nostra,

143 2109 204 2151 nec
228 2110 293 2152 non
318 2087 519 2170 bandarium,
543 2089 614 2173 ipse
638 2109 746 2151 comes
770 2087 954 2174 Stephanus
978 2095 1010 2150 et
1034 2095 1101 2150 tota
1124 2087 1192 2149 eius
1215 2087 1398 2171 posteritas,
1422 2107 1551 2172 semper
1574 2096 1606 2150 et
1642 2086 1763 2172 ubique
1785 2109 1824 2151 ac

142 2193 175 2255 in
200 2195 289 2256 omni
313 2194 469 2257 exercitio
490 2191 622 2256 militari
645 2201 773 2276 gestare
796 2201 828 2256 et
850 2191 970 2258 deferri
993 2189 1170 2256 liberaliter
1192 2211 1232 2254 ac
1255 2187 1377 2254 eisdem
1400 2191 1447 2254 uti
1471 2199 1504 2255 et
1519 2189 1661 2276 gaudere
1681 2189 1824 2273 valeant,

142 2305 241 2382 atque
264 2299 389 2382 possint
412 2299 445 2360 in
469 2305 670 2383 perpetuum.
694 2297 868 2361 Prosentes
895 2295 999 2362 eidem
1034 2295 1143 2360 comiti
1179 2291 1343 2380 Stephano
1381 2296 1601 2360 concessimus
1636 2297 1670 2360 in
1704 2316 1824 2382 appen-

143 2403 235 2466 sione
257 2401 417 2488 dupplicis
444 2401 571 2488 (sigilli)
595 2405 696 2500 nqstri
721 2403 899 2468 roboratas.
927 2399 1047 2466 Datum
1071 2422 1128 2487 per
1152 2421 1265 2464 manus
1289 2399 1485 2464 venerabilis
1509 2399 1630 2466 domini
1655 2401 1742 2466 Petri
1774 2401 1819 2465 al·

143 2504 256 2570 bensis
280 2507 436 2592 prepositi
460 2505 534 2571 aule
560 2517 669 2572 nostre
701 2501 897 2586 csincellarii,
933 2528 1018 2570 anno
1053 2505 1095 2568 ab
1126 2505 1348 2569 incarnatione
1384 2505 1506 2570 domini
1542 2504 1697 2574 Monte.
1729 2507 1822 2589 regni

144 2613 247 2675 nostri
269 2613 382 2697 primo.

294 2809 371 2879 Pray
393 2809 519 2866 Annales
541 2809 575 2868 R.
600 2809 698 2882 flung.
721 2809 753 2866 P.
777 2809 799 2868 I.
825 2816 874 2870 ιιι.
902 2811 972 2868 179.
993 2811 1108 2866 Κιιιοιιιι
1130 2808 1258 2865 Historia
1288 2809 1351 2868 erit.
1384 2809 1418 2868 R.
1454 2809 1490 2864 H.
1511 2809 1560 2880 Ιἰι
1594 2808 1629 2868 V.
1663 2818 1713 2870 ιιι.
1753 2811 1823 2867 142.

144 2897 241 2954 Codex
262 2916 312 2950 ms.
336 2897 538 2968 diplomaticus
559 2897 751 2954 Verantianus
774 2917 792 2953 ιι
812 2898 897 2952 abirci
922 2897 1124 2968 dantovic'escj
1142 2898 1310 2970 narodnoga
1333 2901 1443 2968 mnaeja
1457 2898 1628 2970 ugarslsoga.
1650 2899 1733 2970 Fater
1749 2899 1821 2955 (lod.

145 2985 224 3056 Dipl.
243 2985 276 3039 R.
293 2985 332 3042 H.
349 2985 385 3039 11.
404 2992 452 3042 etr.
473 2985 546 3042 304.
571 2985 652 3039 Prem
669 2986 706 3040 da
722 2987 759 3039 mi
776 3003 805 3040 se
821 2987 878 3039 vidi
895 3003 948 3040 osa
969 2987 1064 3040 listina
1087 3003 1186 3040 veoma
1209 2985 1359 3060 sumnjiva,
1385 2987 1394 3038 i
1418 2993 1447 3040 to
1470 2985 1622 3058 pogledom
1646 3005 1683 3042 na
1705 2987 1821 3058 sadrdaj

148 3073 331 3143 ipogledom
356 3090 392 3127 na
414 3073 476 3144 slog
497 3071 507 3125 i
529 3074 612 3126 nabin
636 3073 757 3144 pisanja,
781 3075 836 3128 lrao
864 3073 873 3126 i
906 3074 1002 3144 poradi
1035 3069 1203 3144 iakrisIJena
1234 3073 1329 3127 imena
1359 3074 1556 3138 kancelarova,
1588 3073 1635 3142 lsoj
1667 3091 1686 3128 ιι
1717 3077 1817 3146 drugoj

147 3159 232 3214 listini
255 3159 452 3230 istogodidnjoj
477 3161 569 3214 dolaai
590 3161 646 3230 pod
670 3161 790 3216 imenom
814 3160 919 3215 mettre
941 3161 1101 3231 Katapana,
1125 3169 1152 3215 te
1176 3159 1205 3213 bi
1229 3177 1259 3214 se
1282 3167 1381 3232 stoga
1405 3159 1536 3215 natvrditi
1555 3160 1633 3230 delo,
1656 3160 1693 3216 da
1712 3163 1743 3232 je
1766 3162 1820 3216 ista

143 3247 240 3301 listina
262 3265 282 3300 ιι
305 3247 414 3316 kannije
438 3247 513 3301 doba
535 3247 692 3318 iamitljena
714 3248 724 3300 i
747 3248 891 3319 napisana,
911 3255 940 3303 tc
963 3265 1022 3303 sam
1043 3251 1076 3317 ju
1096 3248 1163 3318 ipals
1188 3264 1288 3302 ovamo
1313 3249 1428 3314 naratio,
1451 3247 1557 3302 badadi
1581 3249 1618 3302 da
1642 3265 1659 3303 ο
1683 3249 1823 3320 nJ‘eairiom

144 3335 277 3404 sadrdaju
301 3333 431 3388 konadan
454 3331 575 3390 kritidan
599 3335 651 3390 sud
671 3335 747 3405 jetta
770 3333 853 3391 iaredi
878 3353 1006 3407 nemogu.

511 3623 737 3712 CCXLIX.
765 3628 870 3710 1197.
898 3629 956 3712 15.
985 3626 1200 3728 prosince.
1228 3627 1265 3711 U
1292 3625 1446 3710 Zadru.

231 3805 334 3866 Poooo
357 3805 406 3865 sia
428 3805 520 3866 Petra
543 3805 581 3864 od
603 3805 709 3886 Mate,
728 3809 856 3881 prodais
879 3811 1059 3900 somoatossu*
1074 3823 1116 3866 eo.
1140 3810 1254 3900 Karine
1276 3811 1288 3866 t
1313 3805 1471 3882 Domjono
1493 3812 1573 3883 sooje
1595 3811 1736 3885 scmbttte

879 3931 900 3972 ιι
923 3913 1089 3988 Ropoutios'.
1190 3945 1192 3948 ·

296 4085 391 4148 Anno
415 4083 585 4149 dominice.
599 4084 835 4148 incarnacionis
871 4081 1041 4148 millesimo
1073 4086 1247 4150 centesimo
1282 4087 1492 4169 nonagesimo
1528 4089 1676 4172 septimo,
1709 4107 1823 4153 mense

148 4187 323 4270 decembri,
342 4191 393 4254 die
410 4189 475 4254 XV
492 4192 639 4268 intrante,
657 4188 836 4254 indiccione
854 4191 964 4273 prima,
983 4189 1075 4274 (XV)
1086 4188 1197 4256 Jadre.
1211 4189 1378 4274 Regnante
1395 4190 1525 4255 domino
1544 4201 1652 4256 nostro
1670 4191 1822 4278 Henrieo,

144 4318 221 4380 rege
245 4296 468 4377 ihnictissimo,
492 4294 630 4359 ecclesia
654 4316 730 4360 vero
754 4294 911 4360 iadertina
935 4297 1064 4381 proprio
1089 4304 1218 4376 pastore
1241 4305 1379 4377 carente,
1404 4307 1436 4360 et
1460 4297 1619 4363 Damiano
1643 4300 1754 4364 inclito
1772 4321 1822 4363 co·

146 4403 223 4466 mite
247 4399 351 4466 eidem
376 4401 499 4466 ciuitati
524 4399 718 4486 presidente.
744 4397 906 4487 Quicquid
932 4400 1079 4465 venditur
1104 4400 1156 4464 vel
1187 4399 1382 4485 conceditur,
1405 4424 1540 4468 necesse
1575 4401 1672 4468 habet
1695 4404 1823 4469 vinculo

128 4505 331 4592 '(scripture)
349 4503 492 4588 enodari,
509 4527 547 4568 ac
565 4527 622 4590 per
637 4504 699 4569 hoc
715 4527 785 4588 ego,
802 4507 848 4569 sic
864 4505 969 4570 dictus
988 4505 1116 4586 Paulus,
1134 4505 1220 4569 filius
1245 4505 1334 4570 Petri
1359 4507 1399 4572 de
1422 4507 1536 4592 Liube,
1561 4507 1664 4574 fateor
1688 4532 1744 4594 per
1761 4509 1823 4573 hoc

144 4633 278 4696 presens
302 4612 467 4697 scriptum,
490 4610 575 4696 quod
597 4609 729 4674 vendidi
754 4613 949 4693 monasterio
975 4622 1161 4675 sanctorum
1187 4609 1305 4676 Oosme
1332 4621 1365 4676 et
1388 4609 1549 4696 Damiani,
1585 4627 1615 4677 te
1650 4614 1822 4678 Dominico

146 4717 306 4782 existente
329 4715 457 4798 abbate,
482 4725 581 4780 totam
605 4724 724 4780 terram
748 4739 862 4796 meam,
896 4739 1104 4802 meorumque
1134 4719 1387 4802 progenitorum,
1420 4720 1557 4803 positam
1585 4720 1616 4783 in
1654 4719 1733 4801 loco,
1767 4723 1822 4806 qui

145 4821 355 4906 Rogouslsina
378 4831 591 4908 nuncupatur,
616 4843 688 4885 cnm
711 4820 860 4886 omnibus
884 4823 1030 4886 terminis
1055 4831 1087 4885 et
1110 4822 1387 4907 posssessionibus
1412 4844 1468 4887 seu
1504 4825 1711 4908 pertinenciis
1743 4828 1819 4900 suis,

145 4927 321 4992 secundum
354 4926 441 5013 quod
476 4949 546 4992 eam
581 4927 639 4992 tibi
674 4937 706 4990 et
739 4927 804 4992 tuis
837 4925 990 4991 fratribus
1025 4925 1245 4991 circundando
1280 4927 1499 4992 demonstraui
1534 4927 1574 4992 de
1607 4931 1741 4993 termino
1778 4931 1820 4994 ad

146 5034 318 5103 terminum
342 5031 438 5096 etde
462 5031 532 5096 loeo
555 5031 596 5096 ad
610 5030 726 5114 locum,
751 5043 809 5117 pro
831 5039 959 5095 centum
985 5029 1100 5094 modiis
1124 5031 1223 5096 tritici
1245 5042 1277 5097 et
1302 5053 1358 5117 pro
1383 5031 1494 5096 decem
1519 5031 1559 5098 de
1575 5033 1658 5098 fabis
1679 5033 1818 5121 desuper

146 5147 218 5200 ate
243 5136 337 5222 plene
361 5137 528 5222 susceptis.
553 5136 662 5216 Quare
686 5136 760 5202 volo
785 5146 817 5201 et
840 5137 981 5222 presenti
1002 5137 1122 5221 scripto
1143 5137 1281 5218 stabilio,
1306 5147 1341 5202 ut
1364 5139 1426 5200 iam
1451 5138 1569 5202 dictam
1604 5149 1731 5220 terram,
1755 5163 1818 5226 que

144 5243 188 5306 ita
211 5241 421 5327 distinguitur
443 5267 463 5308 a
486 5243 591 5328 capite
614 5245 732 5308 austri:
756 5242 794 5306 In
818 5243 931 5328 primis
954 5265 973 5306 a
996 5241 1088 5324 colle,
1114 5244 1170 5328 qui
1194 5251 1302 5308 manet
1324 5263 1423 5329 snper
1445 5242 1575 5308 easdem
1601 5253 1702 5308 terras
1722 5255 1754 5311 et
1772 5256 1822 5314 est
