4300 5930
267 540 288 620 †
312 535 387 622 Ego
410 533 579 602 lohannes
603 543 639 602 tt
664 535 734 601 scti.
760 531 915 622 Stephani
940 534 973 599 in
998 527 1090 598 Celio
1114 538 1223 596 monte
1247 528 1354 618 presb.
1378 529 1465 596 card.
1491 553 1533 596 m.
1559 553 1588 618 p.

266 647 287 726 †
310 643 382 728 Ego
407 639 542 708 Gentius
567 651 603 708 tt.
628 640 892 708 acti..Laurantii
916 641 949 704 in
971 637 1097 704 Lucina
1121 637 1231 724 presb.
1255 635 1345 704 card.
1370 659 1413 702 m.
1437 658 1467 722 p.

261 753 283 833 †
305 749 376 835 Ego
400 747 588 814 Bernardus
612 749 682 814 acti.
704 747 793 812 Petri
816 746 858 812 ad
880 747 1011 812 vincula
1034 745 1143 832 presb.
1168 743 1258 810 card.
1283 754 1318 808 tt.
1342 743 1494 810 Eudoxio
1518 765 1550 808 m
1585 766 1617 830 p.

263 859 285 939 †
308 855 380 941 Ego
403 854 577 920 Fidentine
601 864 638 920 tt.
662 855 768 920 sancti
789 852 938 920 Marcelli
961 852 1071 940 presb.
1092 849 1179 918 card.
1206 875 1247 916 m.
1271 873 1301 938 p.

264 965 286 1046 †
308 961 381 1047 Ego
405 959 583 1026 Gratianus
607 983 650 1026 ss.
676 958 795 1026 Gosme
821 971 855 1026 et
877 960 974 1026 Dam.
1000 959 1082 1025 diac.
1107 957 1195 1024 card.
1220 979 1262 1024 nr.
1287 979 1317 1046 p.

262 1073 284 1152 †
306 1068 378 1154 Ego
402 1067 568 1134 Gerendus
593 1091 618 1136 s.
644 1066 782 1134 Adriani
806 1067 890 1134 diac.
915 1067 1003 1132 card.
1030 1089 1072 1134 m.
1094 1087 1125 1152 p.
1236 1153 1241 1164 Ι

262 1179 283 1258 †
305 1175 377 1260 Ego
402 1174 583 1260 Gregorius
607 1198 634 1241 s.
657 1174 761 1240 Maris
784 1176 817 1239 in
842 1174 972 1240 Porticu
997 1173 1080 1240 diac.
1105 1171 1192 1238 card.
1217 1194 1259 1241 m.
1282 1193 1312 1260 p.
1396 1209 1400 1224 ·

263 1287 285 1365 †
307 1281 380 1367 Ego
401 1281 556 1348 Nicolaus
580 1305 608 1348 a.
632 1281 735 1348 Maria
759 1283 792 1348 in
817 1279 1006 1369 Oosmydin,
1033 1279 1117 1346 diac.
1143 1277 1231 1345 card.
1257 1299 1298 1344 m.
1323 1301 1354 1366 p.

264 1388 380 1474 †Ego
404 1387 584 1476 Gregorius
608 1412 634 1458 a.
658 1387 778 1475 Angeli
802 1388 885 1454 diac.
911 1386 998 1454 card.
1025 1410 1066 1453 m.
1093 1409 1125 1475 p.

264 1499 286 1578 †
308 1494 380 1580 Ego
404 1495 513 1562 Borbo
537 1519 561 1562 s.
586 1493 750 1562 Theodori
774 1495 858 1562 diac.
885 1493 972 1561 card.
998 1517 1040 1560 m.
1065 1516 1096 1581 p.

326 1599 448 1666 Datum
472 1601 625 1668 Laterani
650 1623 707 1692 per
731 1625 861 1668 manum
884 1599 992 1667 Gentii
1016 1598 1242 1666 sancteLucie
1265 1599 1298 1664 in
1320 1597 1442 1664 Orthea
1464 1597 1593 1664 diaconi
1610 1596 1799 1690 cardinalis,
1842 1593 1849 1608 ⁶

116 1707 240 1771 domini
264 1730 345 1794 pape
371 1710 550 1791 camerarii,
575 1707 634 1775 111.
660 1729 761 1773 nonas
782 1705 871 1790 Maii,
895 1707 1073 1774 indictione
1096 1707 1198 1772 tercia
1222 1705 1358 1788 decima,
1383 1707 1617 1772 incarnationis
1638 1705 1799 1770 dominice

116 1835 199 1878 anno
225 1811 397 1890 MGXOV,
420 1815 626 1901 pontificatus
649 1837 727 1880 vero
751 1813 873 1880 domini
897 1811 1053 1880 Gelestini
1079 1835 1162 1902 pape
1185 1813 1290 1890 tercii,
1314 1835 1398 1878 anno
1423 1814 1545 1900 quinto.

265 2015 406 2070 laverna
429 2014 504 2083 toti,
528 2014 613 2087 pedat
634 2015 791 2088 pritiinjen.
817 2015 844 2074 U
867 2015 926 2072 ark.
950 2014 1017 2088 gub.
1042 2032 1060 2071 u
1083 2014 1186 2070 Zadrn.
1208 2012 1333 2086 Gapsula
1357 2013 1380 2072 1.
1402 2012 1497 2070 Masso
1520 2011 1555 2068 A.
1579 2029 1621 2067 nr.
1639 2012 1668 2068 5.

412 2307 690 2392 CCXXXIII.
719 2311 830 2396 1195.
859 2309 1107 2411 suvrana.
1136 2309 1171 2392 U
1201 2307 1504 2392 Dubrovnlku.

86 2459 89 2474 ’
116 2472 266 2532 Iaabrom'
288 2472 375 2534 audci
397 2471 470 2532 sude
493 2491 514 2530 u
537 2472 637 2546 ajeloj
659 2473 763 2546 roapri
785 2473 884 2548 medju
907 2473 1126 2546 aadooaupom
1149 2471 1360 2532 dubroouclrim
1388 2471 1577 2531 Beruorclom
1600 2471 1612 2530 ι’
1642 2471 1800 2547 ujepocimi

788 2599 929 2658 bastonico·
950 2598 963 2656 i
984 2597 1137 2658 svetenici.

277 2787 407 2852 Veritas
431 2789 554 2874 negotii
578 2809 641 2874 que
664 2789 803 2854 vertitur
826 2790 909 2854 inter
934 2789 1079 2853 matricis
1103 2785 1241 2852 ecclesie
1274 2787 1448 2852 canonicos
1474 2809 1516 2851 ex
1540 2809 1604 2851 una
1635 2795 1735 2873 parte,
1765 2795 1800 2852 et

15 2957 16 2960 ,
118 2893 329 2978 capellarum,
353 2894 564 2960 ecclesiarum
589 2894 726 2961 clericos
745 2919 788 2962 ex
812 2896 875 2961 alia
899 2905 999 2981 parte,
1024 2893 1084 2960 hec
1107 2903 1174 2961 est:
1200 2891 1281 2958 Cum
1307 2903 1489 2980 opportuna
1512 2895 1598 2959 circa
1616 2893 1800 2958 Benardnm

15 3081 16 3094 χ
117 3003 272 3086 ragusina
308 3001 445 3067 ecclesie
480 3001 760 3090 archiepiscopum
796 3025 853 3086 pro
889 3001 990 3067 electo
1027 3001 1197 3067 bonnensis
1228 2999 1375 3084 ecclesie,
1401 3003 1457 3086 qui
1479 2999 1521 3065 ad
1543 2999 1798 3066 consecrandum

15 3135 16 3140 ¹
119 3110 263 3190 venerit,
307 3107 479 3174 solicitudo
517 3117 688 3194 egeratur,
730 3132 769 3174 ac
803 3132 876 3174 cum
914 3109 1032 3196 quibus
1069 3107 1308 3174 consecrandus
1343 3115 1430 3191 erat,
1460 3106 1611 3172 deessent
1646 3109 1800 3194 episcopi,

117 3212 263 3298 prefatus
287 3214 550 3300 archiepiscopus
574 3237 686 3280 omnes
709 3215 907 3302 capellarum
932 3215 1068 3280 clericos
1092 3217 1125 3278 in
1150 3215 1198 3279 sui
1224 3217 1426 3300 presenciam
1450 3216 1561 3278 venire
1586 3216 1707 3294 statuit,
1732 3215 1799 3300 qui·

118 3319 178 3385 bus
203 3331 237 3386 et
261 3321 361 3386 dixit:
384 3320 482 3387 Ortor
505 3344 543 3386 ac
566 3344 681 3387 moneo
705 3345 763 3387 vos
788 3321 1000 3404 dilectissimi,
1018 3324 1170 3410 quatinus
1183 3323 1271 3386 circa
1287 3321 1423 3386 ecclesie
1441 3321 1576 3406 negocia
1594 3329 1629 3384 ut
1646 3320 1722 3386 boni
1739 3319 1801 3388 filii

15 3491 16 3510 ,
118 3426 307 3512 inuigiletis,
331 3436 363 3494 et
386 3449 457 3492 eam
482 3437 517 3491 ut
539 3439 673 3494 matrem
697 3427 838 3514 henigne
861 3439 970 3495 vestro
1004 3429 1159 3495 solamine
1192 3431 1389 3508 sustentetis,
1427 3449 1512 3492 nunc
1547 3450 1619 3492 cum
1655 3429 1799 3492 virorum

117 3532 278 3598 bonorum
301 3533 426 3619 indiget
448 3533 580 3608 auxilio,
605 3537 637 3600 in
662 3537 780 3600 virtuto
803 3535 988 3602 obedientie
1011 3536 1167 3623 precipio,
1191 3545 1226 3600 ut
1249 3557 1292 3602 cx
1316 3557 1404 3600 more
1428 3533 1532 3617 solito,
1556 3535 1639 3599 sicut
1655 3555 1675 3599 a
1692 3536 1798 3598 senio·

118 3639 207 3705 ribus
223 3635 297 3704 iam
321 3639 516 3724 audiuimus,
542 3640 636 3706 vobis
659 3651 692 3706 et
714 3665 779 3706 non
803 3644 967 3708 canonicis
992 3643 1135 3708 matricis
1160 3640 1297 3708 ecclesie
1333 3665 1388 3728 pro
1421 3643 1583 3728 episcopis
1614 3641 1655 3706 ad
1688 3663 1799 3706 conse·

118 3745 276 3813 orandum
314 3746 508 3813 bonnensem
543 3747 681 3814 electum
718 3759 767 3813 est
798 3747 1008 3836 pergendum,
1043 3771 1138 3813 ame
1161 3771 1239 3814 vero
1261 3747 1444 3813 nauiculam
1468 3757 1501 3812 et
1525 3769 1686 3834 expensas
1713 3749 1797 3812 acci-

116 3854 254 3939 pientes,
275 3876 361 3920 nunc
383 3855 493 3941 itaque
516 3832 603 3920 omni
627 3853 783 3921 dilatione
807 3865 931 3922 remota
951 3856 1141 3922 testinantes
1165 3857 1299 3943 pergite,
1325 3879 1401 3920 ecce
1425 3853 1585 3936 nauicula,
1611 3878 1651 3918 en
1684 3877 1797 3941 prepa-

117 3969 185 4026 rate
210 3967 288 4025 sunt
311 3959 404 4024 vobis
428 3983 580 4048 expense.
605 3959 667 4025 Gui
684 3961 747 4027 tale
771 3985 883 4028 omnes
907 3961 1026 4030 dedere
1053 3984 1263 4048 responsum:
1297 3962 1390 4026 nobis
1413 3959 1491 4026 solis
1515 3957 1713 4046 pergendum
1732 3982 1796 4024 non

118 4075 176 4150 est,
200 4088 304 4154 quum
328 4065 484 4154 quidquid
509 4065 695 4132 huiusmodi
718 4067 867 4156 obsequii
891 4067 1035 4152 fecimus,
1060 4067 1156 4132 simul
1187 4089 1260 4133 cum
1292 4067 1456 4132 canonicis
1493 4067 1624 4132 maioris
1659 4065 1796 4134 ecclesie

117 4175 254 4260 egimus,
278 4195 375 4260 super
397 4172 459 4238 hoo
482 4176 616 4239 nimium
647 4184 789 4242 vestram
821 4175 1047 4262 paternitatem
1081 4171 1292 4260 postulantes,
1325 4175 1476 4260 quatinus
1511 4172 1605 4238 nobis
1642 4175 1795 4238 iniustum

116 4281 224 4346 facere
247 4301 450 4368 nequaquam
474 4283 651 4366 permittas.
675 4281 822 4348 Audiens
845 4289 953 4346 autem
978 4279 1259 4352 hocvenerabilis
1283 4280 1556 4368 archiepiscopus,
1581 4302 1721 4345 euocans
1754 4279 1796 4345 ad

118 4410 153 4452 ae
174 4387 342 4454 Lucerum
366 4388 518 4453 comitem
543 4411 615 4454 cum
640 4389 821 4454 senioribus
838 4387 1011 4470 nobilibus,
1029 4389 1125 4453 iussit
1140 4387 1275 4454 clericos
1292 4407 1403 4452 omnes
1417 4395 1481 4450 tam
1500 4387 1642 4450 matricis
1659 4385 1795 4452 ecclesie

117 4517 215 4582 quam
240 4503 274 4559 et
295 4493 491 4581 capellarum
516 4505 551 4560 ut
573 4496 606 4560 in
628 4497 677 4560 sui
701 4496 869 4583 presencia
891 4504 923 4560 et
946 4493 1103 4560 nobilium
1127 4495 1293 4560 hominum
1318 4493 1357 4558 de
1381 4491 1443 4556 hoc
1458 4493 1599 4558 inuicem
1616 4503 1738 4558 starent
1753 4495 1795 4558 ad

117 4601 285 4668 iudicium.
312 4599 453 4667 Arbitrio
478 4602 587 4688 itaque
611 4603 738 4669 statutis
761 4601 925 4667 iudicibus
948 4601 1156 4688 capellarum,
1180 4600 1286 4667 clerus
1302 4609 1359 4686 p‘er
1375 4621 1468 4666 suum
1485 4597 1679 4664 aduocatum
1696 4604 1795 4666 Petri·

117 4707 235 4791 nolum,
260 4707 311 4772 his
334 4729 465 4774 causam
490 4731 582 4774 suam
606 4711 744 4774 muniuit
758 4707 1017 4796 allegationibus,
1035 4710 1158 4796 inquit:
1178 4707 1287 4773 Nimia
1302 4709 1422 4794 quippe
1437 4707 1667 4771 ammiracione
1683 4705 1794 4790 ducor,

15 4831 16 4834 ’
116 4837 188 4880 cum
213 4815 319 4880 omnis
343 4813 448 4880 clerus
471 4825 536 4881 tam
562 4817 692 4882 maioris
716 4815 853 4882 ecclesie
876 4838 972 4903 quam
997 4817 1094 4882 etiam
1118 4825 1150 4879 et
1173 4813 1379 4902 capellarum,
1404 4836 1469 4879 una
1491 4821 1577 4878 sorte
1594 4812 1671 4878 cleri
1688 4816 1795 4880 vocati

117 4945 239 5004 sumus,
263 4931 361 5008 atque
385 4945 497 4988 omnes
516 4924 549 4988 in
574 4921 703 4989 Christo
727 4921 843 4988 fratres
867 4945 988 5004 sumus,
1012 4944 1070 4988 cur
1092 4944 1151 4987 vos
1174 4930 1264 4988 tanta
1279 4920 1425 4986 elaoione
1442 4919 1607 5004 ducimini,
1625 4929 1659 4984 ut
1674 4920 1716 4985 ab
1733 4921 1794 4986 boc

117 5028 285 5117 obsequio,
305 5027 392 5116 quod
409 5051 495 5094 nunc
518 5031 617 5096 instat
640 5031 753 5095 maiori
775 5027 911 5096 ecclesie
945 5027 1041 5094 simul
1077 5027 1256 5111 nobiscum,
1291 5051 1351 5094 vos
1386 5027 1612 5116 sequestratim
1648 5024 1794 5092 subtrahi

118 5135 290 5218 conamini,
315 5145 347 5201 et
369 5159 428 5202 nos
451 5146 614 5224 tamquam
639 5135 762 5203 alienos
785 5135 847 5203 sub
870 5134 1008 5225 pedibus
1032 5141 1150 5202 restris
1173 5133 1365 5202 conculcare
1383 5135 1532 5219 nitimini,
1556 5155 1629 5198 oum
1655 5134 1795 5221 pastoris

118 5241 257 5310 ecclesie
279 5265 347 5310 vox
370 5243 506 5310 clamet:
532 5267 572 5310 ne
597 5245 667 5310 sitia
690 5243 784 5332 quasi
805 5243 1008 5310 dominantes
1031 5245 1065 5310 in
1089 5243 1185 5310 clero.
1217 5241 1271 5309 Ex
1302 5243 1435 5330 antiquo
1467 5241 1585 5330 quippe
1613 5260 1702 5304 more
1733 5237 1795 5306 hoo

1589 5347 1629 5412 12
