4254 5922
224 335 243 362 ⁹
301 367 364 436 llo
421 361 423 370 ’

238 585 241 594 “·
292 563 363 652 ipsa
380 571 464 631 terra
487 589 529 632 ex
552 566 615 632 alia
638 577 729 656 parte
752 569 804 636 vie
828 571 918 636 iuxta
940 579 1027 637 terra
1043 573 1145 650 sancti
1164 571 1346 639 Laurencii.
1363 572 1424 639 Est
1446 581 1532 639 terra
1555 576 1588 639 in
1612 572 1777 640 Conscaco
1801 575 1836 640 in
1852 574 1964 644 Dolcio

290 672 343 737 cui
365 695 408 738 ex
431 683 520 761 parte
543 673 720 741 meridiana
742 675 867 742 adiacet
898 687 984 744 terra
1014 681 1117 746 sancti
1147 679 1289 762 Domnii,
1312 701 1376 770 que
1407 681 1641 768 protenduntur
1662 703 1775 747 versus
1801 683 1964 766 orientem,

290 800 391 866 usque
413 779 454 844 ad
478 779 672 848 conductum
696 783 848 871 magnum
872 807 966 873 aque,
991 795 1023 851 et
1046 809 1144 874 supra
1168 797 1217 852 est
1240 795 1324 852 terra
1349 786 1494 852 eiusdem
1519 785 1667 852 ecclesie.

446 928 558 991 Iustina
581 923 682 1002 pisana
705 951 741 986 na
765 934 935 1006 pergameni,
958 953 996 988 na
1025 927 1085 992 viso
1109 934 1220 990 micetih
1248 933 1391 1004 citedena,
1414 935 1486 990 duva
1506 936 1548 990 ‘se
1571 951 1588 988 u
1619 934 1805 1005 aematjskom
1823 934 1924 989 arkivu
1947 954 1965 991 u

291 1015 430 1092 Zagrebu,
452 1017 547 1092 medju
570 1020 749 1096 najsnrijimi
771 1021 854 1098 pismi
878 1023 948 1084 Doe.
972 1023 1008 1084 X.
1032 1022 1051 1087 S
1074 1041 1165 1086 vana:
1189 1023 1381 1086 quentarium
1412 1023 1545 1083 territorii
1576 1023 1740 1084 moammrii
1762 1041 1785 1081 ι.
1807 1022 1960 1084 Benedicti.

902 1323 1046 1410 cclx.
1072 1323 1174 1408 1074
1184 1323 1346 1408 -1080,

289 1505 384 1567 Potor
416 1506 506 1594 Germ
528 1511 577 1570 stu
603 1510 742 1587 dommo,
771 1531 807 1574 so
837 1515 947 1589 soojm
970 1531 1131 1590 suprapom
1154 1511 1260 1588 Anam,
1283 1513 1384 1589 asena
1405 1514 1563 1590 Molstooe,
1588 1515 1695 1587 dorqp'e
1718 1517 1892 1574 somoatonu
1914 1532 1959 1576 su.

312 1611 407 1674 Petro
421 1614 480 1676 tod
505 1615 612 1678 Selino
633 1636 740 1696 mnopo
761 1621 824 1680 soto
846 1623 858 1680 i
879 1621 1170 1696 constituaturque
1192 1637 1223 1682 se
1241 1621 1387 1696 popiruja
1409 1623 1420 1679 t
1443 1620 1548 1680 doroot
1570 1620 1607 1681 od
1629 1619 1721 1694 laniet
1744 1620 1942 1680 durooattotr.

448 1770 486 1837 In
511 1771 638 1839 Christi·
655 1777 784 1840 nomine
808 1787 840 1842 et
861 1776 1006 1842 eiusdem
1039 1777 1293 1858 incarnacionis3
1317 1798 1401 1840 anno
1425 1773 1597 1840 millesimo
1627 1776 1832 1860 octogesimo,
1864 1773 1965 1840 indic

289 1875 375 1941 tione
400 1899 478 1944 vero
502 1879 583 1946 VIII
606 1879 695 1968 (ΙΠ).
719 1881 934 1970 Temporibus
958 1905 1085 1972 quoque
1117 1882 1239 1948 domini
1263 1882 1429 1946 Laurentii
1453 1879 1649 1946 venerabilis
1681 1879 1845 1968 Spalatine
1878 1881 1966 1945 sedis

288 1982 654 2072 archiepiscopiallegis
678 1987 890 2056 Obroatorum
915 1991 1089 2072 Suinimiri,
1111 2013 1170 2056 neo
1186 2013 1250 2055 non
1267 1988 1398 2054 Valicae
1415 1989 1541 2076 prioris.
1561 1987 1673 2052 Petrus
1701 2009 1762 2072 ego
1778 1987 1884 2070 Zerni,
1908 1989 1965 2076 qui

289 2100 322 2154 et
344 2089 473 2180 Gumay
506 2092 601 2176 filius,
630 2117 694 2160 una
711 2119 784 2160 cum
808 2096 939 2162 domina
967 2097 1041 2162 Ana
1057 2119 1127 2161 mea
1150 2098 1297 2178 coniuge,
1330 2095 1398 2161 filia
1422 2095 1545 2160 scilicet
1567 2094 1746 2181 Mayfaue.¹
1771 2093 1888 2158 Diuina
1911 2092 1966 2158 do·

290 2205 381 2262 cente
406 2197 584 2284 clementia,
608 2223 647 2266 ac
670 2199 880 2288 plurimorum
917 2202 969 2268 dei
1001 2225 1168 2268 seruorum
1200 2200 1270 2266 fulti
1302 2201 1458 2282 consilio,
1490 2199 1620 2266 salubre
1654 2223 1752 2265 causa
1782 2209 1965 2264 nostrorum

289 2301 514 2370 defunctorum
538 2309 636 2373 immo
652 2307 852 2392 delictorum,
871 2309 1102 2396 redemptionis
1120 2309 1295 2372 inniuimus
1311 2305 1492 2371 consilium.
1517 2305 1678 2386 Quatinus
1701 2305 1742 2371 ds
1765 2314 1872 2370 nostro
1893 2329 1966 2392 pro-

25 2391 96 2508 'bil'
166 2441 180 2468 a
290 2411 360 2497 prio
384 2422 571 2499 conquestu,
592 2435 679 2480 moro
695 2413 849 2500 fidelium,
866 2417 1076 2502 omnipotenti
1094 2415 1154 2480 deo
1175 2435 1232 2500 pro
1248 2435 1343 2501 posse
1363 2423 1472 2479 nostro
1488 2413 1628 2500 aliquam
1654 2415 1832 2500 portionem
1850 2413 1968 2477 offerre

28 2511 36 2524 ⁴
61 2507 91 2540 *t

291 2539 467 2603 possemus.
492 2517 652 2606 Quodque
675 2520 735 2585 deo
760 2522 890 2588 iuuante
906 2521 1031 2608 expleri
1056 2521 1243 2586 diffinimus.
1260 2519 1364 2604 Igitur
1388 2520 1420 2582 in
1445 2519 1515 2584 loco
1539 2521 1594 2606 qui
1618 2519 1736 2584 dicitur
1758 2517 1854 2600 Solle,
1878 2519 1967 2582 circa

291 2622 460 2688 ecclesiam
485 2627 586 2688 sancti
611 2625 774 2714 Stephani,
799 2649 861 2714 que
886 2625 998 2692 ditioni
1021 2627 1143 2692 domini
1159 2628 1259 2690 nostri
1284 2625 1436 2691 videlicet
1454 2626 1632 2692 beatissimi
1656 2625 1787 2690 Domnii
1811 2625 1967 2709 subiacet,

290 2731 434 2817 cepimus
455 2730 498 2796 ad
521 2731 674 2798 honorem
699 2735 853 2820 principis
874 2733 1091 2820 apostolorum
1115 2735 1257 2797 omnium
1282 2732 1367 2796 Petri
1392 2731 1562 2796 ecclesium
1586 2741 1780 2813 construere,
1804 2753 1967 2818 quamque

290 2835 350 2902 deo
374 2839 576 2924 permittente
599 2840 706 2905 studIo
736 2841 895 2905 artificum
925 2839 1167 2926 compleuimns.
1204 2837 1330 2904 Deinde
1361 2841 1424 2903 iam
1456 2849 1594 2925 peraeta,
1628 2849 1801 2904 conuocato
1836 2839 1966 2923 presule

293 2944 357 3008 iam
384 2955 568 3028 memorato,
590 2947 769 3034 ceterisque
793 2947 946 3012 ministris
982 2945 1103 3011 ordinis
1128 2945 1237 3030 diuini,
1262 2967 1293 3010 v.
1318 2944 1391 3010 idus
1416 2945 1536 3010 mensis
1560 2945 1709 3020 octobris,
1732 2944 1868 3010 eandem
1890 2967 1968 3010 con·

292 3051 411 3115 secrari
436 3053 631 3135 rogauimus.
654 3051 707 3117 Ad
729 3053 820 3118 cuius
854 3051 1110 3139 solempnitatem
1135 3073 1231 3138 quam
1255 3051 1383 3138 plurimi
1407 3050 1655 3138 Spalatinorum,
1687 3049 1969 3136 Obroatorumque

296 3157 449 3243 virorum,
479 3159 583 3242 gratia
605 3160 805 3224 remissionis
828 3181 884 3224 seu
916 3157 1128 3223 absolutionis
1156 3169 1322 3223 venerunt.
1348 3157 1498 3245 Denique
1530 3158 1721 3222 auctoritate
1744 3157 1826 3221 duce
1849 3156 1972 3232 diuina,

290 3262 465 3350 prephatus
488 3264 760 3352 archiepiscopus,
782 3281 856 3330 'cum
874 3267 989 3331 ceteris
1014 3267 1075 3331 sibi
1092 3265 1269 3332 astantibus
1284 3259 1461 3343 ministris,
1473 3287 1532 3350 pro
1555 3263 1639 3329 dotis
1663 3263 1806 3328 eiusdem
1831 3262 1970 3328 ecclesie

289 3391 348 3434 nos
372 3371 505 3455 exigere
528 3372 621 3457 cepit.
645 3369 713 3435 Nos
735 3393 813 3435 vero
837 3395 894 3458 pro
929 3373 1063 3454 viribus,
1086 3383 1119 3438 et
1142 3380 1251 3438 nostro
1276 3393 1380 3458 posse,
1412 3392 1615 3458 quecumque
1646 3380 1753 3435 tamen
1782 3372 1970 3436 necessaria

290 3477 436 3542 eiusdem
457 3475 509 3542 dei
534 3477 637 3542 seruis
658 3475 854 3542 dictantibus
877 3490 979 3561 erant,
995 3479 1170 3561 optulimus
1188 3477 1244 3544 ibi.
1261 3479 1297 3542 In
1315 3479 1454 3564 primisl
1477 3477 1606 3564 quidem
1630 3479 1845 3562 competentia
1868 3475 1969 3542 officii

292 3584 473 3661 missarum,
510 3581 627 3648 libram
650 3583 811 3648 missalem
847 3585 870 3649 1.
907 3585 1040 3651 calicem
1075 3596 1273 3672 argenteum,
1301 3607 1374 3650 cnm
1399 3607 1457 3647 sua
1492 3593 1618 3669 patena,
1640 3593 1673 3647 et
1697 3584 1782 3646 omni
1807 3594 1967 3668 apparatu

291 3692 397 3771 missa,
421 3689 539 3756 librum
573 3692 757 3776 passionum
789 3703 971 3758 sanctorum
1007 3693 1033 3758 Ι.
1065 3692 1280 3778 antiphoniam
1315 3688 1502 3755 nocturnale
1527 3688 1551 3753 l.
1577 3687 1764 3773 psalterium
1798 3689 1821 3753 l.
1846 3688 1968 3754 Terras

289 3805 396 3860 autem
419 3794 567 3860 dedimus
590 3819 702 3861 omnes
725 3819 788 3883 que
811 3799 842 3861 in
866 3801 1000 3864 circuitu
1036 3801 1105 3864 eius
1129 3797 1287 3863 habentur
1317 3797 1461 3877 ecclesie,
1485 3819 1505 3859 a
1533 3794 1673 3860 confinio
1697 3797 1847 3860 territorii
1872 3796 1969 3882 preli·

291 3901 364 3966 bate
387 3901 523 3966 ecclesie
546 3904 648 3968 sancti
676 3904 812 3984 Domnii,
838 3926 938 3990 neque
961 3907 1003 3970 ad
1020 3905 1125 3970 locum
1149 3907 1203 3992 qui
1227 3904 1345 3970 dicitur
1363 3903 1481 3984 Saline,
1505 3902 1658 3989 quicquid
1682 3900 1774 3983 infra,
1799 3912 1850 3966 est
1871 3925 1967 3968 mons

290 4010 359 4072 siue
382 4007 489 4084 vallis,
512 4031 532 4072 a
555 4011 654 4073 maris
678 4011 748 4096 ripa
776 4032 879 4097 usque
908 4010 950 4075 ad
979 4013 1106 4076 vineam
1138 4011 1341 4075 Tilstocosse.
1367 4009 1486 4074 Omnia
1508 4009 1592 4074 enlm
1616 4009 1679 4072 ista
1702 4017 1811 4074 nostm
1836 4011 1969 4096 proprio

290 4115 521 4202 acquisiuimus
546 4117 657 4202 pretIo,¹
682 4117 759 4181 ideo¹
778 4119 810 4182 in
834 4118 929 4181 domo
946 4118 997 4182 dei
1014 4117 1169 4182 dedimus.
1194 4117 1275 4181 Nam
1292 4119 1323 4181 in
1341 4118 1451 4203 primis
1468 4125 1584 4180 terram
1609 4117 1641 4178 in
1666 4116 1814 4201 quesita
1838 4115 1969 4182 uidetur

291 4217 438 4302 ecclesia,
470 4224 729 4308 comparauimus
758 4247 778 4286 a
811 4223 978 4290 Pribistrio
1008 4247 1065 4311 pro
1096 4221 1222 4288 duobus
1254 4223 1375 4304 solidis,
1408 4233 1439 4286 et
1474 4245 1537 4287 uno
1570 4221 1677 4286 modio
1708 4221 1869 4299 frumenti,
1903 4222 1987 4287 alio·

291 4336 397 4392 autem
418 4326 459 4392 de
481 4326 559 4408 sale,
582 4328 667 4414 quod
685 4328 832 4394 dedimus
850 4352 907 4415 pro
935 4330 999 4394 fine
1019 4329 1092 4411 sibi,
1109 4341 1141 4394 et
1157 4328 1217 4394 hoc
1231 4329 1351 4394 factum
1375 4341 1424 4393 est
1447 4351 1555 4392 coram
1579 4324 1742 4414 Stephano
1765 4325 1833 4392 fillo
1856 4327 1969 4415 iupsni

293 4433 456 4512 Pribinne,
481 4445 513 4498 et
528 4433 707 4520 presbitero
723 4435 904 4518 Prodanno,
922 4447 955 4501 et
972 4436 1153 4524 presbitero
1166 4435 1346 4521 Dragsano,
1363 4444 1460 4520 atque
1476 4433 1569 4518 Girgi
1586 4433 1626 4498 de
1642 4432 1772 4519 Tagari.
1797 4437 1818 4512 †
1842 4432 1969 4499 Ibidem

293 4542 384 4605 iuxta
406 4539 543 4605 eandem
566 4551 694 4625 terram,
718 4545 854 4608 emimus
885 4556 988 4608 terras
1010 4569 1029 4607 a
1050 4543 1132 4608 Zulo
1157 4563 1214 4628 pro
1239 4542 1315 4606 1111.
1348 4539 1463 4605 modiis
1487 4540 1648 4622 frumenti,
1673 4549 1705 4604 et
1727 4539 1751 4602 Ι.
1776 4549 1968 4624 argenteum

294 4667 352 4732 pro
374 4646 448 4727 fine,
480 4669 587 4713 coram
619 4648 770 4714 Johanne
804 4648 1015 4734 Meeagalma,
1038 4660 1071 4715 et
1093 4648 1255 4736 Stephano
1280 4648 1419 4728 Carano,
1443 4645 1628 4730 Boledrugo
1651 4644 1693 4710 de
1716 4644 1848 4731 Tagari.
1872 4648 1894 4727 †
1917 4646 1969 4710 In-

294 4773 390 4838 super
414 4754 549 4819 emImus
573 4753 759 4822 Seruianum
781 4781 802 4820 a
825 4758 891 4822 suis
915 4757 1054 4820 inimicis
1070 4777 1128 4842 pro
1142 4755 1213 4819 XL.
1230 4754 1415 4836 romanatis,
1432 4756 1501 4840 ipse
1519 4763 1626 4818 autem
1647 4775 1711 4816 non
1734 4749 1858 4817 babens
1880 4751 1969 4818 unde

293 4882 327 4922 se
349 4858 529 4942 redimeret,
554 4860 643 4928 dedit
666 4862 743 4928 mihi
759 4865 965 4944 territorium,
990 4861 1075 4949 quod
1092 4863 1141 4925 sui
1159 4862 1258 4946 patris
1281 4870 1357 4939 erat,
1382 4869 1418 4924 ut
1440 4882 1500 4945 ego
1524 4858 1701 4925 diuiderem
1725 4879 1797 4924 cum
1822 4857 1969 4924 filiosuo

292 4989 387 5032 omne
406 4989 463 5054 per
485 4967 697 5050 medictatem,
719 4979 751 5035 et
772 4973 806 5036 in
830 4981 920 5058 parte
937 4991 1008 5034 mea
1028 4967 1118 5033 dedit
1134 4977 1233 5032 totum
1257 4967 1452 5032 territorium
1469 4964 1723 5052 supersedeam,
1747 4973 1779 5028 et
1801 4961 1863 5028 sibi
1886 4973 1968 5030 rete·

293 5075 363 5139 nuit
387 5075 582 5142 territorium
606 5078 639 5142 in
663 5077 794 5162 Malcin,
818 5091 851 5144 et
872 5077 959 5166 quod
982 5084 1162 5141 remaneret
1177 5073 1373 5151 diuiderem3
1397 5085 1429 5139 et
1450 5075 1499 5138 sic
1521 5097 1540 5137 a
1564 5093 1615 5137 me
1635 5070 1717 5136 liber
1737 5069 1902 5136 abscessit

451 5179 495 5246 Et
517 5181 577 5249 heo
599 5188 770 5251 conuentio
801 5209 840 5251 ac
863 5185 1013 5250 diffinitio
1036 5183 1121 5248 facta
1149 5183 1304 5247 scitante
1335 5181 1505 5247 ecclesiam
1528 5181 1561 5245 in
1585 5177 1684 5260 Nede,
1707 5199 1816 5243 coram
1839 5175 1889 5241 bis
1913 5189 1969 5242 no·

460 5383 641 5460 'Moyslauc
668 5383 741 5446 ΩΙ)ο
765 5388 848 5460 ordje
870 5386 926 5442 ima
956 5382 1065 5444 Farlati
1087 5382 1121 5438 T.
1140 5381 1192 5438 111.
1214 5399 1242 5454 p.
1270 5382 1341 5438 154.
