4292 5926
990 601 1135 683 XXX.
1163 603 1270 685 1119.

367 785 470 854 Dana,
492 786 567 844 mati
591 783 726 854 Gaudtjo
750 782 937 850 Falsamiaa,
960 779 1068 853 6166616
1090 779 1181 852 njeta
1200 779 1319 852 aaoja'au
1347 780 1429 840 orbat
1447 795 1492 841 sn.
1514 779 1684 840 Beneds'kto
1705 799 1727 840 6
1750 779 1881 856 spuere

435 926 541 1056 Ego:
567 1018 575 1034 .
600 969 704 1048 Dana,
730 979 833 1034 mater
855 967 975 1034 (taedii
1000 966 1195 1047 Faisamine,
1220 965 1320 1032 offero
1345 969 1525 1053 paratinam
1548 989 1649 1054 prope
1673 967 1845 1034 ecetesiam
1865 971 1978 1034 sancti

287 1077 443 1164 Cipriani,
469 1078 499 1139 in
524 1075 694 1140 eeclesiam
720 1076 824 1139 sancti
847 1074 1026 1155 Benedicti,
1050 1095 1113 1160 que
1137 1080 1187 1137 est
1211 1073 1294 1136 inter
1317 1095 1396 1158 para
1420 1124 1426 1138 .
1452 1121 1460 1137 .
1485 1075 1588 1139 saneti
1622 1072 1769 1160 inriani
1800 1097 1850 1140 ex·
1878 1084 1978 1162 parte

175 1223 177 1230 ·
285 1180 442 1264 orientali,
466 1179 658 1245 occidentali
682 1201 758 1244 vero
783 1203 826 1244 ex
849 1189 939 1265 parte
963 1188 1013 1244 est
1034 1180 1181 1266 paratina
1202 1180 1304 1242 saneti
1326 1177 1452 1244 Nicolai
1473 1178 1513 1244 de
1539 1177 1716 1262 Collegaci,
1740 1201 1799 1265 pro
1823 1179 1977 1246 remedio

284 1287 392 1352 anime
416 1308 486 1352 mee
510 1309 719 1372 meorumque
743 1284 979 1352 defunctorum.
1004 1284 1036 1348 Si
1063 1285 1135 1372 quis
1159 1292 1265 1347 autem
1290 1281 1352 1348 hoc
1374 1283 1524 1366 frangere
1548 1284 1695 1366 voluerit,
1713 1283 1832 1350 habeat
1849 1287 1976 1349 iratum

287 1391 407 1456 trinum
431 1399 464 1455 et
486 1412 585 1454 unum
611 1389 707 1455 deum
731 1400 763 1455 et
786 1399 927 1456 nostram
952 1389 1217 1456 malediecionem

443 1589 536 1661 Pripis
570 1607 608 1644 66
629 1589 860 1660 fundacionalnoj
879 1588 966 1644 listini
990 1589 1083 1648 Lovre
1103 1589 1283 1662 nadbiskupa
1306 1589 1471 1662 spljetekog.
1504 1591 1540 1644 od
1571 1609 1599 1662 g.
1634 1590 1728 1648 1069.
1760 1608 1794 1645 aa
1826 1587 1976 1662 epljeteke

293 1677 440 1738 duvne.'U
463 1677 561 1734 arkira
582 1677 734 1733 zadarskih
754 1677 960 1750 kaludjerieah.

882 1968 1047 2051 XXXI.
1076 1969 1166 2051 tiko
1195 1989 1234 2068 g.
1262 1970 1368 2052 1119.

289 2149 438 2210 Dominto
459 2150 611 2229 Galateov,
632 2168 669 2210 aa
690 2153 801 2224 soojom
824 2151 924 2211 terrem
948 2150 1104 2226 Kateaom,
1128 2149 1242 2222 ceruja
1261 2154 1434 2234 6666661666
1456 2167 1499 2210 ao.
1519 2149 1688 2210 Beasds'tto
1710 2167 1732 2209 6
1748 2149 1865 2224 Sptjetu
1889 2150 1980 2223 meai

842 2273 988 2348 vinoprud
1010 2273 1068 2332 toa
1090 2271 1177 2332 ortae
1198 2289 1241 2332 su.
1265 2272 1420 2346 saepem.

441 2460 513 2546 Ego
536 2461 728 2526 Dominicus
749 2459 875 2542 Galate,
899 2483 964 2525 666
998 2483 1071 2526 cum
1102 2461 1240 2543 coniuge
1274 2483 1346 2524 mea
1380 2457 1537 2540 Chatena,
1571 2461 1711 2540 vineam,
1747 2482 1811 2547 que
1845 2469 1897 2526 est
1932 2460 1979 2526 ad

295 2576 444 2633 sanetum
457 2567 654 2653 Stephanum
679 2567 948 2654 protomartirem,
972 2575 1117 2630 nostrum
1140 2565 1293 2648 remedio,
1319 2567 1516 2631 monasterio
1540 2567 1642 2630 sancti
1665 2565 1837 2631 Benedicti
1860 2565 1977 2631 offero.

294 2673 370 2738 Hoc
393 2682 499 2738 aetum
521 2681 571 2736 est
594 2695 702 2737 coram
726 2671 776 2736 his
803 2671 959 2736 testibus:
990 2669 1145 2735 Dabrona
1174 2669 1455 2756 archipresbitero,
1486 2669 1622 2734 diacono
1650 2669 1816 2752 Dabrone,
1854 2670 1980 2736 Petriei

292 2777 371 2855 filio,
395 2778 575 2862 presbitero
596 2777 731 2842 Nicolao
755 2776 912 2860 spirituali
935 2787 1037 2864 patre,
1061 2775 1257 2862 Lampredio
1281 2776 1486 2841 Scarnacani.
1505 2775 1550 2839 Et
1572 2797 1634 2860 ego
1658 2775 1778 2840 Briana
1806 2775 1979 2858 diaconus,

292 2881 387 2946 buius
410 2882 532 2948 cartule
556 2884 702 2968 scriptor,
723 2881 845 2946 ibidem
870 2903 941 2946 sum
964 2882 1065 2946 testis.
1087 2880 1131 2945 Et
1153 2882 1180 2945 si
1193 2879 1310 2968 aliquis
1333 2880 1416 2947 hanc
1439 2891 1580 2945 nostram
1600 2881 1857 2964 ordinacionem,
1875 2905 1977 2968 quam

291 3009 352 3072 ego
376 2985 568 3052 Dominicus
593 2997 626 3053 et
648 2986 793 3052 Cathena
816 3009 900 3052 uxor
922 3009 995 3051 mea
1018 2987 1161 3052 scribere
1174 2989 1387 3072 precepimus,
1404 2986 1605 3072 disrumpere
1622 2989 1839 3073 temptauerit,
1856 2990 1978 3052 iratum

291 3091 410 3158 habeat
433 3094 550 3157 trinum
574 3101 607 3158 et
629 3115 727 3157 unum
749 3091 845 3157 deum
868 3101 900 3156 et
929 3101 1146 3156 trecentorum
1179 3091 1290 3156 decern
1326 3102 1358 3156 et
1390 3103 1462 3157 octo
1494 3103 1679 3157 sanctorum
1710 3101 1839 3178 patrum
1875 3093 1977 3158 maie-

291 3197 470 3262 diccionem
495 3199 647 3281 incurrat,
671 3209 703 3263 et
726 3199 768 3263 sit
794 3196 978 3262 deramatus
1002 3199 1034 3262 in
1059 3196 1120 3263 hec
1142 3197 1262 3282 seculo,
1286 3209 1319 3262 et
1330 3199 1362 3262 in
1379 3197 1486 3264 futuro
1502 3220 1573 3262 curn
1591 3197 1678 3263 Juda
1694 3199 1852 3265 traditore
1868 3200 1978 3283 igneis

291 3303 432 3372 vinculis
456 3305 668 3390 mancipetur.

440 3503 470 3558 [a
492 3502 592 3558 arkiva
607 3501 757 3558 aadarskib
782 3501 979 3573 keludjerieah
1003 3521 1044 3562 av.
1069 3501 1180 3572 Martje.

880 3793 1069 3876 XXXII.
1098 3793 1188 3876 ono
1215 3817 1253 3894 g.
1280 3796 1386 3877 1119.

295 3975 471 4036 Prettamr‘o
504 3974 684 4053 Basamure,
719 3977 732 4034 i
763 3976 814 4035 aa'rr
846 3976 950 4050 616966
990 3973 1123 4044 Groneia,
1159 3975 1273 4049 daruju
1294 3975 1380 4048 mets
1404 3976 1506 4048 semlje
1534 3979 1709 4036 samoatarru
1731 3993 1774 4038 66,
1803 3976 1979 4038 Benedr'tto

1053 4115 1075 4158 6
1096 4097 1222 4172 spuere.

451 4286 524 4373 Ego
548 4287 755 4352 Prestancius
782 4286 970 4366 Basamure,
991 4276 1204 4367 filius'Anoh,
1227 4285 1489 4352 recordacionem
1512 4286 1577 4352 filie
1607 4310 1676 4352 mee
1693 4287 1860 4353 'monialis
1897 4291 1977 4353 seri·

285 4395 376 4478 ,bere
399 4393 469 4459 feei
485 4393 525 4458 de
548 4395 654 4475 terris,
680 4415 761 4479 quas
779 4392 842 4457 sibi
865 4391 996 4473 contuli,
1020 4401 1052 4456 et
1073 4414 1181 4457 secum
1207 4401 1349 4477 portaret
1375 4390 1416 4456 ad
1440 4394 1682 4458 monasterium.
1717 4393 1872 4480 Inprimis
1910 4417 1977 4458 una

296 4508 383 4564 terra
406 4498 447 4562 ad
472 4508 618 4563 sanctum
642 4497 776 4562 Paulum
802 4499 893 4562 iuxta
922 4519 1021 4579 mare,
1055 4506 1087 4562 et
1120 4497 1216 4562 aliam
1240 4506 1358 4562 terram
1392 4496 1449 4563 ubi
1484 4497 1603 4563 dieitur
1638 4497 1851 4586 Campanana
1883 4501 1980 4565 iuxta

294 4614 440 4669 sanetum
465 4604 641 4686 Andream,
666 4613 700 4669 et
717 4627 815 4668 unam
839 4612 957 4668 terram
982 4605 1014 4666 in
1040 4604 1205 4668 murnario
1227 4605 1318 4668 iuxta
1341 4601 1511 4668 eeclesiam
1535 4605 1637 4669 sancti
1663 4604 1759 4682 Petri,
1783 4627 1882 4692 quam
1916 4629 1978 4692 pro

292 4712 401 4775 anima
433 4733 505 4775 mea
539 4719 589 4775 et·
611 4731 668 4796 pro
707 4731 817 4774 amore
852 4707 1036 4794 supradicte
1070 4705 1153 4773 filie
1172 4729 1242 4774 mee
1276 4709 1309 4772 in
1340 4707 1485 4775 eiusdem
1530 4712 1724 4776 monasterio
1764 4710 1835 4776 fieri
1863 4713 1978 4778 “teste-

293 4825 437 4882 mentum
461 4815 534 4883 feei.

442 4939 486 5004 Et
509 4962 569 5025 ego
590 4938 734 5022 Gronda,
758 4937 845 5004 filius
868 4937 1045 5026 supradicti
1069 4937 1256 5013 Preataneii‚
1278 4959 1335 5024 pro
1358 4945 1445 5002 terra
1474 4959 1547 5002 mea
1577 4940 1609 5004 16
1633 4937 1745 5003 eodem
1778 4940 1997 5005 monasterio.

292 5044 393 5111 offero
417 5054 539 5110 terram
563 5044 762 5111 ubidicitur
786 5043 876 5110 thal.

441 5243 471 5298 16
494 5243 595 5299 6616166
616 5243 768 5300 zadarskih
791 5241 988 5315 kalndjericab
1013 5261 1053 5302 av.
1078 5240 1187 5312 Marije.
