4254 5922
218 513 220 522 ᾗ
268 367 357 498 'om

290 621 448 692 theloneis
471 637 502 692 et
525 635 631 714 ponte,
656 649 738 714 quae
762 626 803 692 ab
826 626 1087 693 antecessoribus
1109 628 1227 692 nostris
1251 625 1307 694 illu
1331 625 1448 692 tradita
1478 634 1580 706 erent,
1611 633 1644 694 st
1673 629 1806 716 insuper
1835 629 1969 696 terciam

290 742 412 822 partem
444 734 599 816 ciuitatis,
628 756 711 821 quae
742 736 922 822 proprietas
951 734 1012 800 fuit
1040 732 1225 814 Geroniani,
1256 736 1349 822 eique
1380 733 1591 798 diiudicatum
1613 743 1682 799 erat
1712 757 1760 816 eo,
1784 734 1969 822 quadrans

289 841 468 906 maiestatis
490 841 677 906 criminatus
700 851 749 906 cst
771 851 929 916 constare.
946 841 1091 927 exceptis
1107 839 1172 906 illis
1190 839 1298 922 rebus,
1311 863 1393 927 quae
1410 863 1487 906 suae
1513 843 1607 906 uxori
1630 863 1804 906 concessae
1827 840 1969 922 fuerunt,

292 946 327 1012 id
350 948 455 1012 estin
478 947 634 1034 superiori
658 947 788 1012 ciuitate
812 949 844 1012 in
869 945 1015 1014 orientali
1040 957 1130 1032 parte
1153 948 1294 1014 ciuitatis
1317 945 1463 1012 curtilem
1488 945 1603 1031 locum,
1627 946 1682 1012 ubi
1713 969 1798 1014 noua
1827 946 1969 1014 eeclesia

117 1121 118 1126 ,
293 1053 422 1140 incepta
445 1063 503 1134 est,
526 1063 625 1141 atque
647 1053 789 1118 inferiori
823 1055 953 1120 ciuitate
975 1055 1007 1118 in
1032 1051 1222 1120 occidentali
1245 1062 1337 1140 parte
1368 1053 1509 1120 ciuitatis
1532 1055 1635 1140 ipsius
1658 1051 1714 1119 illa
1736 1053 1864 1122 curtilia
1887 1053 1970 1137 loca,

130 1179 131 1182 ’
192 1198 217 1202 =-
290 1181 372 1246 qnae
394 1159 427 1224 in
451 1167 608 1245 potestate
631 1169 707 1224 tunc
731 1158 843 1226 babuit
865 1182 937 1224 cum
962 1157 1056 1224 hobis
1085 1156 1121 1226 O.
1137 1159 1241 1224 vineis
1264 1158 1307 1226 X.
1330 1159 1369 1224 ln
1394 1157 1619 1228 Cistanesveld
1634 1162 1800 1228 firmamus
1816 1160 1858 1228 ad
1877 1181 1970 1248 prae·
2005 1221 2023 1256 0

133 1283 134 1290 ¹
175 1279 176 1282 ’
289 1264 388 1332 latum
412 1267 641 1332 monasterium
664 1268 749 1332 sicut
770 1269 879 1332 acerui
902 1265 966 1332 duo
997 1289 1097 1353 prope
1120 1265 1262 1332 Trauum
1287 1267 1381 1352 positi
1406 1276 1481 1332 sunt
1503 1288 1547 1332 ex
1566 1268 1717 1332 sumitate
1740 1268 1916 1356 superioris
1938 1276 1973 1334 et

132 1391 160 1446 sp
213 1387 223 1404 ⁵
288 1374 458 1438 exterioris
483 1373 611 1438 termini
635 1375 691 1460 qui
708 1370 886 1458 Uuagreini
907 1373 1033 1458 dicitur,
1053 1381 1087 1436 st
1102 1374 1186 1439 siout
1208 1371 1261 1437 illa
1277 1369 1454 1459 Unagreini
1470 1373 1572 1438 tendit
1586 1395 1690 1462 usque
1707 1371 1782 1440 dum
1805 1373 1971 1442 Treouina

129 1483 134 1490 ”
199 1501 201 1520 ²
287 1477 358 1544 fluit
379 1479 412 1544 in
443 1501 570 1546 amnem
601 1478 755 1544 Traunm.
787 1479 840 1544 Ad
872 1477 1015 1566 Sulpam,
1048 1479 1212 1546 ciuitatem
1238 1478 1324 1567 Zuip
1358 1489 1505 1546 vocatam
1537 1503 1611 1546 cnm
1645 1481 1796 1548 omnibus
1818 1483 1902 1546 inste
1925 1480 1967 1546 ad

288 1585 423 1654 eandem
444 1586 607 1654 ciuitatem
633 1586 877 1673 pertinentibus,
901 1607 973 1652 cum
1005 1588 1176 1672 quercetis,
1202 1588 1332 1673 campis,
1368 1587 1452 1652 sient
1476 1585 1531 1652 ills
1554 1587 1642 1653 loeus
1663 1589 1777 1674 incipit
1798 1611 1818 1654 a
1840 1585 1967 1670 Macra,

266 1702 320 1768 set
341 1693 444 1760 tendit
467 1714 568 1781 usque
601 1691 642 1758 ad
672 1692 900 1774 Luonnniaam,
928 1701 960 1758 et
994 1703 1028 1758 ut
1058 1691 1247 1759 Luonnniaa
1274 1701 1307 1758 et
1329 1690 1429 1780 Sulpa
1452 1691 1493 1758 de
1523 1691 1651 1779 alpibus
1674 1691 1787 1776 fluunt,
1811 1693 1966 1782 quicquid

286 1801 372 1864 inter
395 1797 454 1864 bos
478 1798 559 1865 duos
593 1821 704 1864 amnes
733 1797 900 1881 babemus,
934 1809 1037 1864 totum
1069 1799 1111 1866 ad
1142 1798 1341 1886 praedictum
1373 1800 1614 1879 monasterinm,
1638 1807 1670 1865 et
1692 1799 1848 1865 forestum
1871 1798 1967 1866 Susel

286 1927 359 1972 oum
383 1906 499 1987 benno,
524 1907 607 1972 sicut
631 1909 663 1970 iu
688 1915 845 1990 potestate
868 1915 1108 1974 antecessorum
1133 1917 1294 1972 astrorum
1317 1905 1387 1986 fuit,
1412 1903 1687 1992 venacionemque
1710 1907 1743 1972 in
1766 1904 1871 1972 dulcis
1895 1905 1965 1970 val·

286 2012 380 2095 libus,
405 2035 499 2103 quam
535 2011 672 2100 populus
703 2034 777 2078 cum
808 2013 1017 2078 sacramentis
1049 2014 1081 2078 iu
1113 2022 1305 2100 potestatem
1340 2019 1581 2078 antecessorum
1610 2019 1791 2078 nostrorum
1814 2013 1966 2092 firmauit,

285 2119 383 2186 idest
398 2120 594 2186 ebdomadas
617 2120 677 2188 111.
701 2128 774 2186 ante
796 2121 1034 2208 aequinoctium
1068 2117 1285 2206 autumpnale,
1317 2128 1350 2184 et
1382 2128 1495 2206 postea
1525 2141 1627 2207 nsque
1657 2120 1691 2184 in
1722 2116 1829 2186 natale
1860 2119 1967 2184 sancti

285 2225 415 2292 Martini
441 2227 481 2292 κά
506 2227 671 2294 venandos
696 2249 786 2292 ursos
810 2237 842 2292 et
864 2247 967 2313 apros.
993 2224 1045 2291 ad
1062 2223 1253 2290 Luminicbo
1278 2227 1371 2290 iuxta
1393 2223 1515 2312 Rapam
1532 2223 1685 2313 quioquid
1710 2221 1755 2290 ibi
1778 2223 1961 2292 habuimus.

286 2333 338 2400 Ad
361 2332 582 2420 Neniliupacb‚
606 2333 648 2398 ad
672 2333 843 2398 Sabrinam
878 2331 1049 2398 ecclesiam
1074 2342 1106 2398 et
1129 2341 1251 2398 curtem
1275 2355 1347 2400 cuns
1371 2333 1491 2397 mansis
1513 2330 1552 2396 L.
1583 2331 1664 2398 Item
1694 2329 1737 2397 ad
1760 2329 1885 2419 Rapam
1920 2330 1962 2396 ad

285 2439 474 2529 Tudleipin‚
518 2439 558 2504 κά
592 2439 771 2506 Labentem
811 2438 980 2504 ecclesiam
1018 2440 1121 2504 sancti
1151 2437 1303 2505 Andreae
1343 2447 1379 2503 ut
1412 2447 1632 2504 antecessores
1662 2439 1762 2504 nostri
1796 2437 1838 2503 ad
1874 2459 1966 2524 prae-

285 2546 405 2612 dictum
425 2546 666 2612 momentarium
689 2546 908 2628 firmauerunt,
932 2567 1005 2612 cum
1021 2545 1147 2612 decima
1171 2555 1205 2611 ut
1220 2544 1267 2610 ibi
1294 2543 1492 2610 consuetudo
1512 2553 1570 2626 est,
1594 2552 1626 2610 et
1649 2543 1689 2609 de
1711 2543 1860 2610 curtibus
1881 2566 1964 2632 quas

284 2662 503 2720 antecessores
521 2655 620 2719 nostri
646 2653 689 2717 ibi
713 2651 904 2728 habuerunt,
924 2651 1081 2717 decimam
1106 2660 1141 2718 ut
1162 2653 1195 2716 in
1215 2651 1390 2718 canonibus
1407 2650 1551 2731 habetur,
1569 2673 1629 2716 neo
1649 2671 1712 2716 nen
1724 2651 1965 2737 saginationem

285 2763 316 2825 in
340 2759 429 2824 omni
451 2758 600 2824 Labanta
616 2756 709 2840 valle,
726 2767 862 2844 excepto
876 2767 982 2824 monte
1005 2757 1101 2824 Forst
1126 2760 1299 2825 nominato.
1315 2758 1420 2846 Ligna
1431 2779 1559 2846 quoque
1582 2757 1722 2824 secanda
1735 2756 1778 2824 ad
1794 2756 1965 2824 ecclesiam

285 2877 317 2931 et
338 2865 487 2934 adalind
511 2867 681 2932 seruicium
706 2867 848 2952 episcopi
873 2874 938 2930 tarn
962 2867 1081 2952 inipso
1099 2875 1328 2952 monte,quam
1354 2867 1387 2930 in
1410 2865 1482 2930 aliis
1495 2864 1644 2930 omnibns
1662 2863 1824 2930 montibus
1848 2885 1966 2929 eonce-

285 2973 401 3056 dimus,
418 2983 450 3038 et
473 2997 569 3040 unam
592 2973 711 3039 fossam
733 2972 858 3037 ruderis
879 2973 916 3037 in
940 2981 1048 3038 monte
1074 2971 1259 3038 Gamauara
1283 2993 1410 3057 semper
1433 2993 1491 3058 per
1512 2979 1612 3036 totum
1636 2991 1756 3036 annum
1771 2967 1964 3036 habendam.

289 3079 337 3144 Ad
353 3078 525 3144 Gurniaam
551 3079 741 3144 beneficium
759 3077 943 3164 Engibaldi.
968 3077 1020 3142 Ad
1038 3075 1252 3144 Carantanarn
1271 3076 1439 3144 ecclesiam
1456 3087 1586 3144 sanctae
1598 3077 1718 3142 Mariae
1730 3099 1803 3142 cuns
1827 3076 1964 3155 decima,

285 3189 368 3252 sicut
390 3186 629 3252 ecclesiasticus
653 3186 731 3251 ordo
755 3187 920 3272 praecipit,
952 3183 992 3250 de
1017 3183 1161 3250 curtibus
1192 3183 1343 3249 omnibus
1367 3204 1450 3272 quae
1480 3183 1521 3247 κά
1549 3181 1764 3250 Carautanam
1795 3183 1961 3248 ciuitatem

285 3295 467 3381 pertineut3
492 3291 592 3360 idest
615 3291 747 3373 Trabof,
768 3290 976 3373 Granindorf,
1000 3287 1140 3371 Curuus,
1164 3289 1204 3352 ad
1229 3288 1352 3354 Snrelin
1374 3291 1537 3376 operarios
1561 3311 1672 3354 seruos
1695 3288 1776 3354 duos
1798 3290 1832 3354 in
1855 3297 1965 3356 monte

283 3421 357 3465 oum
394 3399 487 3466 hobis
519 3399 655 3481 illorum,
686 3397 727 3462 ad
764 3391 851 3483 ligna
880 3396 1020 3464 secanda
1050 3398 1083 3460 in
1115 3397 1186 3482 ipso
1220 3405 1337 3476 monte,
1369 3398 1439 3460 sine
1466 3393 1718 3461 contradictione
1741 3397 1884 3462 omnium
1908 3395 1963 3460 bo·

285 3509 405 3572 minum
430 3529 503 3570 cum
522 3505 737 3590 saginacione.
755 3505 905 3586 Trebiae,
922 3501 1125 3584 Ostarnuiza‚
1143 3501 1391 3589 Chrapnchfeld‚
1409 3502 1545 3582 Vitrino‚
1561 3501 1704 3584 Frisaob‚
1729 3501 1845 3584 Ocrea,
1862 3501 1964 3568 Gran·

284 3611 391 3699 luppa‚
414 3613 596 3697 Langouni,
620 3610 774 3690 Sublich,1
787 3608 990 3696 Tiufinpach,
1005 3607 1164 3689 Cbatissa,
1182 3607 1313 3688 Pelinna,
1331 3607 1517 3691 Obubennn,
1542 3607 1709 3688 Uodrima‚
1726 3608 1832 3690 Lista,
1848 3609 1964 3674 Lienn·

285 3718 389 3798 nioba,
414 3716 548 3798 Pruoha,
570 3717 724 3798 Mnorina,
744 3717 886 3782 Liubina
912 3715 964 3780 Ad
982 3713 1215 3782 Stranainulam
1233 3715 1296 3780 duo
1314 3717 1392 3798 loca,
1415 3737 1453 3780 ea
1476 3715 1548 3800 lege
1571 3737 1610 3780 ao
1633 3715 1771 3798 racione,
1796 3725 1831 3780 ut
1854 3714 1963 3780 nullus

285 3848 453 3890 successor
486 3835 603 3904 noster,
625 3836 681 3890 aut
700 3824 777 3904 dux,
803 3822 856 3888 vel
878 3845 996 3904 comes,
1022 3821 1074 3886 vel
1101 3823 1265 3909 quaelibet
1283 3833 1433 3908 potestas,
1457 3821 1579 3908 aliquid
1603 3821 1643 3886 de
1668 3821 1840 3907 praedictis
1864 3819 1963 3886 rebus

284 3942 473 4020 potestatem
492 3931 608 3997 habeat
632 3931 830 4013 subtrahere,
855 3930 911 3994 sed
936 3931 1004 3994 iure
1029 3939 1182 4015 perpetuo
1204 3928 1246 3994 ad
1269 3938 1414 3994 sanctum
1438 3928 1579 4003 Petrum,
1612 3938 1823 4014 sanctumque
1854 3925 1962 3992 Roud-

286 4040 409 4105 bertum
433 4038 591 4104 stabiliter
614 4038 737 4124 absque
761 4037 903 4101 omnium
926 4035 1091 4100 bominum
1109 4036 1362 4100 contradictione
1386 4043 1603 4122 permaneant.
1628 4033 1671 4098 Et
1693 4043 1729 4098 ut
1750 4033 1830 4100 baec
1852 4043 1963 4098 aueto-

230 4133 233 4139 ’
286 4149 364 4210 ritas
389 4154 517 4210 nostrae
537 4137 761 4210 renouac'ionis
778 4154 810 4208 et
822 4143 1079 4207 confirmacionis
1097 4143 1219 4206 firmior
1238 4141 1403 4222 habeatnr,
1427 4149 1459 4205 et
1481 4139 1660 4226 perlatura
1684 4149 1828 4226 tempora
1851 4141 1962 4204 verius

284 4253 442 4334 credatur,
467 4251 550 4316 hauc
573 4261 693 4315 cartam
718 4260 849 4336 propter
873 4250 1062 4334 peticionem
1087 4250 1198 4312 matris
1219 4258 1349 4314 nostrae
1379 4247 1529 4314 dominae
1551 4245 1720 4330 Augustae
1743 4244 1962 4333 Theophanes

284 4382 323 4422 ac
346 4357 491 4422 Heinrici
516 4357 697 4422 Bauuariae
734 4354 825 4420 ducis
851 4355 949 4419 nostri
974 4353 1077 4421 fidelis
1110 4355 1207 4419 scribi
1238 4355 1399 4430 iussimus,
1431 4373 1591 4438 manuque
1624 4353 1753 4439 propris
1783 4351 1963 4433 firmantes,

284 4464 370 4528 anuli
397 4467 495 4528 nostri
520 4464 731 4550 impressione
754 4462 976 4548 praecepimus
1000 4463 1157 4544 insigniri.

727 4586 862 4672 Signum
885 4585 994 4650 domni
1018 4583 1146 4650 Ottonis
1168 4585 1363 4650 serenissimi
1388 4583 1495 4670 Regis.

442 4709 650 4776 Hildibaldus
675 4711 844 4794 episcopus
868 4721 900 4774 et
923 4711 1065 4774 notarius
1088 4710 1128 4773 ad
1151 4711 1255 4774 vicero
1281 4707 1435 4794 Willigisi
1459 4708 1707 4796 archicapellani
1733 4710 1851 4774 notaui,
1876 4708 1962 4773 Data

285 4840 385 4882 nonas
402 4817 543 4884 octobris
560 4793 643 4882 aisno
662 4816 844 4882 dominicae
860 4817 1095 4882 incarnacionis
1111 4813 1467 4882 DCOCOLXXVIIII.
1485 4817 1576 4901 regni
1594 4837 1671 4880 vero
1687 4815 1808 4880 domini
1832 4815 1961 4882 Ottonis

283 4923 378 4990 Xlll.
403 4923 521 4989 Actum
545 4923 727 5008 Mogoncie.

443 5075 636 5146 Kleinmayer.
660 5072 792 5130 Juuauis.
816 5079 865 5133 str.
891 5075 965 5130 30³.
989 5073 1008 5131 S
1032 5073 1154 5145 irpravci
1180 5074 1267 5145 polag
1287 5071 1384 5131 listins
1404 5071 1445 5129 br.
1471 5071 1631 5128 LXXXIV.
