4254 5922
335 381 397 446 196

484 568 524 636 V.
549 567 632 636 lllud
649 589 775 656 quoque
798 567 975 636 secuudum
998 567 1244 655 (sanciendum),
1262 569 1289 632 si
1311 567 1383 656 quis
1396 569 1631 656 episcoporum,
1665 566 1924 655 presbiterorum,
1947 567 1999 634 vel

328 677 546 758 diaconorum,
562 676 619 762 qui
642 673 761 740 fuerint
772 683 959 760 praesentes
972 675 1103 756 inuenti,
1117 676 1255 740 seientes
1268 672 1397 740 illicitas
1409 673 1625 740 ordinationes
1638 672 1707 739 lieri
1727 676 1877 740 resistere
1896 672 2000 760 negle-

326 785 443 866 xerint,
458 791 516 848 sut
536 780 696 864 tacendus,
714 779 1023 868 subripiendumque
1045 779 1247 865 crediderint,
1261 782 1323 868 ipsi
1334 803 1469 868 paenam
1486 777 1590 846 malae
1601 779 1811 848 ordinationis
1827 781 1999 846 incurrant

486 885 544 954 Vl.
568 887 741 954 Praeterea
763 889 918 956 canonice
942 887 1163 971 admonemus,
1180 895 1216 954 ut
1239 885 1346 952 nullos
1370 887 1594 974 episcoporum
1615 885 1668 952 vel
1692 888 1856 974 sequentis
1880 885 2001 952 ordinis
2114 935 2115 942 ι

327 1015 539 1084 quaecunque
561 1015 712 1082 persona,
737 991 780 1058 ad
804 994 990 1060 comitatum
1006 991 1241 1082 proficiscendi,
1257 992 1312 1059 vel
1328 993 1472 1060 mutandi
1489 993 1700 1081 provinciam,
1714 994 1778 1060 nisi
1801 991 1915 1058 ordine
1938 993 2001 1056 iam

327 1103 475 1188 superins
499 1099 595 1185 dicto,
619 1122 718 1166 caum
740 1101 844 1166 iustas
866 1100 1053 1168 intentionis
1078 1099 1238 1188 exposita,
1260 1100 1302 1166 ab
1321 1101 1378 1184 sis,
1401 1099 1443 1166 ad
1466 1121 1547 1187 quos
1571 1101 1739 1187 pertinent¹
1764 1097 1884 1164 luerint
1906 1097 2002 1164 liceu-

326 1210 405 1273 tiam
429 1208 612 1274 consecuti:
637 1203 760 1272 Contra
783 1228 861 1274 vero
888 1208 1054 1274 venientes
1078 1207 1201 1273 ordinis
1224 1205 1388 1294 officiique
1411 1208 1460 1273 sui
1478 1229 1512 1273 ss
1535 1208 1739 1274 meminerint
1762 1207 1921 1272 sustinere
1940 1207 2002 1270 iac·
2114 1275 2116 1290 ,

325 1325 440 1382 turam.
457 1312 581 1380 Eodem
598 1335 727 1402 quoque
744 1315 928 1382 monasterii
945 1313 1166 1402 praesidentes
1182 1313 1330 1380 volumus
1348 1315 1417 1380 iure
1430 1313 1616 1400 consmingi‚
1633 1335 1673 1378 ne
1689 1314 1772 1379 sacri
1789 1313 1896 1400 operis
1910 1309 2003 1376 relin-

325 1431 460 1509 quentes
483 1421 623 1486 studium
648 1419 690 1485 ad
711 1419 877 1508 religionis
900 1421 1068 1506 maculam,
1093 1421 1153 1488 sub
1175 1420 1393 1510 ypochrisidis
1417 1421 1565 1486 cursibus
1586 1419 1796 1487 delectentur.

485 1527 558 1595 VII.
583 1527 668 1594 lllud
692 1550 820 1616 quoque
843 1528 941 1594 simili
964 1551 1043 1596 cura
1071 1529 1165 1595 iuxta
1188 1551 1347 1595 canonum
1366 1537 1485 1594 statuta
1508 1549 1684 1611 monemus,
1709 1549 1750 1592 ne
1780 1535 1947 1593 manentes
1969 1527 2002 1590 in

325 1635 438 1702 ordine
461 1633 734 1724 presbyterorum,
759 1655 817 1701 seu
842 1633 1049 1702 diaconorum
1082 1635 1123 1701 ad
1144 1633 1240 1700 aliam
1272 1634 1508 1701 transferantur
1533 1635 1753 1718 ecclesiarum,
1788 1635 1850 1699 nisi
1877 1631 2002 1698 idoneis

325 1741 593 1830 promissionibus
618 1741 760 1807 inuitati.
784 1739 850 1808 Sed
882 1763 943 1808 nee
965 1740 1102 1808 clericus
1126 1742 1282 1830 cuiusque
1302 1740 1425 1808 ordinis
1453 1741 1662 1828 accipiendus
1693 1740 1735 1806 ab
1758 1739 1832 1820 alio,
1852 1741 1915 1804 nisi
1939 1737 2002 1805 sibi

324 1851 409 1914 iusta
429 1847 527 1915 fuerit
549 1846 818 1935 contemplatione
834 1870 1032 1916 concessum.
1061 1847 1195 1916 Relictis
1212 1870 1290 1914 vero
1307 1847 1450 1914 basilicis
1467 1848 1530 1914 sihi
1545 1848 1735 1931 commissis,
1759 1843 1847 1911 nulla
1869 1867 2000 1930 vagare,
2044 1913 2056 1944 Ο

325 1955 382 2020 sed
406 1953 544 2022 liberum
568 1977 603 2020 se
627 1957 733 2020 sciens
754 1977 796 2020 ex
818 1953 880 2022 hac
902 1965 994 2043 parte
1017 1977 1082 2022 non
1105 1953 1168 2022 leui
1191 1953 1313 2021 ultione
1336 1955 1524 2042 constringi.

483 2059 570 2130 Vlll.
595 2059 766 2128 Credimus
782 2064 879 2128 etiam
903 2060 1173 2148 subiungendum,
1191 2085 1232 2128 ne
1248 2060 1394 2127 volentes
1418 2071 1583 2148 praestare
1596 2059 1753 2148 personis,
1776 2081 1834 2147 per
1855 2057 2005 2124 diuersas

324 2165 528 2256 parochiales
551 2165 704 2236 ecclesias
736 2167 954 2258 presbyteros,
978 2168 1182 2256 ultraquam
1205 2189 1339 2234 neceam
1374 2177 1432 2252 est,
1455 2177 1515 2234 aut
1532 2167 1685 2233 diaconos
1716 2165 1921 2246 ordinemus3
1947 2187 2005 2251 per

324 2296 421 2361 quam
443 2297 511 2340 rem
535 2296 599 2340 non
623 2273 795 2342 aemulatio
818 2274 896 2341 boni
920 2278 1036 2364 operis,
1060 2273 1119 2340 sed
1133 2275 1370 2341 dissensionum
1393 2273 1507 2340 volunt
1528 2273 1636 2340 studia
1656 2273 1850 2360 promoueri.

480 2378 538 2447 IX.
563 2379 732 2469 Stipendia
743 2380 963 2449 ecclesiastica
974 2381 1084 2449 debita
1099 2380 1288 2449 clericorum
1311 2381 1500 2470 (alimentis)
1517 2379 1666 2445 omnibus
1689 2388 1943 2462 consumentur-3
1964 2399 2005 2444 ne

321 2484 439 2573 quibus
462 2509 533 2552 esse
556 2485 705 2554 volumus
735 2510 808 2554 cum
838 2491 963 2556 ratione
984 2489 1132 2574 districti,
1156 2488 1335 2555 efficiamus
1363 2488 1526 2554 tenuitatis
1556 2486 1758 2554 confessione
1787 2485 2006 2571 ignominiose

321 2593 464 2660 remissi.

479 2705 516 2767 X.
541 2697 765 2766 Admonentes
799 2703 907 2786 etiam,
939 2725 980 2768 ne
1011 2702 1149 2788 negotiis
1179 2701 1295 2768 alienis
1319 2702 1366 2767 eis
1396 2723 1432 2767 se
1455 2699 1552 2766 liceat
1574 2702 1751 2788 implicare,
1775 2708 1939 2786 qnatenus
1962 2695 2004 2762 ad

320 2803 518 2872 audientiam
542 2828 633 2872 suam
656 2805 815 2872 euocandi
837 2805 978 2874 habeant
993 2810 1298 2896 praesumptionem,
1333 2831 1439 2895 neque
1462 2805 1577 2874 alienis
1593 2805 1721 2872 iudiciis
1741 2815 1866 2892 partem
1889 2803 2003 2870 deien-

321 2910 436 2977 deutes
459 2922 639 2995 occurrant,
670 2911 729 2978 sed
752 2913 973 2982 tantummodo
1000 2913 1169 2982 audientes
1194 2961 1333 2982 .....
1356 2911 1468 2999 litigia,
1492 2914 1662 2980 veritatem
1685 2911 1829 2999 requisiti
1854 2909 2003 2998 prolerre

322 3039 387 3086 non
411 3017 586 3104 negligant.

475 3123 536 3191 xl.
560 3121 701 3191 Usuram
725 3149 866 3216 namque
902 3135 1015 3194 contra
1037 3135 1210 3215 praecepta
1240 3147 1398 3192 canonum
1430 3126 1641 3212 accipientem
1672 3123 1846 3189 cuiuslibet
1875 3123 2002 3188 ordinis

320 3232 352 3297 in
383 3231 470 3297 clero
501 3233 615 3299 merito
649 3233 876 3318 abdicandum,
901 3243 937 3300 ut
959 3233 1080 3300 nullam
1110 3233 1163 3300 vel
1198 3235 1301 3322 ipsius
1324 3243 1487 3298 mutuatae
1509 3233 1665 3319 pecuniae
1681 3229 1875 3318 repetendae
1898 3232 2004 3317 possit

319 3339 437 3406 babere
462 3338 634 3407 licentiam.

475 3445 542 3511 XII
575 3444 673 3512 Nulla
694 3447 790 3514 etiam
823 3446 939 3513 altaria
969 3448 1062 3515 nohis
1095 3447 1191 3514 liceat
1221 3445 1383 3528 dedicare,
1408 3447 1468 3512 nisi
1501 3470 1521 3509 a
1551 3445 1775 3511 fundatoribus
1808 3445 1903 3510 firmo
1933 3447 2003 3510 iure

318 3551 425 3638 dignis
448 3553 568 3618 fuerint
589 3553 698 3619 dotata
721 3553 911 3640 redditibus,
939 3565 975 3622 ιιι
997 3556 1086 3622 nulla
1108 3556 1262 3642 deinceps
1286 3553 1327 3620 de
1350 3552 1517 3640 stipendiis
1533 3549 1732 3635 clericorum,
1750 3551 1804 3617 vel
1819 3573 2002 3638 pauperum

318 3659 449 3746 querela
473 3671 632 3743 nascatur,
657 3683 718 3727 nec
741 3661 836 3729 huius
861 3664 1015 3749 egestatis
1039 3665 1233 3728 necessitate
1255 3660 1453 3726 subiaceant.

473 3765 567 3831 Xlll.
593 3767 799 3833 Poenitentes
822 3771 923 3854 igitur
945 3769 986 3836 de
1021 3769 1170 3835 omnihus
1196 3769 1336 3855 peccatis
1359 3789 1401 3831 ex
1425 3767 1489 3831 lide
1511 3787 1704 3853 quacunque
1728 3765 1790 3848 die,
1812 3775 1911 3852 atque
1935 3787 2003 3831 mo-

318 3882 424 3938 mento
446 3872 545 3939 semel
569 3897 589 3938 a
611 3873 780 3939 sacerdote
803 3873 1038 3942 absoluendum
1072 3877 1252 3958 statuimus,
1275 3875 1302 3938 ei
1326 3872 1369 3938 ad
1392 3873 1569 3940 saecularia
1591 3875 1723 3938 minime
1755 3871 1931 3938 habuerint
1952 3895 2002 3937 rs·

318 4001 458 4045 cursum.
483 3979 552 4044 Nec
573 3979 759 4066 poenitendi
793 3981 888 4047 bonis
920 3981 1071 4069 operibus
1095 3989 1242 4046 vetantes
1263 3980 1416 4059 studium,
1458 3980 1515 4044 sed
1547 3980 1704 4067 peccandi
1724 3977 1915 4045 facultatem
1939 3980 2001 4045 fre·

317 4087 445 4172 quentis
468 4085 681 4151 absolutionis
705 4109 762 4174 spe
785 4088 960 4154 videantur
975 4088 1095 4154 hahere
1115 4109 1312 4154 concessam.
1330 4085 1476 4152 Scientes
1500 4089 1595 4152 etiam
1621 4085 1708 4173 quod
1732 4085 1852 4175 nullum
1879 4089 2000 4152 sacrati

316 4192 440 4256 ordinis
457 4213 566 4256 veram
590 4195 798 4278 penitentiam
824 4195 922 4262 liceat
953 4196 1110 4282 accipere,
1135 4217 1231 4282 quem
1257 4197 1289 4258 in
1313 4217 1404 4260 sacro
1429 4194 1541 4260 ordine
1572 4195 1781 4260 constitutum
1813 4195 2000 4281 iugiterque

315 4298 431 4362 addai
457 4300 602 4363 timorem
628 4302 787 4385 pertineat
817 4304 972 4368 conuenit
1002 4323 1164 4368 exercere
1189 4300 1258 4366 Nec
1288 4309 1395 4366 tamen
1426 4322 1565 4382 mouere,
1601 4301 1688 4387 quod
1720 4299 1835 4366 iisdem
1875 4303 1999 4382 sacrati

314 4405 437 4470 ordinis
460 4405 540 4468 viris
565 4427 753 4492 processum
776 4417 828 4472 est
850 4407 1082 4474 afflictionibus
1113 4408 1317 4498 deputantur,
1340 4407 1393 4474 vel
1416 4407 1608 4494 quibusdam
1632 4430 1692 4494 per
1722 4421 1862 4474 meones
1896 4419 1999 4492 certa,

315 4522 347 4575 et
368 4511 504 4595 grandia
526 4513 743 4598 poenitentiae
764 4525 914 4603 tempora
938 4537 1101 4599 concessa,
1132 4517 1209 4602 quia
1231 4537 1294 4581 non
1311 4517 1359 4580 eis
1383 4537 1440 4602 per
1460 4515 1566 4602 spatia
1585 4525 1766 4602 temporum
1791 4518 1917 4602 gratiae
1940 4539 1999 4582 vo·

315 4617 472 4682 luntariae
495 4619 687 4685 attribuetur
705 4624 935 4707 poenitentiae,
952 4625 980 4688 si
1003 4622 1152 4710 publicus
1173 4621 1325 4687 indicitur
1346 4631 1454 4688 reatus
1477 4621 1675 4687 excessibus.

470 4723 561 4791 XIV.
584 4725 676 4792 Haeo
700 4749 783 4814 quae
806 4752 911 4817 nuper
947 4727 1072 4796 salubri
1095 4729 1297 4796 ordinatione
1318 4727 1490 4794 statuenda
1499 4699 1733 4813 oredimus,
1723 4752 1788 4795 rmo
1813 4734 1921 4818 potius
1946 4755 1998 4798 oa·

314 4853 434 4894 nonum
460 4835 650 4899 constitutos
673 4833 715 4898 ud
739 4839 929 4902 memoriam
953 4837 1164 4920 reuocandos,
1181 4837 1335 4902 sanctitas
1357 4843 1474 4916 vestra,
1499 4837 1527 4899 si
1551 4855 1609 4921 pro
1632 4839 1812 4902 communis
1835 4837 1997 4904 ecclesiae

311 4936 449 5002 utilitate
473 4937 535 5002 sihi
558 4938 688 5026 placere
711 4963 777 5006 non
800 4941 939 5026 dubitat,
964 4945 1094 5030 propria
1117 4942 1354 5030 subscriptione
1377 4942 1554 5010 confirmet.
1591 4962 1594 4970 ’

467 5043 632 5112 Honorius
648 5045 914 5136 archiepiscopus
934 5059 1066 5116 sanotae
1081 5049 1240 5116 ecclesias
1255 5047 1456 5117 salonitanae
1477 5047 1539 5116 hoc
1561 5051 1771 5118 constitutum
1787 5057 1996 5120 consentiens

310 5149 500 5238 subscripsi.
526 5149 769 5250 Condemnans,
796 5157 851 5242 qui
876 5169 990 5220 contra
1012 5177 1165 5244 umquam
1182 5159 1293 5226 venire
1315 5155 1529 5244 temptauerit.

466 5257 616 5324 Andreas
640 5261 815 5346 episcopus
839 5262 1019 5328 iedertinae
1043 5265 1201 5330 ecclesias
1223 5261 1399 5350 subscripsi
1422 5273 1457 5330 ut
1479 5285 1587 5352 supra.

463 5362 609 5452 Tieynus
633 5367 807 5454 episcopus
831 5367 992 5434 ecclesiae
1015 5371 1163 5436 arbensis
1186 5369 1363 5457 subscripsi
1386 5377 1550 5456 utsupra.
