4350 5932
641 665 882 760 LXXXIV.
920 667 1013 750 aab.
1042 667 1109 752 20.
1136 667 1331 750 studens.
1359 667 1396 750 U
1424 669 1657 754 Matullovi.

307 881 443 954 Arnalso
466 878 548 960 tralj
562 881 718 960 rriematla,
742 882 849 954 dorcic
881 882 964 940 artai
996 880 1221 956 sotnoorartstoj
1254 881 1344 954 ajalon
1359 881 1521 954 ponoasta
1544 884 1650 942 miesta
1673 901 1711 945 aa
1742 883 1848 956 Maru,
1885 881 1997 944 Drnvu

1094 988 1105 1046 i
1130 987 1228 1046 Baba.

465 1144 503 1208 In
534 1145 664 1208 nomine
688 1151 821 1207 sanctae
847 1152 879 1207 et
904 1141 1090 1207 indiuiduas
1120 1141 1284 1206 trinitatis.
1321 1141 1471 1208 Arnolfus
1503 1143 1615 1208 diuina
1642 1144 1771 1211 fauente
1795 1147 1901 1232 gratia
1921 1167 1991 1216 rex.

307 1249 444 1338 Oportet
458 1252 557 1334 igitur
572 1272 640 1330 nos,
658 1250 713 1334 qui
730 1248 839 1313 diuino
854 1271 966 1312 sumus
986 1269 1119 1311 munere
1135 1247 1372 1334 quodammodo
1388 1271 1466 1335 prae
1480 1251 1595 1314 ceteris
1612 1250 1801 1316 mortalibus
1818 1251 1994 1332 sublimati,

308 1359 378 1422 eius
403 1359 436 1420 in
459 1355 610 1420 omnibns
633 1365 747 1441 parcre
771 1355 964 1440 praeceptis,
988 1355 1079 1418 cuius
1096 1353 1274 1418 clemencia
1297 1353 1434 1440 praelati
1453 1377 1573 1437 sumus,
1591 1367 1688 1442 atque
1712 1359 1804 1422 cuius
1828 1357 1995 1445 praecelli·

307 1485 379 1528 mus
403 1485 553 1544 munere3
577 1460 649 1524 loca
671 1461 784 1546 utique
812 1461 873 1523 sibi
895 1459 1002 1532 dicata
1026 1482 1083 1546 per
1119 1460 1296 1544 peticiones
1325 1459 1469 1524 fidelium
1502 1471 1686 1526 nostrorum
1716 1473 1826 1528 nostro
1856 1463 1997 1528 releuari

304 1570 478 1648 innomine,
503 1579 599 1654 atque
624 1565 726 1646 regali
752 1569 919 1647 tutamine,
951 1567 1104 1652 quoniam
1128 1564 1189 1629 hoc
1211 1564 1306 1630 nobis
1331 1567 1427 1630 etad
1452 1566 1618 1632 mortalem
1651 1570 1751 1633 vitam
1775 1569 1999 1656 temporaliter

305 1674 558 1760 transigendam,
582 1683 614 1738 et
637 1673 678 1740 ad
710 1681 851 1738 eternam
887 1671 1024 1738 feliciter
1054 1671 1272 1752 obtinendam,
1309 1671 1510 1758 profuturum
1545 1673 1669 1760 liquide
1701 1675 1873 1751 credimus.
1908 1673 1995 1754 Qua·

306 1791 438 1870 propter
471 1779 648 1865 comperiat
679 1781 822 1843 omnium
854 1788 1037 1842 nostrorum
1069 1777 1223 1860 fidelium,
1256 1779 1488 1864 praesenciam
1519 1778 1642 1844 scilicet
1673 1789 1706 1844 et
1736 1779 1917 1846 futurorum
1946 1804 1997 1864 soff

304 1887 413 1970 lercia,
437 1885 575 1973 qualiter
596 1883 728 1971 quidam
752 1881 948 1950 venerahilis
972 1881 1235 1968 archiepiscopus
1251 1893 1360 1950 noster
1390 1883 1588 1966 Diotmarus,
1613 1887 1748 1950 veniens
1771 1889 1803 1950 in
1820 1909 1992 1972 procerum

304 2005 487 2060 nostrorum
503 1991 733 2078 praesenciam,
750 1987 925 2074 postulauit
948 1989 1152 2052 serenitatem
1166 1999 1317 2062 nostram,
1340 1998 1374 2054 ut
1386 1989 1428 2054 ob
1452 1989 1610 2056 mercedis
1627 2001 1756 2056 nostrae
1773 2005 1994 2080 augmentum,

302 2099 459 2188 quasdam
490 2119 542 2162 res
573 2096 779 2184 proprietatis
802 2103 940 2176 uestrae,
958 2093 999 2158 ad
1024 2103 1166 2158 sanctam
1191 2092 1361 2168 ecelesiam
1391 2096 1621 2178 iuuauiensem,
1639 2107 1787 2182 quaeest
1806 2108 1993 2188 constructa¹

300 2209 338 2280 in
360 2206 482 2270 honore
502 2203 605 2267 sancti
628 2201 725 2284 Petri,
750 2210 782 2264 et
805 2201 908 2264 sancti
930 2199 1086 2264 Rodberti
1113 2199 1307 2264 confessoris
1333 2199 1463 2282 Christi,
1489 2202 1543 2266 ubi
1569 2203 1780 2288 corporaliter
1804 2205 1988 2290 repuisscit,

304 2323 336 2378 et
351 2315 421 2399 ipse
437 2307 601 2396 predictus
613 2303 809 2372 venerabilis
822 2305 1083 2392 archiepiscopus
1101 2315 1236 2392 praeest,
1250 2307 1282 2368 in
1300 2309 1462 2392 proprium
1484 2308 1554 2372 iure
1567 2320 1720 2394 perpetuo
1738 2309 1994 2394 permanendum

302 2415 571 2484 concedissemus.
592 2410 694 2477 (iuius
710 2413 862 2499 peticioni
878 2411 920 2476 ob
935 2434 1078 2476 amorem
1095 2411 1215 2476 domini
1240 2415 1340 2476 nostri
1370 2412 1468 2477 lhesu
1491 2411 1621 2498 Christi,
1654 2437 1711 2479 seu
1743 2413 1784 2478 ob
1815 2415 1995 2482 remedium

303 2527 483 2590 animarum
507 2529 747 2585 antecessorum
772 2528 965 2601 nostrorum,
989 2539 1027 2582 ac
1044 2517 1158 2582 beatae
1175 2519 1349 2582 memoriae
1366 2519 1474 2582 domni
1492 2542 1530 2583 ac
1547 2521 1702 2604 genitoris
1722 2523 1832 2604 nostri,
1850 2533 1993 2586 nostrae-

304 2653 366 2718 que
390 2625 549 2692 mercedis
572 2633 792 2708 augmentum,
816 2622 929 2687 libenti
954 2624 1061 2687 animo
1085 2647 1253 2689 assensum
1278 2625 1479 2710 praebentes,
1497 2625 1699 2691 decreuimus
1723 2629 1768 2692 ita
1802 2631 1882 2695 fieri.
1914 2627 1996 2692 Tra·

306 2737 412 2802 dimus
436 2736 545 2818 itaque
569 2740 666 2816 atque
690 2730 855 2793 firmamus
880 2728 921 2792 ad
945 2729 1147 2815 praedictum
1167 2733 1397 2796 monasterium
1416 2735 1519 2796 sancti
1548 2732 1635 2797 Petri
1653 2743 1685 2798 et
1701 2736 1804 2799 sancti
1826 2733 1993 2815 Rodberti,

304 2843 452 2930 primitus
474 2835 640 2901 castellum
666 2845 794 2899 sanctae
818 2833 1011 2917 Erndrudis,
1031 2857 1103 2899 cum
1121 2836 1272 2901 omnibus
1290 2839 1372 2900 iuste
1389 2849 1486 2923 atque
1503 2836 1650 2922 legaliter
1666 2839 1707 2902 ad
1724 2839 1862 2904 eundem
1880 2841 1993 2904 castel·

302 2950 370 3014 lum
392 2943 639 3034 pertinentibus,
663 2963 736 3006 cum
760 2941 1002 3018 venacionibus,
1028 2940 1182 3023 curtibus,
1219 2943 1466 3024 piscacionibus.
1500 2941 1537 3007 Id
1562 2955 1611 3007 est
1641 2943 1682 3008 ab
1717 2944 1857 3010 ecclesia
1887 2947 1991 3010 sancti

302 3053 444 3135 Martini,
469 3073 551 3137 quae
582 3049 714 3130 respicit
737 3057 849 3112 contra
873 3045 1092 3130 monticulum,
1128 3048 1182 3132 qui
1205 3045 1303 3130 vulgo
1335 3045 1511 3112 Nochstein
1543 3059 1755 3135 nuncupatur,
1791 3071 1919 3114 sursum
1945 3071 1987 3115 cx

301 3168 439 3244 utraque
463 3165 554 3244 parte
578 3153 721 3218 fluminis
737 3151 852 3216 Luaris
876 3153 1049 3233 nominato,
1076 3175 1176 3238 usque
1199 3153 1232 3216 in
1252 3151 1391 3216 riuolum
1416 3151 1687 3240 Quartinespach,
1712 3165 1744 3219 et
1767 3153 1984 3238 Retiliusteiu,

302 3276 334 3332 et
356 3265 511 3328 maiorem
533 3255 748 3348 Meddicham,
772 3257 971 3344 fluuiumque
996 3256 1239 3342 Unitigobbam,
1257 3269 1289 3321 et
1311 3279 1414 3342 usque
1436 3257 1478 3322 ad
1501 3281 1614 3344 rupem
1636 3259 1921 3345 Uuibbnebogala.
1939 3261 1995 3325 In·

304 3394 401 3460 super
425 3368 583 3434 tradimus
608 3377 703 3453 atque
727 3365 895 3429 firmamus
920 3374 1030 3427 sancto
1063 3362 1287 3427 Maximiliano
1313 3363 1354 3426 ad
1378 3363 1485 3428 Luare
1508 3364 1618 3446 dunin,
1636 3385 1738 3451 usque
1762 3366 1838 3429 dum
1863 3365 1998 3432 Duntha

301 3481 335 3544 in
359 3475 539 3563 aquilonari
572 3480 664 3558 parte
688 3469 758 3534 fluit
778 3472 810 3534 in
852 3469 1052 3556 preadictum
1075 3467 1205 3554 fiumen,
1237 3479 1334 3556 atque
1374 3470 1498 3534 riuulus
1523 3469 1679 3552 (iresterna,
1719 3473 1851 3537 australi
1891 3487 1995 3561 parte.

300 3585 437 3670 Insuper
461 3581 557 3646 etiam
580 3575 812 3641 firmamusad
837 3574 1015 3662 praefatum
1041 3577 1269 3641 monasterium
1294 3579 1503 3641 iuuauensem
1533 3577 1694 3661 forestem,
1720 3603 1739 3642 a
1770 3581 1909 3644 termine
1941 3581 1997 3667 qni

299 3693 334 3756 in
356 3689 509 3753 Pisoncia
531 3685 655 3770 incipit,
679 3681 740 3746 hoc
765 3685 815 3746 est
837 3681 877 3746 de
901 3680 1004 3746 riuulo
1020 3679 1187 3768 Erilipach
1210 3705 1312 3768 usque
1343 3682 1385 3746 ad
1414 3693 1544 3746 acutum
1578 3695 1730 3766 montem,
1762 3686 1817 3770 qui
1852 3683 1992 3750 diutisce

300 3791 544 3880 Uuassinpercb
567 3791 694 3872 dicitur,
720 3811 819 3876 prope
841 3786 989 3874 iscelam,
1013 3787 1046 3850 in
1070 3785 1125 3850 illo
1150 3785 1229 3869 loco,
1259 3787 1314 3852 ubi
1338 3789 1493 3852 terminus
1517 3787 1645 3852 forestis
1678 3787 1838 3874 Rapctoni
1869 3791 1997 3854 comitis

301 3926 336 3970 se
359 3901 402 3966 ab
425 3903 486 3964 isto
511 3897 675 3980 disiungit.
696 3893 740 3959 Et
763 3895 796 3958 iu
820 3892 999 3980 aquilonari
1024 3903 1113 3978 parte
1138 3893 1178 3957 de
1199 3894 1304 3958 riuulo
1334 3893 1568 3980 'Pinnilinpach
1592 3917 1695 3980 usque
1712 3896 1753 3958 ad
1773 3897 1993 3960 summitatem

302 4010 420 4074 montis
445 4004 625 4071 Ciruancus
652 4003 816 4082 nominati,
835 4011 866 4065 et
891 4023 962 4064 cum
985 4001 1048 4063 iam
1081 3998 1167 4063 dicto
1192 4009 1298 4063 moute
1322 3997 1565 4086 Uuassinpercb
1597 4023 1703 4086 usque,
1732 4000 1773 4065 ad
1803 3999 1990 4086 praefatum

301 4111 512 4180 monticulum
536 4107 723 4190 Nochstein,
755 4105 810 4170 illa
844 4117 997 4170 montana
1031 4107 1148 4187 omnia,
1174 4107 1313 4190 quaein
1346 4115 1503 4191 potestate
1534 4116 1773 4172 antecessorum
1806 4118 1991 4175 nostrerum

300 4222 440 4302 fuerunt,
464 4228 497 4283 et
519 4223 639 4296 nostra,
663 4213 705 4278 ad
728 4221 790 4277 iam
815 4211 937 4276 dictum
952 4213 1180 4276 monasterium
1197 4211 1373 4276 firmamus.
1396 4209 1527 4276 Ourtem
1553 4235 1681 4300 quoque
1698 4214 1740 4278 ad
1761 4213 1991 4296 Piscofesdorf,

302 4351 375 4392 cum
399 4322 549 4390 omnibus
573 4319 722 4385 instead
747 4317 881 4384 eandem
907 4327 1029 4383 curtem
1053 4317 1316 4403 pertinentibus,
1331 4326 1427 4404 atque
1452 4319 1665 4404 piscationem
1690 4319 1723 4383 in
1746 4318 1820 4384 lacu
1851 4319 1993 4384 Atarseo

300 4434 453 4514 vocitato,
487 4431 556 4494 sine
588 4425 724 4491 alicuius
754 4423 895 4490 hominis
930 4423 1194 4506 contradictione,
1230 4421 1303 4488 illos
1341 4423 1503 4510 quondam
1536 4425 1718 4510 praedictos
1749 4425 1816 4489 Xll
1847 4428 1992 4512 priuatos
2038 4453 2045 4466 ·

301 4547 435 4617 tractus,
467 4535 550 4598 sicut
579 4531 782 4598 dominicalis
812 4541 899 4596 terra
928 4553 962 4595 se
993 4529 1035 4594 ad
1058 4530 1274 4616 sPoumgartin
1306 4531 1376 4615 ipso
1407 4530 1480 4595 lacu
1513 4531 1676 4618 adiungit,
1707 4533 1776 4596 sine
1807 4531 1872 4598 alia
1908 4541 1994 4598 com·

298 4623 596 4730 munipiscacione
628 4641 661 4704 in
692 4641 840 4722 Atarseo,
873 4637 915 4702 ad
947 4635 1090 4702 Atarhot'
1108 4637 1290 4723 pertinenti,
1315 4637 1355 4700 de
1379 4646 1536 4722 potestate
1562 4648 1672 4702 nostra
1694 4637 1993 4722 firmamu53etiam

298 4754 378 4816 istas
414 4757 522 4812 curtes
544 4748 578 4809 in
616 4745 799 4832 proprium,
833 4765 917 4830 quae
952 4751 1046 4807 antea
1077 4741 1157 4807 inibi
1197 4741 1391 4807 beneficium
1424 4741 1568 4824 suerunt,
1604 4743 1673 4807 siue
1707 4765 1749 4807 ex
1782 4755 1873 4829 parte
1905 4755 1992 4809 ante-

298 4877 463 4924 cessorum
488 4849 745 4916 nostrorum-vel
764 4859 883 4930 nostra,
918 4850 987 4912 siue
1011 4871 1054 4913 ex
1080 4848 1212 4913 alterius
1241 4848 1413 4913 cuiuslibet
1446 4857 1535 4934 parte
1569 4848 1613 4914 ibi
1647 4859 1742 4914 autea
1765 4849 1993 4916 inbeneficiare

299 4963 446 5031 fuissent.
472 4957 619 5038 Quarum
642 4956 723 5022 haec
746 4967 821 5020 suut
843 4955 996 5020 nomina:
1016 4954 1058 5018 ad
1081 4953 1283 5021 Scafarafeld
1306 4963 1428 5019 curtem
1453 4964 1484 5018 et
1512 4953 1685 5018 ecclesiam
1709 4975 1782 5019 cum
1808 4955 1944 5037 decima,
1961 4965 1993 5022 et

299 5069 385 5134 sicut
406 5064 462 5130 ille
485 5065 642 5128 terminus
665 5065 698 5127 in
723 5059 855 5127 australi
879 5071 970 5148 parte
986 5063 1107 5146 incipit,
1126 5063 1181 5148 qui
1206 5060 1384 5146 Vvagreini
1410 5059 1536 5143 dicitur,
1553 5059 1638 5125 ultra
1661 5059 1780 5147 Ipsam,
1808 5073 1840 5127 et
1856 5064 1888 5126 iu
1905 5065 1988 5128 occi·

301 5172 423 5241 dentali
447 5191 550 5256 usque
574 5169 650 5234 dum
677 5167 813 5244 ducitur,
837 5167 891 5232 ubi
915 5166 1018 5232 Urala
1040 5189 1074 5232 se
1098 5167 1230 5232 dimittit
1260 5169 1294 5232 iu
1317 5166 1497 5254 praefatum
1532 5189 1671 5233 amnem.
1703 5167 1748 5231 Et
1781 5167 1937 5255 quicquid
1959 5171 1992 5235 in

296 5275 467 5365 origentali
490 5285 581 5362 parte
615 5275 679 5339 iam
712 5273 790 5338 dicti
824 5271 966 5338 fluminis
989 5271 1110 5338 habere
1143 5271 1302 5356 videmur,
1324 5295 1381 5358 per
1404 5283 1506 5339 totum
1530 5273 1689 5338 tradimus
1720 5273 1762 5338 ad
1786 5273 1988 5362 praedictum

297 5383 537 5465 monasterium,
567 5382 714 5469 exceptis
733 5377 860 5446 duobus
884 5377 1110 5468 piscatoribus,
1134 5400 1207 5444 cum
1238 5401 1348 5446 eorum
1377 5379 1506 5446 ruribus
1534 5380 1567 5443 in
1598 5377 1780 5466 aquilonari
1811 5379 1989 5468 pertarid
