4310 5918
1796 447 1859 516 115

173 635 464 702 animaduersionis
496 636 644 724 pauenda
675 639 849 722 seueritas,
880 637 955 706 dum
999 639 1159 726 preceptis
1183 637 1437 704 sacerdotalibus
1455 661 1489 704 se
1521 662 1584 704 non
1616 638 1777 722 humiliat,
1811 642 1866 726 qui

176 743 316 827 vigilare
347 743 408 806 sibi
432 742 473 808 ad
508 741 644 808 salutem
680 742 797 826 noluit,
832 745 864 808 in
898 744 1045 810 cubiculo
1078 743 1287 808 dormientem
1318 753 1448 830 repente
1474 744 1513 808 16
1542 743 1714 810 celestibus
1742 747 1866 810 irruens

175 845 284 933 fulgor
319 849 469 912 extinxit.
501 847 556 912 Sic
586 847 686 932 diuini
719 847 838 912 furoris
873 861 1026 936 expertus
1060 859 1108 914 est
1139 849 1303 914 moriendo
1337 851 1539 932 sententiam,
1565 851 1618 936 661
1644 850 1769 914 vulneri
1796 873 1863 931 suo,

176 951 253 1016 dum
286 954 421 1034 viueret,
451 953 606 1018 adhibere
638 963 875 1040 contempserat
908 956 1110 1020 medicinam.
1144 955 1214 1020 Hoc
1245 963 1351 1020 autem
1387 956 1538 1036 diximus,
1568 965 1602 1019 nt
1633 970 1737 1042 qnam
1754 965 1864 1020 666616

176 1059 377 1122 auctoritatis
398 1060 448 1122 vir
472 1057 525 1122 ille
548 1058 653 1138 luerit,
679 1061 732 1145 661
756 1062 977 1147 episcopatum
1002 1062 1153 1142 deseruit,
1178 1062 1460 1154 monstrauimus..

333 1187 479 1259 Illirycum
502 1206 621 1244 sacrum.
646 1189 680 1244 T.
704 1189 739 1244 V.
763 1195 812 1244 str.
839 1189 914 1244 189.

733 1457 929 1539 CXXXI.
958 1457 1074 1542 1056.
1104 1457 1139 1542 U
1168 1459 1322 1542 16166.

329 1643 510 1704 8661661666
533 1662 575 1706 so.
601 1647 760 1707 Krteoaaa
779 1665 800 1706 6
824 1647 1396 1722 Ζαᾱν616611616661(6166661166
1420 1647 1496 1708 (1616
1520 1639 1558 1706 od
1580 1649 1713 1721 ribarije.

338 1797 433 1864 Anno
458 1799 498 1863 ab
522 1801 741 1866 incarnatione
766 1801 886 1866 domini
905 1801 1011 1866 nostri
1034 1799 1136 1865 Jhesu
1167 1797 1296 1864 Christi.
1330 1798 1486 1864 MXLVl.
1519 1801 1658 1887 (MLVI)
1691 1802 1865 1868 indictione
1961 1751 1963 1758 v

178 1923 273 1986 nona,
291 1915 447 1988 regnante
470 1904 601 1970 domina
624 1906 795 1972 Theodora
818 1908 1030 1992 imperatrice,
1050 1915 1081 1970 61
1097 1905 1250 1970 cathedra
1274 1904 1410 1970 ecclesie
1428 1907 1567 1970 ciuitatis
1590 1907 1710 1971 Jadere
1734 1918 1865 1991 regente

179 2005 311 2070 domino
336 2007 468 2073 Andrea
491 2013 653 2097 66166666,
676 2011 735 2076 sub
757 2023 900 2098 ternpore
922 2010 1058 2076 Gorbiui
1077 2013 1193 2097 prioris
1210 2021 1242 2076 et
1258 2009 1378 2074 domini
1398 2009 1469 2074 Gisi
1485 2011 1621 2076 abbatis.
1646 2014 1793 2077 Facimus
1818 2035 1866 2076 re-

179 2111 400 2178 cordationem
425 2126 521 2200 atque
545 2119 881 2182 commemorationem
909 2139 967 2180 666
992 2139 1103 2180 omnes
1128 2115 1284 2198 monachi,
1318 2139 1391 2180 cum
1413 2117 1540 2180 ciuibus
1567 2117 1800 2200 iaderensibus,
1823 2117 1863 2182 de
1969 2125 1975 2140 '

180 2217 393 2303 portiuncula,
417 2241 512 2305 quam
539 2243 651 2284 ornnes
675 2224 850 2307 cripatores
874 2220 1133 2286 huius-ciuitatis
1158 2222 1316 2286 dederunt
1339 2244 1396 2307 pro
1419 2221 1521 2288 661616
1546 2223 1651 2286 anime
1676 2245 1732 2287 sue
1756 2225 1789 2286 in
1813 2245 1863 2288 ee·

179 2321 279 2386 616616
302 2322 388 2387 beati
413 2323 584 2408 Criscgoni
609 2329 758 2408 martiris,
796 2350 891 2392 uuam
915 2326 1011 2391 talem
1037 2337 1170 2414 partem,
1200 2326 1327 2413 qualem
1360 2329 1581 2412 unusquisque
1611 2320 1752 2406 haberet,
1777 2337 1811 2391 ut
1835 2329 1862 2392 si

180 2429 251 2513 quis
265 2438 378 2493 contra
393 2429 453 2494 hec
470 2429 620 2517 superbia
640 2432 791 2512 tumidus,
809 2442 980 2520 erectaque
997 2435 1123 2498 ceruice
1138 2431 1275 2497 noluerit
1292 2431 1368 2496 dare
1383 2431 1599 2518 supradictam
1617 2431 1863 2518 portiunculam,
1941 2467 1944 2474 ·

180 2534 259 2596 iram
285 2533 336 2597 dei
360 2545 392 2598 et
414 2535 668 2602 eeclesiasticam
693 2560 861 2602 censuram
883 2561 917 2602 se
939 2541 1066 2603 nouerit
1090 2540 1266 2604 incurrere.
1293 2538 1357 2602 Nos
1382 2536 1442 2600 hec
1467 2537 1672 2602 recordamur
1697 2548 1729 2602 et
1752 2537 1863 2601 testifi-

181 2660 301 2720 camus,
323 2641 986 2728 66166666161166116616166(1616666666
1010 2643 1187 2708 auxiliante
1219 2645 1278 2708 deo
1307 2643 1492 2708 reconditus
1521 2653 1569 2707 661
1596 2665 1615 2706 6
1643 2643 1745 2724 nohis,
1769 2651 1865 2728 atque

180 2741 341 2808 661666166
366 2747 397 2808 16
417 2746 591 2831 'sarcofago
615 2771 707 2826 6666,
734 2749 938 2834 supradictus
963 2749 1111 2814 Andreas
1133 2747 1313 2834 'episcopus
1344 2749 1421 2813 fecit
1434 2749 1662 2812 emunitionem
1679 2759 1775 2833 atque
1792 2771 1857 2812 ser·

77 2843 83 2862 ⁸
178 2872 304 2913 monem
323 2852 353 2913 in
381 2851 485 2936 plebe,
503 2863 537 2916 ut
558 2855 673 2938 siquis
697 2853 826 2942 aliquod
847 2855 1039 2918 beneficium
1063 2853 1103 2918 61
1126 2853 1372 2940 promerendum
1389 2854 1495 2917 anime
1512 2875 1568 2916 sue
1585 2852 1764 2918 remedium
1788 2852 1865 2918 dare

180 2953 234 3017 tali
256 2964 393 3040 patrono
418 2966 449 3020 et
473 2959 677 3022 intercessori
702 2981 758 3042 pro
776 2953 869 3022 nohis
887 2960 927 3022 ad
960 2960 1057 3024 deum
1075 2959 1223 3034 voluerit,
1248 2961 1358 3044 611666
1382 2981 1453 3024 cum
1476 2981 1594 3044 magna
1618 2959 1751 3023 caritate
1770 2966 1866 3044 61666

180 3059 276 3124 alacri
301 3061 398 3125 corde
432 3062 566 3128 deberet
600 3063 724 3127 offerre.
749 3064 835 3144 Quia
858 3047 936 3128 satis
964 3063 1178 3152 vituperabile
1203 3087 1273 3128 esse
1298 3065 1435 3146 videtur,
1460 3063 1514 3128 ille
1535 3063 1672 3145 dicebat,
1696 3073 1730 3128 61
1755 3063 1863 3128 indie

180 3174 265 3228 16616
290 3165 484 3249 festiuitatis,
509 3189 630 3254 sueque
647 3171 908 3250 consecrationis,
926 3193 968 3234 ex
985 3167 1055 3252 hoc,
1079 3169 1165 3256 quod
1191 3169 1283 3234 nobis
1308 3169 1456 3234 dominus
1471 3169 1614 3250 contulit,
1639 3169 1860 3234 munusculum

179 3268 309 3356 aliquod
333 3294 396 3334 non
421 3273 580 3350 daremus,
606 3275 682 3362 quia
709 3274 863 3362 quicquid
881 3296 937 3360 pro
953 3297 1061 3339 amore
1079 3283 1183 3338 66661
1205 3283 1317 3338 sancta
1341 3275 1409 3338 eius
1433 3273 1617 3356 festiuitate,
1642 3297 1740 3360 quam
1764 3273 1859 3339 modo

180 3397 237 3439 nos
261 3377 292 3438 in
317 3380 412 3440 terris
436 3397 638 3460 veneramus,
661 3381 689 3442 ei
715 3379 896 3461 contulerit,
919 3381 999 3444 sciat
1024 3401 1080 3461 pro
1112 3388 1210 3457 certo,
1235 3381 1311 3464 quia
1336 3401 1485 3464 magnam
1508 3379 1752 3444 retributionem
1777 3377 1864 3465 apud

181 3481 299 3544 iustum
326 3481 464 3546 indicem
499 3483 694 3569 promerebit
716 3487 747 3548 in
773 3485 824 3548 die
848 3483 960 3548 iudicii
990 3507 1063 3548 cum
1087 3486 1207 3548 sanctis
1232 3495 1263 3548 et
1286 3483 1397 3560 electis
1421 3487 1487 3548 6616
1512 3485 1546 3548 16
1576 3507 1676 3568 regno
1708 3483 1860 3549 celorum.

180 3584 327 3672 Cumque
360 3611 466 3652 coram
499 3593 583 3652 omni
609 3589 725 3676 populo
758 3590 817 3654 hec
847 3592 1000 3655 amonitio
1031 3589 1156 3676 prolata
1185 3599 1278 3672 esset,
1315 3591 1486 3674 episcopus
1510 3589 1679 3653 subiunxit
1703 3597 1734 3653 et
1758 3589 1859 3653 dixit:

180 3693 300 3758 Audite
323 3693 439 3758 fratres
463 3703 495 3758 61
528 3695 594 3776 filii,
628 3699 735 3760 omnia
766 3697 961 3760 monasteria
994 3693 1238 3772 lihera'debent
1261 3693 1381 3758 habere
1406 3695 1476 3757 iura
1512 3713 1579 3772 sue,
1604 3703 1636 3758 et
1657 3693 1718 3757 suh
1742 3693 1860 3758 nullius

181 3800 322 3864 dominio
347 3799 399 3864 vel
423 3799 623 3864 subiectione
646 3810 742 3887 61666
778 3803 986 3888 oppressione
1007 3800 1163 3864 malorum
1187 3798 1352 3864 hominum
1375 3798 1470 3862 debet
1494 3797 1655 3864 dimittere
1680 3799 1858 3884 episcopus,

181 3905 232 3990 qui
268 3915 393 3991 preest,
417 3905 478 3968 nisi
511 3907 738 3991 omnipotentis
774 3907 826 3970 dei
861 3907 991 3972 seruitio
1023 3916 1054 3972 61
1086 3906 1170 3970 beati
1204 3905 1372 3970 Benedicti
1411 3903 1531 3990 regula.
1571 3902 1717 3989 Cumque
1750 3905 1862 3968 intenti

180 4021 288 4075 essent
310 4033 423 4076 omnes
445 4010 486 4075 ad
509 4010 603 4076 huius
627 4013 832 4076 amonitiouis
855 4010 975 4076 verba:
993 4014 1164 4099 episcopus
1182 4013 1297 4076 iterum
1320 4009 1420 4074 dixit:
1438 4009 1541 4074 omnis
1568 4045 1607 4056 —
1633 4045 1672 4056 -
1696 4009 1857 4074 a'maiore

181 4116 343 4201 usquead
369 4118 523 4180 minorem
556 4118 654 4198 scitis,
686 4118 763 4202 6616
793 4125 926 4181 6666166
951 4115 1150 4202 Orisogonus
1182 4116 1272 4180 abuit
1301 4119 1398 4180 unum
1430 4114 1623 4179 beneficium
1648 4113 1689 4178 ab
1713 4123 1858 4179 anteces-

180 4223 306 4286 soribus
330 4223 450 4286 nostris
473 4223 506 4285 iu
530 4221 592 4286 1616
615 4221 755 4302 61611616,
773 4221 805 4284 11
823 4231 879 4304 661,
896 4231 931 4286 61
947 4241 1058 4288 onmes
1076 4223 1252 4309 cripatores
1276 4243 1368 4284 unam
1386 4221 1507 4306 piscem
1531 4219 1645 4284 darent
1667 4222 1706 4302 61,
1731 4218 1858 4304 qualem

180 4325 336 4392 haherent
358 4329 581 4414 unusquisque
597 4349 718 4408 eorum,
742 4329 797 4413 qui
817 4309 988 4413 piscarent.
1014 4329 1149 4413 Propter
1171 4325 1257 4413 quod
1282 4347 1342 4409 ego
1364 4345 1419 4408 pro
1442 4347 1551 4388 amore
1576 4325 1670 4390 huius
1694 4346 1859 4388 consecra-

181 4433 275 4497 tionis
301 4432 386 4497 heati
404 4434 542 4504 martiris
560 4429 732 4516 Orisogoni
752 4433 893 4498 concedo
910 4443 941 4498 et
958 4435 1113 4500 confirmo
1135 4433 1243 4498 coram
1266 4433 1372 4517 priore
1398 4442 1504 4494 vestro
1521 4429 1668 4494 Gorhina
1691 4440 1723 4496 61
1747 4453 1856 4494 coram

180 4539 339 4606 vobismet
362 4542 450 4626 ipsis,
476 4550 510 4603 61
533 4541 626 4604 161616
644 4548 776 4625 partem,
793 4561 890 4624 quam
915 4540 1167 4624 supradiximus,
1187 4537 1247 4602 suh
1271 4539 1391 4602 nostris
1415 4535 1615 4620 temporibus
1639 4539 1672 4600 iu
1696 4545 1860 4621 posterum

181 4647 339 4730 integram
351 4645 429 4710 dent
445 4647 629 4730 piscatores,
647 4655 743 4730 61666
760 4643 936 4708 confertam
952 4645 1037 4710 beati
1054 4643 1090 4710 O.
1110 4644 1313 4723 monasterio,
1332 4644 1464 4727 eiusque
1482 4649 1591 4704 sancte
1607 4641 1860 4726 congregationi.

182 4748 274 4816 Unde
298 4751 395 4815 etiam
421 4751 625 4837 precipimus,
649 4757 684 4814 ut
708 4751 768 4835 ipsi
790 4752 844 4835 qui
870 4748 930 4814 hoc
962 4750 1154 4816 beneficium
1176 4748 1333 4828 dederint,
1352 4750 1378 4812 si
1394 4769 1454 4834 pro
1471 4745 1579 4831 611666
1603 4768 1701 4810 66666
1725 4768 1759 4810 66
1783 4745 1859 4810 661)-

181 4865 283 4920 traere
306 4855 477 4936 voluerint,
502 4863 534 4920 et
556 4877 619 4919 non
643 4853 849 4940 impleuerint
864 4863 974 4918 votum
999 4853 1085 4940 quod
1099 4855 1290 4938 promissum
1307 4861 1364 4932 est,
1384 4875 1447 4914 non
1472 4853 1695 4936 permittantur
1721 4850 1762 4914 ah
1786 4849 1869 4933 illis,¹

180 4963 232 5048 661
257 4971 418 5047 66666661,
440 4961 645 5046 prenaricari,
667 4981 704 5024 eo
727 4959 812 5047 quod
845 4959 906 5044 ipsi
938 4967 1062 5043 promte
1086 4967 1118 5022 et
1141 4958 1320 5022 voluntarie
1356 4955 1539 5040 delegatum
1564 4975 1635 5018 esse
1668 4955 1854 5020 dinoscitur.

178 5065 221 5132 Et
243 5076 279 5132 ut
303 5067 447 5152 apertius
469 5066 562 5130 robis
586 5066 743 5130 insinuem
761 5063 845 5150 quod
875 5062 971 5128 homo
996 5064 1056 5128 deo
1080 5063 1213 5144 dederit,
1238 5072 1379 5128 retraere
1403 5083 1467 5124 non
1490 5060 1605 5140 debet,
1637 5062 1738 5124 sancti
1763 5083 1860 5124 6666-

178 5172 252 5260 gelii
270 5182 395 5236 textum
420 5169 713 5256 requiramus,'ubi
737 5169 884 5252 Zacheus
900 5169 983 5234 dixit
995 5169 1036 5232 ad
1060 5167 1242 5233 dominum:
1268 5167 1397 5232 domine
1414 5189 1488 5232 ecce
1510 5167 1678 5232 dimidium
1703 5167 1859 5230 bonorum

178 5299 322 5342 meorum
343 5277 384 5340 do
401 5275 606 5362 pauperibus,
625 5286 657 5340 61
679 5278 706 5340 si
717 5259 808 5362 'quid
832 5272 954 5360 aliquid
976 5273 1218 5347 defraudauero,
1242 5273 1342 5338 reddo
1366 5271 1591 5358 quadruplum.
1619 5272 1711 5336 Unde
1735 5282 1767 5336 61
1790 5293 1859 5357 ego,

177 5385 327 5476 quamuis
350 5381 503 5466 indignus
528 5385 709 5468 episcopus,
734 5389 888 5468 precepta
910 5381 1030 5446 domini
1054 5381 1156 5445 nostri
1179 5379 1282 5444 Jhesu
1306 5377 1428 5444 Christi
1451 5379 1569 5444 imitari
1600 5377 1750 5464 precipio,
1776 5387 1811 5442 ut
1833 5379 1860 5442 61

1738 5481 1757 5524 s
