4292 5926
270 602 538 692 EgoAstcldns¹
551 603 660 691 presb.
685 603 857 670 cardinalis
892 601 1017 668 titulis.
1047 599 1158 664 Prisce
1181 623 1223 666 ss.

262 711 334 797 Ego
358 709 582 792 Gerardusl,
767 760 784 794 „
918 757 934 794 „
996 705 1214 791 ,,.Ιοιιιιιιῐει3
1236 707 1268 770 in
1294 703 1386 772 Uelio
1413 714 1520 770 monte
1544 728 1586 770 ss.

263 815 336 903 Ego
362 811 524 882 Heuricus
569 862 585 898 ,‚
768 865 784 891 ,.
917 863 933 899 „
994 859 1010 896 „
1046 811 1144 878 Nerei
1167 820 1199 876 et
1223 809 1361 876 Achillei
1386 833 1429 877 ss.

264 921 336 1005 Ego
359 919 504 986 Joannee
565 967 582 1002 „
766 968 783 1004 „
917 968 933 1003 „
997 916 1213 1004 ,Sylnestri
1237 924 1270 980 et
1292 915 1424 981 Martini
1449 937 1491 982 ss.

262 1025 334 1112 Ego
359 1025 468 1092 (iuido
491 1026 648 1093 diaconus
768 1074 784 1109 „
918 1033 1028 1090 sancte
1052 1023 1155 1088 Marie
1178 1023 1210 1086 in
1234 1021 1366 1086 Porticu
1457 1068 1473 1104 „

261 1131 333 1218 Ego
356 1130 501 1198 Joannes
567 1179 583 1215 „
769 1177 785 1214 „
963 1177 980 1214 „
1048 1127 1154 1213 Sergii
1179 1135 1212 1193 et
1234 1125 1336 1192 Bachi
1455 1175 1469 1207 ,

260 1236 333 1322 Ego
354 1234 586 1320 Gerardus⁴„
771 1283 787 1320 „
963 1257 980 1315 ·,
1050 1233 1153 1298 Mario
1177 1234 1210 1306 in
1234 1233 1288 1296 via
1311 1230 1377 1296 latu
1453 1278 1469 1313 ,

262 1341 335 1426 Ego
359 1340 432 1408 Odo
565 1387 582 1424 „
765 1387 781 1424 „
958 1387 973 1421 „
1040 1337 1223 1404 Nicolaiin
1248 1360 1377 1404 carcere
1401 1335 1552 1402 Tulliano
1576 1361 1620 1403 ss.

261 1481 383 1546 Datum
407 1479 509 1548 Rome
532 1479 619 1568 apud
643 1489 789 1546 sunctum
814 1479 945 1544 Petrum
971 1501 1029 1566 per
1051 1501 1181 1544 manum
1206 1477 1345 1544 Rolandi
1369 1487 1479 1542 sancte
1503 1501 1635 1542 romane
1659 1479 1795 1544 ecclesie

108 1585 296 1674 presbyteri
320 1585 494 1651 cardinalis
518 1597 551 1651 et
573 1585 769 1668 cancellarii,
794 1596 909 1650 octauo
925 1583 1083 1650 kalendas
1101 1583 1219 1666 Martii,
1237 1583 1414 1648 indictione
1431 1587 1536 1650 tertia.
1561 1584 1796 1649 Iuoarnutionis

17 1717 18 1720 ¹
107 1693 284 1776 dominice,
307 1713 394 1758 anuo
410 1691 582 1758 millesimo
599 1693 776 1759 centesimo
792 1679 1060 1780 quinquagesimo
1077 1693 1199 1778 quinto,
1217 1689 1421 1776 pontificatus
1438 1711 1517 1755 vero
1533 1689 1646 1755 domni
1659 1689 1795 1755 Adriani

108 1820 195 1884 pape
219 1799 335 1884 quarti,
360 1821 445 1863 anno
467 1799 582 1885 primo.

263 1997 290 2054 U
313 1996 482 2054 mletadkom
505 1997 615 2054 urkiru.
637 1996 724 2054 Liber
746 1996 946 2054 Pselorumi.
970 1995 1076 2054 Charta
1100 1995 1151 2050 55.
1167 1995 1255 2051 Liber
1270 1993 1488 2066 Pnrrlcgrcruur
1505 2012 1564 2052 uo.
1582 1995 1626 2052 kr.
1641 1993 1795 2050 daorslrom

109 2084 214 2141 arkivn
239 2103 258 2142 u
281 2084 369 2144 Bedu.
393 2085 549 2142 Bullatium
573 2086 848 2142 nomannorum.
872 2086 944 2142 622.

511 2377 710 2460 LXXVI.
740 2378 851 2464 1155.
878 2379 942 2462 24.
970 2377 1158 2480 travnja.
1185 2375 1222 2459 U
1249 2375 1395 2458 Itlmu.

17 2655 18 2662 ἵ
106 2573 246 2650 Adrijun
266 2575 327 2638 IV.
345 2594 441 2655 popu,
460 2573 615 2649 priobe'ay'e
637 2575 833 2651 Lampridiju
855 2569 1050 2648 nodbalupa
1072 2573 1271 2636 sadurslsomu
1300 2573 1312 2630 ι’
1339 2573 1483 2648 rrjeyovtm
1513 2571 1722 2648 refragatione,
1754 2571 1795 2630 du

398 2700 433 2774 je
455 2699 671 2774 aadbielrupiju
692 2699 845 2760 rudorslou
865 2681 1007 2773 paullulo
1029 2698 1120 2758 oleati
1138 2697 1297 2772 putriarlre
1316 2696 1494 2788 prodetopo

263 2888 425 2968 Quoniam
449 2897 656 2954 sacrosancte
679 2909 813 2952 romana
837 2886 976 2952 ecclesia
998 2889 1221 2952 uniuersarum
1250 2882 1459 2976 ecelesiarum
1488 2893 1585 2969 caput
1620 2893 1654 2964 et
1691 2890 1793 2946 mater

111 2991 170 3076 est,
196 2995 248 3060 vel
271 2997 451 3061 remotione
474 2985 652 3062 obsistente
676 3005 847 3074 terrarum,
879 2994 928 3061 vel
965 2991 1202 3079 multiplicitate
1235 2975 1689 3077 impedientenegotiorum,
1713 3009 1813 3072 quaq-

113 3099 264 3165 rumdarn
287 3100 496 3166 ecclesiarum
517 3101 765 3167 necessitalibus
789 3125 851 3166 non
877 3111 941 3164 tem
966 3097 1060 3163 facile
1084 3106 1198 3184 potest,
1232 3107 1266 3160 ut
1301 3079 1435 3182 oportet,
1470 3091 1643 3179 aliquando
1676 3075 1789 3156 coneu-

17 3197 18 3246 1
109 3202 196 3286 lere3
221 3203 295 3270 ideo
319 3205 455 3271 aliarum
480 3205 701 3289 ecelesiarum,
726 3227 790 3292 que
813 3204 1003 3291 ampliorem
1028 3225 1139 3267 curam
1164 3201 1227 3266 illis
1251 3200 1485 3286 impenderent,
1508 3221 1603 3278 super
1627 3219 1683 3260 eas
1701 3199 1790 3260 insti·

110 3318 199 3375 tutos
223 3320 256 3376 et
279 3310 446 3386 discretos,
470 3321 536 3376 tum
561 3310 715 3398 prouidus
738 3312 827 3376 viros
858 3311 890 3374 in
927 3319 1049 3396 partem
1086 3331 1143 3374 sue
1177 3305 1403 3372 sollicitudinis
1439 3305 1608 3369 consueuit
1642 3325 1790 3367 euocare.

110 3417 218 3481 Huius
243 3417 352 3503 itaque
370 3418 416 3481 rei
435 3438 493 3480 nos
509 3415 769 3481 consideratione
788 3414 920 3496 inducti,
934 3425 1001 3478 tum
1019 3415 1095 3504 quia
1110 3412 1299 3496 dignitatem
1319 3409 1488 3494 gradensis
1505 3408 1640 3482 ecclesie
1657 3407 1799 3494 dignum.

111 3521 267 3586 duximus
290 3521 455 3608 ampliare,
478 3531 545 3586 tum
570 3524 646 3609 qnia
670 3520 748 3586 utils
773 3521 866 3586 vobis
890 3529 922 3590 et
945 3518 1166 3606 temporaliter
1188 3529 1221 3583 et
1240 3517 1450 3604 spiritualiter
1466 3519 1537 3580 es'se
1554 3513 1796 3602 prospeximus,
1816 3515 1819 3522 '

111 3625 234 3693 habere
258 3651 358 3715 prope
383 3651 451 3710 vos,
473 3651 494 3693 a
517 3649 581 3714 quo
604 3637 636 3692 et
656 3629 687 3691 in
712 3626 820 3692 dubiis
842 3625 1072 3710 magisterium,
1098 3625 1160 3690 et
1151 3646 1184 3688 ιιι
1209 3622 1455 3688 necessitatibus
1479 3621 1627 3686 solatium
1647 3621 1792 3706 recipere

113 3732 271 3802 valeatis·
307 3733 526 3798 venerabilem
560 3732 692 3798 tratrem
729 3741 873 3796 nostrum
908 3719 1087 3796 Henrioum
1122 3731 1314 3814 gradensem
1351 3727 1577 3824 patriarcham,
1617 3727 1788 3823 primatem
1826 3732 1828 3740 '

113 3850 259 3906 restrum
283 3837 436 3904 duximus
458 3839 673 3914 statuendum,
697 3847 730 3904 et
753 3837 923 3923 gradensis
950 3835 1086 3902 ecclesie
1109 3833 1297 3920 dignitatem
1322 3835 1488 3920 primatus,
1506 3815 1652 3897 ecclesiis
1669 3831 1786 3896 vestris

112 3943 351 4010 deelarauimos
375 3943 416 4009 de
439 3955 546 4010 cetero
572 3941 746 4030 presidere.
771 3943 822 4008 Ea
845 3952 985 4030 propter,
1020 3964 1078 4028 per
1107 3942 1270 4028 presentia
1305 3941 1398 4004 vobis
1433 3939 1553 4023 scripta
1585 3935 1786 4012 mandamus,
1809 3920 1812 3928 ¹

112 4062 273 4140 quatenus
296 4047 434 4116 eundem
459 4047 684 4137 patriarcham,
708 4071 728 4113 a
751 4047 846 4113 modo
869 4050 1039 4135 primatem
1068 4057 1212 4112 vestrum
1243 4045 1406 4111 humiliter
1438 4043 1594 4126 habeatis,
1630 4051 1663 4106 et
1698 4042 1793 4108 sicuti

111 4159 241 4244 primati
264 4167 383 4240 uestro,
407 4153 642 4221 exhibeatis
613 4178 644 4220 er
667 4152 893 4236 obedientium,
925 4163 958 4218 et
991 4152 1155 4218 honorem.
1185 4151 1239 4216 Ad
1263 4173 1414 4236 magnum
1444 4149 1574 4238 quidem
1611 4135 1789 4236 profectum

111 4269 268 4346 vestrum,
292 4271 454 4327 annuente
474 4261 604 4326 domino
627 4257 811 4348 pertinebit,
836 4260 864 4324 si
887 4257 1066 4324 doctrinam
1091 4261 1160 4323 eius
1177 4257 1294 4322 denoto
1319 4257 1426 4322 animo
1441 4256 1639 4342 receperitis,
1657 4261 1690 4318 et
1706 4251 1815 4348 quod

17 4373 18 4376 ’
113 4367 319 4433 salubriter'
309 4390 379 4455 epse
403 4368 593 4454 preceperit,
613 4366 839 4452 prosecutione
862 4366 969 4451 operis
993 4363 1181 4430 studueritis
1204 4361 1391 4448 adimplere.
1418 4361 1535 4425 Datum
1569 4359 1671 4475 Rome
1702 4357 1788 4446 apud

112 4485 260 4540 sanctum
285 4471 425 4538 Petrum.
449 4469 541 4538 VlII.
567 4470 632 4538 kal.
656 4472 742 4552 maii,
767 4471 972 4556 pontificatus
997 4471 1098 4536 nostri
1122 4492 1205 4534 anno
1232 4469 1346 4555 primo.
1423 4535 1429 4546 ,

262 4671 381 4728 Fsrlsti.
404 4669 551 4742 Illyricum
575 4667 691 4726 Sacrum
714 4669 749 4728 Τ.
772 4669 808 4726 V.
831 4687 860 4741 p.
885 4667 937 4729 58.

113 4865 376 4880 -μ--Ιι-ο

267 4954 277 4991 ¹
299 4957 325 5016 U
346 4959 429 5031 drug.
453 4974 534 5030 prop.
561 4955 743 5042 Anasmldus.
770 4949 784 4990 ¹
804 4953 827 5012 U
851 4955 934 5026 drug.
958 4970 1038 5026 prop.
1061 4952 1229 5010 Guirordus.
1255 4947 1270 4985 ⁸
1293 4929 1491 5022 summani.
1509 4939 1532 4986 -4
1556 4945 1726 5002 Bernurdus.
