4300 5930
495 611 732 695 cxxxvl.
760 612 861 694 1177.
887 609 949 694 22.
976 611 1195 694 tolmone.
1222 611 1256 694 U
1283 609 1475 694 Mletclh.

145 807 333 868 Alelesamiro
354 809 379 866 Ι
380 809 424 868 11.
443 825 537 884 popa,
557 807 668 880 potina
690 807 852 866 inordinata
874 808 1048 882 Rujmuadc
1067 809 1102 868 da
1127 806 1248 881 Capella
1271 827 1292 866 ιι
1321 807 1504 881 Dalmacip'rs,
1526 808 1567 867 dc
1596 807 1668 868 ricti
1697 825 1810 882 rcapra

260 931 360 1006 ιιιιιϋιι
381 931 620 1006 metanaeas
638 931 807 1004 estimabam
830 931 1041 1002 temeratam,
1059 931 1171 1030 pacali
1188 927 1365 1006 metanoea·
1387 931 1535 1005 bistapija
1557 931 1692 994 avarae.

295 1117 481 1184 Alexander
504 1120 675 1206 episcopus
699 1142 813 1184 seruus
836 1142 1004 1185 seruorum
1024 1119 1086 1199 dei,
1110 1117 1285 1186 venerabili
1310 1118 1400 1182 fratri
1433 1117 1607 1204 spalatensi
1646 1119 1803 1206 archiepi-

144 1246 253 1310 scopo,
277 1225 451 1311 apostolice
474 1225 561 1290 sedis
581 1225 697 1310 legato,
719 1224 852 1290 salutern
877 1237 910 1292 et
939 1225 1146 1314 apostolicam
1182 1223 1447 1290 benedictionem.
1483 1222 1564 1288 Cum
1601 1226 1683 1289 iuter
1717 1235 1748 1290 te
1776 1236 1811 1290 et

147 1329 364 1394 venerabilem
389 1331 517 1395 fratrem
534 1318 685 1395 'nostrum
711 1331 892 1398 iadrensem
915 1331 1201 1418 archiepiscopum,
1223 1352 1320 1417 super
1342 1331 1528 1416 episcopatu
1552 1328 1592 1394 de
1616 1333 1697 1396 Fara
1731 1352 1805 1395 con·‹

145 1435 305 1500 trouersia
327 1437 474 1520 agitetur,
498 1458 645 1500 caussam
668 1437 770 1522 ipsam
794 1435 912 1502 dilecto
936 1436 1003 1502 lilio
1025 1435 1217 1522 Raymnndo
1239 1436 1279 1500 de
1298 1433 1433 1522 (lapella
1456 1434 1653 1500 subdiacono
1686 1446 1804 1517 nostro,

142 1562 239 1626 quern
264 1542 295 1603 in
318 1539 521 1606 Sclauoniam
547 1539 686 1626 legatum
710 1541 885 1628 apostolico
908 1543 994 1607 sedis
1018 1541 1196 1626 dirigimus,
1231 1541 1383 1606 duximus
1418 1542 1699 1622 committendam
1735 1543 1811 1627 quia

141 1667 214 1710 cum
241 1645 283 1710 sit
304 1645 460 1725 literatus,
484 1648 648 1732 prouidus,
672 1669 711 1712 ac
736 1648 904 1731 discretus,
928 1669 1094 1735 speramus
1117 1647 1202 1734 quod
1226 1643 1339 1712 eadem
1360 1667 1459 1712 causa
1481 1645 1542 1711 sub
1573 1648 1722 1711 examino
1751 1668 1809 1710 suo

141 1749 276 1834 dignum
301 1751 418 1817 debeat
441 1753 589 1818 effectum
613 1753 728 1818 sortiri.
753 1751 943 1822 Mandemua
968 1757 1075 1842 itaque
1099 1753 1289 1818 fraternitati
1309 1761 1372 1836 tua,
1396 1759 1492 1838 atque
1508 1753 1713 1840 precipimus,
1731 1773 1809 1838 qua-

20 1879 21 1886 *
142 1866 236 1922 tenus
259 1857 302 1922 ab
326 1857 438 1924 eodem
462 1857 671 1925 subministro
696 1869 803 1925 nostro
827 1869 956 1950 propter
979 1857 1040 1926 hoc
1064 1869 1197 1925 vocatus
1221 1857 1328 1942 lucris,
1354 1879 1411 1944 per
1432 1867 1464 1923 te
1487 1855 1539 1922 vel
1563 1881 1620 1944 per
1647 1857 1807 1922 sufficien-

20 1983 21 1994 ’
141 1971 205 2027 tem
231 1963 450 2049 responsalem
475 1965 543 2030 eins
566 1967 757 2051 presentiam
782 1965 889 2048 adeas,
921 1975 953 2031 et
974 1965 1061 2053 quod
1085 1968 1153 2052 ipse
1177 1965 1252 2029 inde
1275 1965 1429 2045 statuerit,
1455 1964 1612 2050 suscipias
1627 1963 1761 2029 firmiter
1777 1971 1809 2028 ot

141 2066 308 2132 obseruas.
330 2067 365 2134 Si
388 2091 465 2134 vero
489 2069 644 2136 alterutra
666 2092 740 2158 pars
762 2070 983 2158 appellauerit‚
1008 2071 1111 2136 eidem
1136 2069 1333 2136 subdiacono
1356 2067 1504 2134 dedimus
1527 2070 1559 2133 in
1584 2069 1753 2150 mandatis,
1771 2077 1808 2133 ut

140 2173 212 2258 ipse
235 2173 442 2240 nibilominus
466 2177 606 2241 rationes
630 2186 661 2240 et
683 2175 892 2262 allegationes
913 2175 988 2242 hinc
1012 2175 1085 2240 inde
1106 2175 1277 2262 diligenter
1307 2173 1425 2258 audiat,
1461 2183 1559 2240 testes
1593 2173 1806 2262 appellatione

140 2289 290 2344 cessante
313 2281 455 2366 recipiat,
480 2282 664 2347 eorrrmdem
686 2283 859 2348 iurator-uin
876 2281 1092 2369 depositiones
1108 2282 1250 2346 studiose
1265 2279 1457 2364 conscribat,
1474 2291 1570 2367 atque
1585 2281 1678 2346 nobis
1701 2289 1803 2346 trans·

139 2386 255 2466 mittat,
273 2388 432 2471 prefigens
449 2387 575 2473 utrique
592 2388 672 2473 parti
691 2390 862 2452 terminum
879 2395 1123 2474 competentem,
1140 2409 1203 2473 qno
1216 2385 1355 2452 debeant
1367 2409 1440 2452 cum
1454 2388 1532 2474 ipsis
1545 2385 1802 2452 attestationibus

139 2501 171 2554 et
201 2489 449 2574 allegationibus
484 2491 659 2579 apostolico
694 2515 729 2558 se
764 2495 949 2579 conspectui
984 2503 1175 2580 presentare.
1213 2491 1313 2558 Porro
1347 2495 1374 2558 si
1409 2491 1561 2558 alterutra
1595 2495 1731 2580 partium
1767 2513 1802 2556 se

139 2594 370 2679 absentauerit,
401 2598 571 2683 quominus
603 2598 644 2662 ad
679 2601 871 2684 presentiam
900 2600 1000 2685 ipsius
1035 2599 1223 2665 subdiaconi
1258 2600 1356 2664 nostri
1387 2597 1529 2681 accedat,
1564 2597 1617 2663 vel
1650 2599 1806 2686 requisita

139 2700 250 2766 valeat
273 2704 420 2784 inueniri,
445 2703 549 2768 eidem
572 2702 773 2770 subdiacono
802 2715 911 2769 nostro
945 2703 1094 2769 dedimus
1127 2706 1161 2770 in
1196 2705 1378 2791 mandatis„
1398 2716 1434 2770 ut
1466 2704 1672 2770 nibilominus
1707 2713 1805 2770 testes

138 2805 272 2872 alterius
296 2810 396 2894 partis
417 2808 630 2894 appellatione
654 2822 799 2902 cessante
823 2812 966 2897 recipiat,
990 2820 1153 2876 eteorum
1178 2811 1393 2898 depositiones
1416 2812 1619 2876 transmittat.

301 2930 419 2996 Datum
442 2930 587 2996 Venetiis
613 2935 643 2997 in
667 2929 823 3016 Rinoalto‚
849 2931 908 2999 Xl.
931 2932 995 2999 kal.
1020 2931 1230 3021 Septembris.

290 3131 408 3188 Farlati.
431 3131 573 3203 Illyricum
599 3132 714 3188 Sacrum
736 3135 771 3190 T.
789 3134 842 3191 Ill.
870 3134 940 3194 198.

778 3425 1032 3508 CXXXVII·
1060 3425 1162 3508 1177.

135 3603 241 3662 Mutae
265 3605 370 3678 bistrup
392 3606 503 3674 cirrati,
526 3607 595 3664 moli
616 3607 727 3665 acttita
749 3607 787 3664 od
809 3607 997 3679 teoctistum
1019 3607 1176 3680 epipetakop
1199 3605 1268 3663 radi
1291 3604 1382 3680 tua'ba,
1406 3607 1477 3680 boja
1501 3601 1578 3678 blata
1611 3606 1700 3678 melec
1730 3603 1804 3663 lena

133 3707 279 3782 manica
297 3711 499 3782 popiastomu
521 3711 615 3770 deora
636 3712 717 3784 proti
737 3711 845 3784 mama,
858 3711 1021 3785 jcvtjajatt
1034 3729 1085 3770 ma
1108 3711 1224 3786 maduo,
1248 3711 1324 3770 talto
1346 3715 1381 3784 je
1410 3711 1554 3786 pupiasti
1586 3712 1724 3784 pestanae
1754 3728 1803 3770 aa·

454 3815 629 3890 acdoootlca
651 3815 825 3890 talevatius
848 3821 966 3878 rasatoo
987 3833 1019 3877 aa
1040 3834 1056 3876 s
1078 3817 1293 3891 acdbbbapom
1313 3817 1493 3877 accuratim.

286 4003 351 4070 Suo
368 4003 544 4068 venerabili
560 4006 641 4090 patri
658 4027 697 4070 ac
714 4003 852 4068 Domino
868 4003 1060 4092 R(aynerio)
1075 4013 1184 4068 sancte
1208 4003 1383 4068 salonitana
1407 4003 1543 4068 ecclesie
1561 4004 1801 4091 archiepiscopo

134 4121 169 4174 et
185 4109 362 4196 apostolice
379 4107 465 4174 sedis
481 4107 596 4194 legato,
613 4109 761 4174 Matbeus
776 4121 884 4175 sancte
902 4111 1052 4175 nonensis
1068 4109 1202 4174 ecclesie
1215 4111 1383 4196 episcopus
1401 4110 1475 4174 licet
1490 4109 1650 4196 indignus,
1667 4111 1801 4176 salutem

135 4226 169 4280 et
192 4215 335 4279 debitam
358 4217 582 4280 reuerentiam.
607 4214 693 4280 Visis
719 4225 825 4280 verbe
849 4216 1049 4301 paternitatis
1073 4213 1195 4297 litteris,
1229 4225 1294 4280 tam
1328 4215 1434 4298 corde,
1458 4237 1554 4302 quam
1591 4218 1698 4280 anirno
1732 4239 1801 4302 per·

133 4323 272 4405 garriens
293 4319 349 4402 fut,
374 4330 406 4384 et
427 4321 468 4384 ad
492 4323 658 4385 seruitium
682 4331 835 4400 vestrum,
859 4321 941 4384 sicut
965 4331 1071 4385 vester
1093 4319 1263 4385 clientulus
1286 4321 1376 4402 vidit,
1400 4321 1529 4386 feruens
1553 4321 1606 4403 fui,
1631 4333 1663 4386 et
1686 4324 1718 4386 in
1735 4343 1800 4388 om·

136 4426 233 4490 nibus
258 4426 400 4512 undique
423 4427 558 4512 negotiis
584 4449 633 4492 me
658 4428 797 4508 uiuente,
821 4437 852 4491 ct
880 4427 941 4492 deo
962 4427 1168 4510 concedente,
1203 4449 1328 4513 semper
1362 4449 1429 4491 ero.
1464 4426 1674 4492 Notificamus
1708 4427 1801 4494 vobis

136 4533 221 4596 sicut
245 4534 328 4617 patri
351 4553 389 4596 ac
412 4532 551 4612 domiuo,
576 4532 618 4596 de
639 4532 778 4620 quodam
803 4545 910 4597 nostro
934 4533 1071 4617 negotio,
1097 4531 1248 4596 videlicet
1281 4529 1322 4597 'rie
1359 4555 1423 4596 nna
1458 4532 1590 4597 muliere
1622 4533 1662 4597 de
1697 4531 1802 4613 Clino,

135 4659 198 4724 que
223 4635 380 4701 danobis
404 4637 444 4702 ad
468 4639 587 4702 curiam
613 4637 734 4702 domini
758 4661 839 4725 pape
863 4660 933 4702 cum
959 4637 1093 4702 fallaciis
1117 4637 1193 4702 fecit
1215 4639 1456 4724 querimoniam,
1480 4638 1521 4703 de
1544 4638 1669 4704 decima
1684 4649 1801 4720 nostra,

136 4766 235 4832 quam
259 4753 480 4818 antecessores
505 4746 604 4808 nostri
628 4765 755 4830 semper
778 4754 1055 4826 manumnuerune
1080 4743 1164 4830 quod
1193 4743 1387 4829 apostolicas
1420 4743 1498 4810 fecit
1527 4745 1556 4808 ci
1588 4744 1802 4830 priuilegium,

134 4851 221 4938 quod
248 4848 289 4912 de
311 4863 427 4930 cetero,
448 4871 509 4914 nec
531 4849 571 4914 dc
595 4849 729 4924 decima,
752 4850 870 4915 neoda
892 4849 978 4914 clero
1003 4849 1089 4914 illius
1111 4851 1250 4916 ciuitatis
1275 4858 1463 4935 potestatem
1480 4849 1680 4918 haberemus.
1706 4850 1801 4916 Unde

134 4955 351 5044 deprecando,
372 4956 457 5020 sicut
478 4955 617 5022 discreto
647 4979 686 5020 ac
717 4955 866 5040 religioso
901 4953 1040 5040 domino,
1064 4977 1225 5040 rogamus
1261 4954 1355 5018 vobis
1386 4977 1495 5018 amoro
1530 4955 1591 5037 dei,
1627 4967 1657 5018 et
1692 4966 1801 5022 nostro

136 5085 247 5148 paruo,
274 5071 306 5124 et
330 5061 461 5124 fratrum
488 5071 667 5124 nostrorum
693 5064 832 5138 seruitio,
859 5072 892 5124 nt
916 5063 946 5125 in
971 5064 1140 5127 constituto
1165 5071 1307 5146 tempore
1342 5058 1499 5124 auxilium
1534 5072 1676 5125 vestrum
1709 5061 1801 5126 nobis

137 5166 312 5254 prebeatis.
339 5165 380 5230 Et
402 5167 536 5232 alter-um
562 5170 760 5234 notificamus
786 5168 887 5246 vobis,
911 5167 995 5254 quod
1020 5166 1144 5253 legatus
1168 5166 1287 5232 domini
1318 5189 1399 5254 pape
1433 5167 1515 5232 maia
1554 5166 1720 5232 vultuatate
1755 5191 1801 5230 re·

138 5275 237 5338 cessit
259 5297 279 5337 a
304 5271 442 5338 iadrcnsi
469 5272 719 5360 archiepiscopo,
740 5283 771 5337 ct
794 5271 1024 5362 appellauimus
1053 5273 1094 5336 ad
1131 5295 1293 5338 roroanam
1330 5273 1451 5339 curiam
1483 5295 1541 5361 pro
1575 5272 1701 5339 Joanuc
1735 5271 1800 5338 lilio
