4310 5918
1784 415 1827 480 89

141 613 216 677 tatis
241 612 464 679 munificentia
488 613 616 699 penitus
641 613 796 699 priuetur,
829 622 926 700 atque
950 611 1127 678 secundum
1151 614 1202 678 ius
1227 611 1397 699 pristinum
1423 612 1568 698 superior
1590 611 1758 676 Pannonis
1780 611 1827 674 in·

144 718 244 782 ferior
269 727 351 800 tuae,
376 727 567 804 tuorumque
580 739 813 800 successorum,
826 719 940 784 ambae
967 717 1196 806 perpetualiter
1219 717 1408 784 subiaceant
1431 717 1553 783 ditioni.
1580 715 1845 804 Ailobescentes,

141 831 250 888 autem
273 845 507 910 assensumque
539 821 732 910 praebentes
753 825 823 888 istis
844 826 961 889 nostris
985 824 1207 890 saluberrimis
1242 823 1391 904 decretis,
1423 822 1644 890 benedIcimue
1669 832 1700 888 et
1718 821 1823 888 catho-

142 928 222 993 licos
245 928 481 1016 approbamns3
506 931 692 995 resistentes
716 939 910 1018 seruatque
936 931 1099 996 infirmare
1130 927 1183 994 vel
1215 930 1345 994 ommno
1368 937 1553 1016 peruertere
1577 927 1828 1010 contendentes,

141 1033 346 1100 anathemate
370 1033 559 1099 maranatha
582 1045 711 1100 sanctem
735 1037 888 1100 trinitatis
920 1035 1064 1100 districte
1097 1035 1303 1122 percutimus,
1327 1043 1360 1099 et
1393 1033 1569 1118 apostolica
1591 1034 1750 1098 sententia
1765 1055 1830 1120 qua

142 1138 287 1204 mulctati
302 1138 431 1204 Ananis
447 1151 479 1205 et
491 1139 628 1226 SaphIra
644 1143 884 1226 expirauerunt,
901 1140 1101 1223 damnamus,
1119 1151 1150 1206 et
1166 1163 1239 1205 cum
1253 1137 1566 1226 blasphematoribus
1579 1139 1827 1233 sancti-spiritus

143 1245 348 1330 sempiternis
371 1245 567 1311 cruciatibus
591 1233 771 1332 puniendos
795 1245 1020 1311 destinamus.¹

265 1374 458 1517 4Bullarium
479 1375 672 1447 Diplomatum
696 1383 725 1432 et
748 1375 963 1450 Priuilegiorum
991 1368 1045 1436 SS.
1068 1375 1148 1433 Rom.
1173 1373 1350 1432 Pontificum.
1373 1373 1447 1448 Aug.
1471 1373 1660 1456 [I'aurinorum
1686 1371 1769 1429 185⁷
1792 1371 1828 1428 Τ.

144 1461 167 1516 1.
190 1465 239 1516 etr.
289 1461 340 1519 05.

314 1755 511 1842 XCVIII.
538 1759 633 1841 960.
662 1760 847 1862 mlesrou
874 1759 1028 1864 ltana
1056 1760 1092 1842 U
1119 1759 1270 1846 utaltn
1296 1761 1383 1844 hoo
1412 1761 1648 1844 Mlctaknn.

399 1955 548 2016 Miettuni
564 1955 707 2030 induratu
720 1956 816 2016 sciron
826 1957 910 2030 proti
924 1956 1084 2030 isuoiouju
1099 1956 1226 2018 roborat
1241 1957 1270 2016 ie
1286 1957 1365 2028 latre
1381 1958 1392 2020 i
1408 1955 1587 2032 Daunum

147 2123 182 2187 In
218 2127 350 2190 nomine
384 2125 504 2190 domini
541 2126 592 2192 dei
629 2136 661 2192 et
693 2126 864 2192 saluatoris
900 2096 1000 2192 nostri
1035 2127 1115 2194 Iesu
1152 2125 1284 2194 Christi.
1320 2128 1503 2214 Imperaute
1527 2130 1659 2196 domino
1684 2131 1828 2194 Romano

147 2227 350 2313 gloriossimo
374 2231 577 2318 imperatore,
601 2255 685 2296 anno
709 2241 815 2298 autem
847 2233 972 2318 imperii
996 2235 1066 2298 eius
1099 2233 1211 2298 XIIII.
1237 2256 1347 2298 mense
1371 2233 1471 2316 Junii,
1496 2235 1670 2300 indictione
1696 2235 1755 2316 III,
1775 2234 1829 2300 Ri-

783 2335 889 2402 uoaito
914 2341 946 2402 in
967 2349 1055 2404 corte
1078 2339 1200 2426 palatii.

820 2466 930 2540 (Ostalc
954 2469 1169 2542 iaostavljeno).‘

303 2597 399 2664 Unde
423 2621 535 2664 omnes
552 2601 672 2685 pariter
689 2609 866 2666 statuentes
884 2605 1054 2666 statuimus
1072 2615 1104 2667 et
1119 2603 1253 2667 firmiter
1271 2605 1508 2686 confirmamus,
1539 2613 1574 2668 ut
1598 2601 1705 2668 nulius
1728 2605 1831 2667 maior

29 2747 35 2760 .
147 2710 200 2766 aut
226 2704 331 2767 minor
354 2705 515 2791 mancipia
537 2704 578 2768 ad
602 2705 854 2772 venundandum
889 2729 998 2772 emere
1026 2731 1087 2772 non
1121 2709 1246 2791 debeat,
1279 2731 1340 2774 neo
1370 2709 1487 2797 aliquis
1511 2711 1656 2797 precium
1689 2710 1729 2775 ad
1754 2731 1830 2774 suos

148 2809 321 2892 emptorios
344 2809 422 2874 dare
446 2809 564 2875 debeat
589 2821 718 2898 propter
744 2814 906 2898 mancipia
924 2813 1141 2899 comparanda
1161 2823 1216 2878 aut
1235 2814 1473 2897 venumdanda,
1499 2817 1576 2902 quia
1599 2815 1830 2902 grauissimum

149 2911 266 2977 mairem
290 2923 349 2980 est.
373 2915 500 2982 Scimus
524 2939 646 2996 omnes,
669 2918 744 3004 quia
780 2917 859 2984 deus
883 2919 1086 3006 omnipotens
1108 2919 1330 2986 misericordis
1352 2919 1468 3009 plenus
1492 2931 1550 3004 est,
1575 2929 1606 2986 et
1630 2923 1656 2986 si
1682 2919 1830 2985 emenda-

149 3020 299 3102 nerimus,
321 3019 460 3086 dimittet
484 3022 577 3088 nobis
603 3033 735 3109 peccata
760 3033 878 3088 nostra.
1286 3022 1313 3101 ,’

276 3125 388 3190 ·Item
413 3129 616 3214 precipimus,
653 3137 696 3211 ut,
732 3131 916 3216 quicunque
949 3132 981 3194 in
1007 3130 1143 3195 nauibus
1168 3133 1286 3196 nostris
1312 3131 1482 3198 nauclerus
1507 3133 1612 3212 fuerit,
1646 3131 1830 3198 nuliatenus

150 3228 265 3294 debeat
287 3232 321 3296 in
344 3234 419 3297 naui
444 3255 502 3298 sua
523 3233 622 3298 leuari
645 3237 814 3321 mancipia,
833 3257 938 3322 neque
962 3236 1002 3301 de
1026 3235 1181 3318 Venetiis,
1210 3259 1314 3324 neque
1338 3237 1377 3303 de
1402 3237 1535 3320 Histria,
1561 3260 1665 3324 neque
1689 3237 1729 3302 de
1754 3237 1830 3301 Dal·

151 3339 256 3412 matia,
279 3359 383 3424 neque
408 3337 448 3404 de
471 3339 543 3404 aliis
568 3340 647 3406 Iocis
671 3362 729 3428 per
753 3339 874 3404 nulium
900 3342 1073 3426 ingenium,
1100 3365 1160 3406 nec
1177 3343 1403 3430 ctiamaiiquis
1421 3341 1583 3408 hominem
1605 3344 1830 3428 negociantem

149 3438 198 3503 rel
221 3439 363 3506 Judeum
388 3441 420 3508 in
445 3447 517 3508 naui
543 3467 603 3509 sua
627 3445 728 3510 leuari
754 3467 817 3509 non
842 3445 969 3511 debeat.
994 3457 1056 3512 etc.

305 3587 433 3644 Kandler
456 3589 486 3644 P.
511 3589 616 3648 Codice
646 3591 829 3664 diplomatico
853 3593 982 3650 Istriano.
1007 3593 1041 3650 Α.
1067 3595 1140 3649 960.
1163 3617 1206 3644 ==
1230 3595 1369 3650 Romanin
1393 3593 1486 3650 Storia
1509 3594 1539 3648 di
1561 3595 1684 3651 Vanesia
1708 3595 1729 3650 l.
1758 3595 1831 3649 371.

584 3911 737 3996 xorx.
765 3911 853 3996 aer.
881 3913 942 3996 13.
971 3874 1147 4016 irrues
1176 3915 1213 4006 u
1242 3917 1403 4000 noenu.

154 4101 216 4161 Otto
241 4103 269 4162 1.
294 4105 376 4178 trolj
405 4106 551 4178 ujemodlri
582 4107 689 4180 ᾱαηυε
719 4126 800 4182 popu
833 4105 999 4182 Dipreohtu
1017 4097 1114 4182 'sueto
1149 4111 1259 4183 imaaje
1290 4111 1388 4188 merim
1421 4107 1543 4176 Suettius
1579 4115 1679 4174 trdom
1707 4059 1830 4174 iscium

537 4212 712 4282 Bulc'idc'em,
736 4213 854 4274 tristem
879 4232 898 4272 rr
913 4215 1051 4289 dupondi
1072 4216 1210 4275 Hruotuh
1233 4235 1254 4276 u
1274 4203 1447 4292 Stojirsisoj.

308 4381 343 4444 In
377 4383 668 4456 nominassemus
699 4395 731 4448 et
762 4383 948 4454 indiuiduas
981 4387 1141 4452 trinitatis.
1176 4387 1253 4455 Otto
1277 4387 1389 4454 diuina
1413 4393 1542 4454 iouente
1566 4389 1739 4456 clementia
1761 4413 1831 4456 rx.
1908 4443 1938 4457 .‡

151 4485 306 4553 Nouerint
329 4486 440 4554 fideles
465 4497 530 4554 tarn
556 4501 742 4575 praesentes
779 4491 904 4556 suiiioet
927 4501 959 4556 et
982 4491 1090 4570 futuri,
1115 4492 1253 4579 qualitor
1279 4517 1336 4558 nos
1363 4515 1419 4580 por
1444 4497 1660 4565 interuentum
1687 4495 1832 4564 Heinrici

150 4591 248 4672 duria,
273 4595 449 4678 matrisque
466 4617 543 4660 suae
561 4594 713 4682 inclytae,
734 4613 871 4662 nec'non
890 4597 995 4663 tidelis
1012 4598 1280 4681 nostrinAbrahac
1298 4600 1503 4684 frisingensis
1527 4604 1682 4690 episcopi,
1706 4602 1834 4668 orridam

150 4695 264 4762 clerico
286 4708 401 4762 vocato
428 4697 623 4786 Diepre'chto
658 4700 720 4766 tale
756 4703 933 4789 praedium,
965 4704 1060 4790 quale
1093 4703 1263 4770 habuimus
1295 4707 1377 4770 inter
1408 4705 1490 4772 duos
1515 4717 1640 4774 montes
1672 4707 1834 4774 Curoatou

151 4815 180 4866 et
200 4801 302 4868 Ouiae
327 4805 485 4869 avertice
510 4807 626 4872 montis
646 4807 875 4874 Zuedlobrudo
907 4811 1073 4897 usquead
1098 4809 1205 4884 villam
1239 4810 1405 4878 Buicsisce
1442 4812 1474 4876 in
1508 4815 1736 4898 proprietatem
1760 4835 1834 4877 oon-

150 4912 305 4972 oessimus
329 4910 361 4971 in
386 4931 469 4994 pago
487 4909 651 4994 Crauuati,
671 4923 703 4976 et
719 4916 751 4978 iu
777 4915 956 4990 ministerio
971 4915 1143 5000 Hartunigi
1163 4919 1289 4982 comitis
1307 4940 1378 4982 cum
1398 4916 1548 4984 omnihus
1571 4917 1612 4982 ad
1637 4918 1720 4982 idem
1746 4939 1835 5003 prae·

261 5105 269 5140 ¹
296 5109 407 5180 Pagius,
431 5127 449 5164 u
480 5128 556 5166 svom
585 5111 661 5182 djelu
690 5113 816 5168 Breniar.
848 5115 948 5184 pontis.
979 5121 1009 5169 et
1040 5115 1141 5170 concil.
1166 5135 1182 5170 u
1204 5117 1298 5172 tivotu
1323 5116 1445 5188 Agapita
1482 5117 1517 5174 11.
1548 5135 1630 5188 pape,
1660 5117 1732 5174 kaie
1755 5136 1771 5172 o
1795 5119 1834 5187 toj

151 5197 298 5268 papinshoj
325 5197 482 5267 posianioi:
507 5199 607 5253 Nullus
631 5218 714 5270 porro
738 5209 780 5256 est
810 5201 944 5272 temporis
966 5201 1120 5272 character,
1144 5221 1200 5274 quo
1223 5203 1350 5276 dignosci
1375 5205 1463 5275 possit
1483 5223 1582 5270 annus,
1605 5222 1661 5275 quo
1692 5205 1760 5258 deta
1792 5211 1836 5258 est

152 5285 218 5342 haec
242 5285 373 5356 epistola,
397 5286 446 5340 sed
470 5303 531 5340 carn
555 5287 649 5341 datam
673 5295 785 5359 oportet
808 5297 874 5370 ante
906 5307 1009 5344 annum
1031 5292 1288 5361 nongentessimum
1314 5291 1590 5368 quinquagessimum
1614 5299 1755 5364 quartum,
1779 5309 1835 5362 quo

153 5372 300 5443 (teraldus,
325 5391 375 5430 seu
398 5373 539 5429 Heroides
561 5385 728 5432 excaecatur
751 5373 822 5434 est·“
849 5377 1004 5434 bullarium
1028 5378 1124 5434 rimshi
1145 5377 1248 5450 starlja
1266 5379 1299 5449 ju
1322 5379 1378 5451 pod
1402 5379 1494 5435 honac
1516 5379 1621 5452 godino
1645 5378 1716 5434 954.
