4350 5932
232 413 276 480 20

239 602 394 670 ecclesiae
425 605 589 690 suscipere
626 608 785 672 consensi.
811 605 844 672 si
869 615 974 672 tamen
992 610 1126 686 ‚animus
1151 619 1258 676 vester
1290 611 1426 676 fortasse
1449 611 1603 677 fratribus
1621 611 1922 692 condescendendo,

238 721 270 774 et
293 709 531 776 misericordiae
556 713 706 798 operibus
740 702 893 794 intentus,
929 713 970 778 ad
995 713 1055 780 hoc
1079 738 1220 802 unquam
1245 720 1426 782 consentire
1446 718 1635 801 decreuerit,
1660 729 1733 804 peto
1752 730 1784 808 ut
1815 722 1925 784 amori

237 837 308 880 meo
332 815 429 880 alium
454 819 584 880 minime
608 822 823 904 praeponatis.
856 819 937 884 Sunt
969 823 1109 884 enimin
1135 821 1243 886 Sicilia
1267 822 1371 888 insula
1395 822 1550 887 ecclesiae
1571 835 1722 888 vacantes
1748 826 1920 910 episcopis,

239 931 270 985 et
293 923 320 984 si
348 921 440 986 uobis
468 921 573 1006 placet
602 934 731 988 auctore
763 923 823 989 deo
865 923 1033 990 ecclesiam
1063 949 1184 1010 regere,
1209 929 1301 992 iuxta
1325 928 1409 992 beati
1434 929 1519 992 Petri
1544 928 1678 1014 apostoli
1705 930 1824 1008 limina,
1845 951 1919 994 cum

237 1027 306 1091 eius
329 1025 487 1092 adiutorio
512 1015 625 1092 melius
657 1031 798 1115 potestis,
824 1029 879 1094 Sin
905 1053 980 1096 vero
1012 1053 1075 1096 non
1105 1031 1218 1116 placet,
1239 1031 1375 1112 feliciter
1393 1034 1486 1115 iusta,
1505 1041 1538 1096 ut
1553 1035 1614 1097 ista
1632 1035 1664 1096 in
1683 1033 1774 1098 vobis
1787 1036 1923 1098 intentio

237 1142 432 1220 permaneat,
454 1141 485 1197 et
507 1156 564 1219 pro
589 1134 682 1198 nobis
707 1133 887 1199 infelicibus
911 1147 1052 1202 exorate.
1078 1137 1289 1223 Omnipotens
1321 1148 1427 1202 autem
1458 1137 1537 1202 deus
1576 1139 1606 1200 in
1636 1159 1837 1224 quocumque
1863 1161 1924 1202 vos

238 1261 310 1304 esse
333 1237 403 1303 loco
426 1238 573 1322 voluerit,
591 1263 648 1304 sua
665 1242 860 1326 protectione
885 1242 1045 1305 custodiat
1067 1242 1162 1307 etad
1185 1242 1336 1307 caelestia
1359 1265 1417 1306 vos
1442 1241 1527 1353 dpna
1550 1243 1712 1328 perducat.

390 1421 493 1477 blansi.
518 1421 664 1478 collectio.
689 1421 797 1479 Concil.
821 1423 855 1476 T.
881 1423 930 1476 lX.
954 1429 1002 1477 str.
1029 1425 1122 1480 1212.

836 1725 977 1817 XXX.
1004 1725 1094 1810 595·
1131 1727 1165 1808 U
1193 1727 1334 1808 Rima.

391 1920 494 1995 Gryur
515 1921 542 1981 1.
565 1937 648 2002 popu
658 1921 786 1994 portclje
808 1921 964 1981 Mutsima
986 1921 1114 1996 bae'stupa
1137 1923 1304 1998 solinstopu
1327 1941 1348 1980 a
1371 1923 1439 1980 Rim
1462 1921 1537 1994 pred
1559 1921 1678 1979 crisconi
1700 1921 1767 1981 sad.

565 2109 761 2207 Gregorius,
776 2111 921 2176 Maximo
945 2113 1186 2198 praesumptori
1203 2111 1360 2175 ecclesiae
1384 2109 1592 2174 salonitanae.

402 2304 560 2384 Quotiens
585 2316 696 2370 contra
719 2304 970 2370 ecclesiasticam
988 2307 1064 2390 quid
1081 2314 1207 2390 gestum
1225 2305 1341 2368 dicitur
1357 2303 1568 2388 disciplinam,
1590 2326 1630 2368 ne
1648 2327 1706 2368 nos
1727 2312 1801 2367 anta
1824 2303 1921 2367 deum

243 2409 338 2497 culpa
361 2433 404 2474 ex
428 2410 683 2475 dissimulatione
708 2411 889 2496 redarguat,
926 2413 1143 2497 irrequisitum
1168 2410 1230 2476 hoc
1262 2411 1442 2496 relinquere
1476 2431 1537 2474 non
1572 2411 1737 2473 audemus.
1771 2409 1924 2474 Peruenit

246 2519 354 2602 itaque
381 2517 421 2579 ad
439 2539 506 2598 nos,
531 2516 617 2601 quod
643 2539 700 2601 per
720 2518 926 2579 simoniacam
951 2515 1108 2580 haeresim
1133 2516 1231 2581 fueris
1247 2515 1421 2580 ordinatus.
1447 2514 1511 2580 Sed
1535 2525 1567 2579 et
1589 2514 1652 2578 alia
1686 2515 1789 2578 de'te
1822 2513 1924 2578 multa

242 2621 295 2686 hic
318 2621 405 2686 dicta
428 2633 510 2704 suut,
535 2623 575 2684 de
597 2621 715 2706 quibus
746 2643 843 2686 unum
882 2643 977 2706 quam
1008 2623 1150 2686 maxime
1180 2621 1250 2703 fuit,
1275 2621 1512 2706 propterquod
1539 2643 1670 2685 necesse
1694 2620 1866 2685 habuimus
1890 2631 1922 2684 te

243 2749 445 2811 summopere
465 2749 522 2811 per
547 2728 667 2810 scripta
690 2734 798 2788 nostra
817 2725 998 2810 prohibere,
1016 2748 1055 2789 ne
1073 2728 1241 2790 missarum
1271 2726 1416 2790 solennia
1443 2725 1606 2794 celebrare
1622 2725 1799 2807 debuisses,
1818 2726 1924 2790 donec

243 2832 320 2919 quid
345 2843 430 2896 esset
447 2834 564 2912 verius,
589 2833 804 2916 potuissemus
827 2831 1005 2895 addiscere.
1024 2831 1071 2894 Ne
1088 2855 1174 2916 ergo,
1192 2831 1248 2916 fili,
1265 2831 1420 2896 ecclesiae
1444 2831 1497 2896 diu
1522 2832 1692 2895 videantur
1715 2854 1777 2894 non
1802 2831 1924 2896 habere

242 2947 413 3024 pastorem,
443 2947 475 3002 et
499 2960 538 3000 ne
562 2959 619 3022 per
640 2936 720 3000 haec
743 2958 825 3022 quac
845 2937 1005 3016 dicuntur,
1026 2939 1052 3000 si
1078 2937 1258 3000 indiscussa
1289 2939 1510 3014 remanserint,
1544 2935 1726 3000 huiusmodi
1751 2939 1923 3001 sevitium

243 3043 354 3107 tendat
383 3044 415 3107 in
452 3040 617 3128 plurimos,
652 3041 815 3106 hortamur
847 3053 882 3105 ut
912 3041 953 3104 ad
983 3065 1041 3104 nos
1074 3045 1184 3105 venire
1216 3042 1302 3104 omni
1334 3044 1510 3127 postposita
1544 3044 1751 3106 excusatione
1780 3041 1924 3124 lestines,

242 3158 401 3235 quatenus
427 3157 555 3211 seruata
577 3148 708 3228 iustitia,
732 3147 812 3211 haec
827 3159 860 3211 et
875 3169 1070 3233 cognoscere
1087 3159 1119 3212 et
1139 3149 1229 3212 finire
1247 3147 1421 3210 secundnm
1447 3149 1601 3212 canonica
1623 3148 1768 3212 instituta
1792 3145 1923 3212 Christo

240 3254 408 3319 reuelante
442 3255 611 3338 possimus.
645 3253 695 3316 Ita
718 3265 826 3321 autem
849 3251 909 3333 fac,
943 3264 977 3316 ut
1006 3252 1048 3316 ad
1080 3249 1273 3316 veniendum
1308 3252 1446 3338 amplius
1479 3254 1540 3314 iam
1564 3274 1670 3316 moras
1695 3275 1758 3316 non
1782 3255 1923 3338 ingeras,

242 3385 283 3426 nc
307 3363 378 3446 ipsa
401 3371 432 3423 tn
458 3360 560 3444 magis
584 3359 731 3423 absentia
754 3359 930 3423 obnoxium
955 3362 1004 3422 his
1021 3381 1103 3444 quae
1120 3359 1270 3445 dicuntur
1286 3360 1438 3442 assignet,
1457 3369 1488 3421 et
1504 3381 1562 3422 nos
1587 3360 1618 3422 in
1637 3367 1669 3422 te
1686 3357 1766 3423 baec
1788 3382 1922 3426 resnou

243 3467 345 3532 solum
372 3476 502 3552 propter
526 3465 612 3529 dicta
635 3467 779 3547 crimina,
804 3487 886 3550 quae
919 3487 1058 3549 purgare
1082 3463 1288 3548 subterfugis,
1321 3463 1377 3526 sed
1402 3467 1497 3526 etiam
1522 3475 1653 3549 propter
1677 3463 1919 3530 inobedientiae

242 3576 369 3659 culpam
394 3573 515 3653 durius,
533 3573 657 3635 scilicet
681 3580 714 3633 ut
738 3573 769 3633 in
794 3580 1025 3650 contumacem,
1051 3581 1145 3654 cogat
1168 3592 1210 3633 ex
1233 3567 1368 3632 concilio
1391 3568 1473 3632 ferre
1494 3569 1657 3634 iudicium.

392 3763 494 3819 Mansi.
519 3761 657 3819 Collectio
682 3763 788 3820 Concil,
813 3764 847 3818 T.
871 3765 907 3819 X.
932 3771 980 3818 str.
1007 3764 1034 3816 3.

494 4053 498 4069 '
612 4058 773 4142 XXXI.
801 4057 893 4141 596.
921 4059 1107 4159 mjeseon
1133 4055 1307 4159 stetnju.
1336 4058 1373 4140 U
1402 4055 1545 4140 len.

244 4254 346 4332 Grpar
368 4255 395 4314 1.
422 4274 509 4331 popu
537 4257 700 4330 aupoviedu
729 4260 889 4328 opctoouno
920 4255 1075 4314 Maksimu
1103 4255 1230 4326 atsaapa
1253 4255 1444 4323 salicetum,
1468 4255 1508 4312 du
1537 4253 1622 4328 andja
1645 4271 1666 4312 a
1690 4257 1758 4315 Rim
1781 4259 1793 4316 ι’
1816 4259 1855 4318 du
1883 4277 1922 4320 ne

636 4364 788 4437 propnnjn
815 4359 948 4418 Paulina
971 4361 1097 4432 bistnpu
1119 4362 1131 4418 i
1152 4362 1308 4420 Honorntu
1328 4361 1531 4433 naddjakon-a.

558 4550 749 4636 Gregorius,
775 4550 921 4616 Maximo
945 4553 977 4615 in
1002 4550 1131 4632 Salona,
1156 4551 1209 4636 qui
1238 4553 1458 4635 episcopatum
1481 4551 1623 4636 arripnit.

402 4727 487 4794 Dum
506 4729 633 4814 scriptis
651 4727 778 4810 nostris,
803 4727 958 4812 quaesitis
982 4725 1174 4812 quibusdam
1197 4725 1468 4808 excusationibus,
1494 4724 1602 4788 differs
1627 4723 1844 4790 obedientiam
1867 4751 1924 4793 cx-

242 4831 364 4916 hibere,
388 4831 463 4898 dum
488 4855 546 4919 pro
569 4835 713 4896 veritatis
731 4831 949 4896 satisfactione
966 4831 1059 4896 toties
1083 4856 1102 4894 a
1127 4831 1218 4895 nobis
1236 4831 1418 4908 admonitus
1442 4831 1553 4893 venire
1577 4831 1751 4914 postponis,
1774 4833 1814 4896 iis
1840 4855 1925 4920 quae

239 4939 414 5004 adversum
440 4947 470 5002 te
494 4938 579 5002 dictu
604 4949 677 5001 sunt
700 4937 794 5002 fidem
821 4960 863 5002 ex
888 4937 948 5002 hoc
972 4938 1074 5022 magis
1098 4937 1302 5018 accomodes,
1326 4945 1358 5000 et
1378 4935 1431 4998 vel
1455 4935 1480 4997 si
1506 4956 1587 5019 quae
1604 4934 1667 4998 alia
1690 4935 1804 5002 deesse
1835 4938 1927 5003 vide·

241 5043 368 5125 bantur,
393 5067 475 5130 quae
498 5053 634 5128 granant
657 5052 713 5107 aut
737 5057 881 5126 noceant,
907 5041 1026 5126 idagia
1050 5052 1085 5106 ut
1109 5039 1177 5106 sola
1203 5041 1312 5106 dilatio
1340 5041 1446 5122 faciat,
1472 5048 1646 5104 etaccuset
1667 5049 1697 5104 te
1721 5064 1793 5107 esse
1817 5043 1927 5130 culpa·

241 5147 349 5214 bilem.
366 5131 546 5212 Humiliare
571 5148 698 5213 tandem
720 5157 751 5213 et
771 5147 973 5213 obedientiae
998 5155 1028 5212 te
1053 5147 1215 5227 submitte,
1232 5155 1326 5232 atque
1343 5145 1383 5210 ad
1402 5167 1459 5209 nos
1485 5147 1553 5209 sine
1581 5147 1791 5212 excusatione
1815 5148 1928 5235 aliqua

241 5255 353 5318 venire
376 5253 501 5338 festina,
526 5264 561 5318 ut
583 5256 738 5342 requisita
763 5263 794 5318 et
817 5255 947 5337 cognita
972 5253 1117 5334 veritate,
1139 5251 1313 5317 secundum
1339 5249 1389 5315 dci
1414 5251 1570 5333 timorem,
1596 5249 1754 5337 quidquid
1784 5275 1925 5339 aequum

241 5359 496 5446 canonicumque
520 5360 616 5424 luerit
639 5361 840 5424 decernatur.
866 5357 981 5424 Oertus
1006 5361 1089 5423 enim
1108 5368 1187 5442 esto,
1204 5358 1281 5446 quia
1298 5358 1450 5421 iustitiam
1475 5355 1542 5441 tibi,
1568 5367 1599 5421 ct
1622 5380 1781 5424 canonum
1798 5368 1926 5426 statuta
