4310 5918
1762 445 1826 512 135

143 643 240 718 Asca,
260 643 347 710 Petri
364 641 594 723 archidiaconi,
612 639 784 728 presbiteri
798 640 895 724 Petri,
912 637 1121 729 omniumque
1135 639 1336 723 clericorum,
1353 643 1469 728 prioris
1483 640 1604 722 Valize,
1622 641 1823 722 Nichodemi,

144 751 354 836 prenominati
384 747 505 830 Duimi,
531 746 670 826 Claudii,
704 747 912 830 Mesagalins,
944 747 1066 830 Duimi,
1091 747 1149 812 filii
1179 747 1293 812 Veliae
1318 751 1541 833 prenominati,
1561 748 1671 812 Duimi
1697 748 1821 831 Draga*

141 859 193 922 uiti
224 877 263 920 ac
289 853 446 920 nobilium
480 853 635 920 laicorum
668 853 809 918 ciuitatis
835 851 994 937 spalatine
1028 853 1093 916 Sed
1118 855 1194 940 quia
1217 855 1430 936 incongruum
1452 875 1490 917 ac
1514 851 1628 916 inutile
1651 853 1822 916 uidebatur

139 959 259 1028 eisdem
293 957 595 1026 sanctimonialibus
620 957 736 1023 fratres
759 957 812 1022 vel
833 959 1008 1023 'seruitores
1034 979 1132 1021 sexus
1148 958 1316 1022 masculini
1335 961 1454 1044 pariter
1477 981 1685 1040 commorare,
1712 957 1822 1022 habito

138 1064 281 1147 consilio,
308 1065 450 1130 studiose
474 1064 592 1146 locam,
608 1066 640 1128 in
659 1085 722 1150 quc
747 1065 931 1150 prouisores
961 1063 1152 1128 ancillarum
1182 1063 1234 1128 dei
1268 1085 1413 1128 seorsum
1445 1074 1611 1128 manerent
1635 1065 1821 1150 perquirere

137 1172 318 1239 statuimus.
353 1171 464 1256 ltaque
492 1170 542 1238 dei
569 1169 777 1256 ordinacione
802 1169 890 1234 locus
907 1191 980 1234 cum
1005 1168 1152 1248 ecclesia,
1177 1191 1239 1255 que
1263 1191 1283 1232 a
1307 1166 1389 1234 bone
1414 1173 1565 1234 memorie
1590 1171 1669 1250 viro,
1697 1167 1820 1242 scilicet

138 1276 305 1341 sacerdote
335 1274 478 1358 Andrca,
512 1275 674 1362 quondam
709 1274 750 1338 ad
783 1274 936 1366 honorem
967 1283 1076 1338 sancte
1109 1272 1160 1338 dei
1193 1276 1360 1360 genitricis
1391 1283 1423 1342 ct
1454 1277 1590 1360 virginis
1622 1275 1724 1360 Marie
1747 1297 1822 1339 con·
1862 1295 1870 1304 ·

137 1389 258 1446 structa
281 1379 462 1462 uidebatur,
487 1383 596 1446 inueta
623 1388 681 1445 est.
716 1379 810 1444 Unde
842 1381 1003 1445 communi
1032 1381 1174 1444 omnium
1210 1379 1400 1444 clericorum
1431 1403 1470 1443 ac
1500 1379 1674 1466 laycorum,
1707 1382 1823 1466 prioris

136 1485 288 1552 videlicet
308 1488 485 1566 memorati,
513 1488 721 1572 omniumque
745 1484 901 1550 nobilium
927 1484 1101 1566 voluntate,
1125 1509 1266 1550 necnon
1301 1485 1355 1550 illo
1384 1485 1497 1552 eodem
1522 1487 1746 1550 consenciente
1770 1487 1822 1550 cui

136 1591 280 1658 eiusdem
315 1591 451 1670 ecclesie
480 1614 558 1656 cura
588 1591 694 1656 fuerat
715 1591 801 1670 data,
827 1592 859 1654 in
882 1597 1039 1674 potestate
1064 1589 1116 1654 dei
1147 1611 1313 1656 seruorum
1345 1589 1386 1654 ad
1418 1590 1593 1674 regendum
1626 1590 1825 1673 currendata,

93 1751 100 1764 .
138 1677 407 1785 illamffrrephato
431 1697 566 1762 cenobio
588 1717 659 1763 curn
685 1701 780 1762 terris
804 1717 843 1759 ac
866 1696 971 1760 vineis
995 1695 1042 1759 vel
1068 1694 1170 1776 libris,
1196 1718 1253 1760 seu
1272 1696 1430 1784 quicquid
1448 1696 1566 1760 habere
1585 1695 1755 1760 videbatur
1779 1696 1819 1759 ad

135 1802 291 1868 auxilium
318 1804 492 1884 firmantes,
517 1812 669 1889 perpetue
703 1803 928 1882 concessimus,
967 1802 1011 1864 ita
1033 1800 1173 1886 quidem,
1200 1811 1234 1864 ut
1256 1803 1527 1866 restauracionem
1551 1801 1599 1865 eui
1617 1811 1718 1864 status
1735 1799 1822 1864 nullo

138 1920 291 1994 tempore,
325 1909 410 1995 quod
436 1920 485 1974 est
507 1907 586 1974 illud
611 1909 729 1972 editicii
756 1907 807 1970 vel
833 1906 934 1970 diuini
959 1908 1043 1971 oficii
1068 1908 1262 1970 ammitteret
1286 1903 1337 1970 Ad
1363 1905 1431 1986 bec,
1456 1916 1529 1970 ante
1556 1905 1771 1968 stabiliuimus
1796 1907 1823 1968 si

135 2013 307 2078 habuerint
328 2015 458 2098 nauigia
489 2017 558 2079 siue
591 2015 760 2094 comercis,
794 2021 869 2076 eant
893 2021 925 2076 et
948 2013 1091 2077 redeant.
1117 2013 1295 2076 Piscatores
1324 2033 1456 2097 gyrrum
1488 2011 1550 2076 eibi
1584 2011 1721 2096 gaietam
1754 2035 1822 2096 pre·

136 2120 237 2184 beant.
263 2120 292 2186 1.
318 2118 383 2184 Atii
407 2129 514 2182 autem
539 2121 716 2204 piscatores
728 2117 872 2202 singulos
888 2139 959 2180 cum
989 2115 1169 2198 habuerint,
1195 2115 1341 2181 deferant
1369 2119 1484 2202 pisces.
1510 2117 1746 2201 Quodcumque
1770 2139 1823 2178 na-

23 2219 24 2222 *
135 2225 267 2307 sigium,
292 2225 453 2290 frumenta
477 2223 655 2304 deferreus,
672 2221 800 2308 singula
817 2223 924 2286 modia
954 2221 1146 2288 contribuat.
1171 2222 1316 2304 Terram,
1348 2243 1411 2306 que
1431 2244 1529 2307 prope
1557 2223 1750 2284 monasterio
1774 2231 1824 2285 est

134 2351 194 2414 que
218 2330 341 2394 dicitur
363 2329 404 2393 ad
427 2329 634 2410 Gusternam,
658 2331 735 2414 quia
758 2331 790 2392 in
815 2351 984 2392 commune
1008 2338 1086 2409 erat,
1107 2328 1169 2392 sibi
1190 2332 1418 2393 concessimus.
1446 2327 1495 2390 De
1519 2327 1682 2390 sororibus
1705 2337 1824 2406 autem,

136 2457 196 2519 que
218 2457 306 2499 nunc
328 2436 457 2498 domino
475 2436 634 2498 seruitute
657 2435 700 2498 ibi
719 2433 942 2516 ingrediuntur
958 2432 1009 2496 vel
1033 2455 1096 2520 que
1111 2433 1226 2498 codem
1244 2435 1377 2498 incitate
1401 2437 1586 2518 ingressure
1603 2433 1738 2512 aderint,
1755 2434 1822 2495 suis

137 2539 355 2622 facultatibus,
378 2542 475 2604 immo
499 2541 670 2604 territoriis
695 2540 796 2606 libera
812 2549 928 2603 cuncta
948 2561 1011 2626 que
1026 2541 1057 2602 in
1080 2540 1234 2625 prephato
1250 2541 1444 2603 monasterio
1464 2537 1637 2624 optulerint
1654 2538 1822 2616 territoria,

137 2644 286 2708 volumus
311 2645 426 2710 adesse
449 2645 491 2710 ab
514 2647 653 2710 humano
677 2653 792 2709 cuncto
827 2645 976 2726 seruicia,
1001 2643 1125 2708 scilicet
1145 2645 1189 2709 ab
1211 2643 1265 2708 illo
1300 2645 1391 2731 'quod
1417 2645 1514 2728 vulgo
1545 2646 1669 2708 zuirum
1693 2641 1821 2706 dicitur.

23 2781 24 2838 ]
135 2749 366 2814 Verumtamen
390 2761 423 2816 et
442 2749 503 2814 hoc
533 2748 620 2836 quod
645 2750 707 2817 sibi
738 2751 916 2818 iniunctum
947 2760 1004 2830 est,
1032 2773 1051 2812 a
1077 2749 1169 2833 nobis
1193 2751 1304 2834 gracia
1327 2748 1588 2814 honorisnostrc
1616 2747 1823 2832 methropclis

135 2853 281 2936 ecclesie,
300 2857 332 2919 in
350 2855 503 2942 precipua
519 2856 704 2937 foelicitate,
721 2855 874 2920 videlicet
891 2856 1071 2920 beatissimi
1090 2855 1232 2937 Domnii,
1252 2855 1333 2920 duos
1346 2857 1465 2940 quippe
1489 2877 1606 2919 cereos.
1623 2853 1822 2938 singularum

135 2958 290 3026 librarum
315 2971 347 3025 et
371 2961 451 3027 duas
474 2962 599 3026 oblatas
627 2971 751 3027 tantum
776 2962 912 3026 offerant
947 2964 978 3026 in
1007 2961 1170 3026 tributum.
1196 2961 1326 3026 Deinde
1350 2969 1426 3026 vem
1451 2960 1528 3026 nulli
1553 2962 1743 3026 subiaceant
1765 2960 1820 3024 tri·

137 3067 218 3144 bulo,
245 3066 326 3132 nulli
352 3057 389 3132 vi
408 3068 596 3149 subsistant,
621 3069 681 3132 nisi
704 3069 809 3152 gratia
831 3055 1018 3132 dileccionis
1046 3078 1079 3131 et
1108 3073 1249 3132 munere'
1273 3067 1441 3130 oracionis.
1474 3067 1579 3132 Hacta
1609 3075 1683 3130 sunt
1714 3075 1820 3128 autem

22 3211 24 3216 ,
135 3172 191 3237 hac
207 3195 321 3238 menae
333 3173 534 3254 duodecimo,
549 3183 623 3238 ante
641 3175 790 3238 noticiam
811 3171 922 3236 hurum
942 3175 1086 3238 testium.
1103 3173 1140 3236 ln
1159 3173 1271 3256 primis
1284 3171 1397 3236 Valiae
1413 3183 1448 3236 et
1464 3171 1654 3236 Niclrodemi
1670 3172 1822 3255 priorum,

138 3277 221 3340 Petri
246 3278 480 3358 archidiaconi,
505 3276 613 3341 Miche
636 3277 923 3364 archipresbyteri,
946 3277 1055 3342 domni
1077 3275 1236 3341 Johaunis
1254 3276 1445 3362 presbytcri,
1469 3285 1501 3340 et
1524 3275 1682 3352 monachi,
1706 3274 1819 3338 Basilii

137 3382 306 3468 capellani,
331 3382 455 3448 Stefani
488 3382 678 3468 presbyteri,
713 3383 840 3445 diaconi
875 3381 1044 3463 Fuscunis,
1078 3381 1259 3468 presbyteri
1290 3380 1460 3464 Johannis,
1492 3381 1673 3466 presbytcri
1697 3380 1821 3464 Papini,

136 3487 241 3550 llicha
264 3487 457 3574 presbyteri,
482 3487 623 3568 Martini,
646 3487 838 3573 presbytcri,
865 3487 1025 3550 lobannis
1043 3487 1238 3566 iudicatoris,
1263 3487 1375 3550 Duimi
1399 3485 1506 3550 domni
1534 3485 1630 3566 Petri,
1660 3483 1819 3550 Jobannis

138 3591 335 3678 blesagaline
359 3603 391 3658 et
413 3593 521 3656 fratria
546 3593 658 3677 ipsius,
691 3589 850 3656 Johannis
874 3591 913 3656 de
940 3592 1053 3673 Porta,
1070 3591 1180 3654 Duimi
1204 3591 1314 3656 domni
1338 3591 1450 3674 Dragi,
1474 3591 1618 3655 Formini
1650 3590 1767 3654 Busice
1790 3601 1822 3652 ot

137 3701 279 3762 omnium
304 3697 493 3762 clericorum
512 3701 612 3762 sancti
630 3695 813 3762 Domniiac
831 3697 995 3784 laycorum
1014 3697 1171 3784 spalatino
1195 3695 1294 3762 urbis.
1320 3698 1353 3760 Si
1378 3700 1450 3782 quis
1475 3707 1592 3774 autem,
1617 3696 1702 3782 quod
1726 3695 1821 3776 absit,

22 3861 24 3896 ἓ
138 3803 228 3867 huius
254 3815 364 3867 nostre
398 3803 670 3876 confirmacionis·
690 3801 826 3867 violator
857 3804 1028 3868 temerario
1060 3822 1140 3880 ausu
1170 3802 1322 3882 extiterit,
1356 3803 1469 3864 iratum
1503 3799 1621 3864 habeat
1651 3803 1768 3864 trinum
1790 3810 1823 3862 et

138 3931 230 3972 unum
257 3908 356 3973 deum
381 3919 412 3972 vt
436 3905 521 3973 000
538 3907 649 3972 decem
670 3919 701 3970 et
720 3917 792 3971 octo
818 3917 1001 3972 sanctorum
1022 3917 1146 3992 patrum
1164 3915 1380 3992 consequatur
1403 3903 1676 3986 maledic-cionem,
1694 3915 1725 3966 ct
1748 3928 1819 3968 cum

22 4011 23 4014 '
136 4015 228 4094 duda,
254 4025 444 4100 perpetuam
470 4017 628 4078 sustineat
651 4014 921 4098 dampnicicnem.
960 4011 1030 4096 Ego
1055 4034 1131 4075 vero
1157 4009 1324 4074 Tecdorus
1349 4009 1423 4073 licet
1447 4011 1625 4074 immeritus
1652 4009 1820 4096 presbyter

22 4145 23 4208 p
137 4129 167 4182 et
186 4117 400 4184 cancellarius
420 4119 556 4184 ecclesie
581 4119 682 4183 sancti
708 4118 848 4198 Domnii,
865 4139 923 4203 per
939 4119 1112 4181 iussionem
1130 4116 1250 4180 domiui
1270 4119 1329 4180 mei
1350 4119 1560 4204 prenominati
1585 4116 1819 4202 archiepiscopi

138 4225 227 4290 huius
252 4225 514 4290 confirmacionis
538 4224 723 4288 dictaminis
747 4225 885 4308 scriptor
908 4233 940 4287 et
964 4228 1054 4286 testis
1078 4245 1159 4286 sum.

294 4331 481 4416 Pripisanc:
515 4329 586 4414 Ego
611 4329 752 4410 Nemira,
778 4328 843 4392 filia
872 4326 1071 4412 Mesagalina
1094 4329 1156 4391 emi
1183 4329 1245 4391 isto
1279 4326 1359 4408 loco,
1385 4327 1439 4390 ubi
1471 4326 1617 4390 edilicaui
1651 4326 1821 4390 ecelesiam

139 4438 235 4499 sancti
261 4433 397 4518 Nicolai,
423 4458 480 4521 pro
505 4437 637 4518 triginta
671 4435 856 4514 romanatis,
882 4443 914 4496 et
937 4433 1038 4496 offero
1063 4456 1134 4496 eam
1158 4435 1198 4495 ad
1227 4455 1357 4496 onorem
1381 4433 1482 4498 sancti
1517 4432 1682 4498 Benedicti
1705 4428 1824 4496 et'una

22 4591 23 4606 .
140 4565 213 4625 pera
238 4553 324 4607 terre
357 4543 387 4604 in
421 4541 492 4605 loco
522 4541 576 4604 ubi
610 4539 727 4604 dicitur
758 4549 848 4626 petra
879 4540 910 4602 in
943 4537 1037 4602 Pinat
1068 4547 1100 4602 et
1128 4560 1226 4603 unum
1260 4540 1412 4602 amictum
1444 4560 1587 4602 aureum.
1620 4536 1692 4622 Ego
1715 4547 1821 4602 autem

141 4647 307 4734 presbyter
330 4645 500 4710 'l'ccdorus
524 4647 649 4732 scripsi.
680 4705 683 4710 .

291 4757 422 4812 Iarornik
446 4775 483 4812 ns
506 4757 569 4812 troni
595 4756 731 4812 uarkiru
755 4755 948 4828 kaludjericah
971 4773 988 4810 u
1013 4755 1114 4810 Zadru.

736 4975 902 5058 uuvll.
929 4975 1019 5057 (lko
1045 4997 1084 5074 g.
1111 4975 1229 5057 lota.

162 5141 308 5200 Kresimr'r
332 5139 390 5200 IV.
412 5140 493 5212 leratj
516 5139 652 5197 lrrvclslcl
674 5139 780 5211 dureris
802 5142 977 5197 samostann
997 5155 1038 5197 sc.
1067 5136 1156 5204 Torua¹
1177 5155 1197 5194 u
1222 5135 1374 5210 Balyradrr
1397 5137 1480 5208 rrjche
1503 5138 1603 5208 acnrlye
1628 5155 1646 5193 n
1670 5135 1801 5208 Stdruyr'.

295 5277 367 5366 Ego
392 5297 450 5339 rex
476 5275 656 5346 Chresimir
679 5298 737 5360 per
761 5275 926 5339 caritatem
963 5271 1013 5336 dci
1036 5281 1068 5336 et
1093 5273 1184 5336 beato
1209 5273 1310 5336 Maris
1336 5274 1470 5357 virginis
1495 5295 1639 5336 necnon
1666 5282 1698 5334 et
1716 5273 1833 5336 saucti'

22 5379 24 5392 '
138 5371 264 5446 ¹Thome
288 5381 437 5468 apostoli,
460 5380 600 5466 aliquam
636 5379 890 5446 benedictionem
920 5377 1004 5442 dono
1036 5399 1094 5464 pro
1124 5377 1346 5463 redemptione
1379 5375 1579 5442 anime'mce
1610 5397 1820 5464 meorumque
