4254 5922
245 449 247 460 ‚
321 381 384 448 208

321 585 472 662 utrasque
496 597 548 642 res
572 573 783 640 discernendo
811 573 935 639 diuidit.
968 573 1019 639 Ad
1052 573 1283 640 Penninuanch
1315 573 1467 660 quicquid
1491 571 1537 638 ibi
1553 571 1735 656 habuimus,
1758 570 1800 637 ad
1824 570 1992 638 ecclesiam

319 681 464 748 Aneonis
487 689 519 747 et
542 677 789 768 Witanesperoh
811 679 964 767 quicquid
990 681 1035 746 ibi
1063 679 1244 763 habuimus,
1276 689 1411 768 excepto
1436 679 1523 766 quod
1545 679 1780 764 Mosogouuoui
1812 677 1923 744 datum
1945 687 1993 742 est
2111 727 2112 756 ᾗ

320 788 382 856 hoc
402 798 450 856 est
473 787 556 854 hobe
580 797 718 854 centum.
743 785 797 852 Ad
821 787 990 854 ecclesiam
1014 785 1150 870 Eliadis,
1166 781 1344 852 ¹ecclesiam
1368 787 1543 872 Minigonis
1564 785 1757 873 presbyteri,
1779 783 1821 850 ad
1839 781 1991 870 Guntpol·

320 894 456 962 desdori
469 893 623 982 quicquid
646 893 691 959 ibi
714 892 895 980 habuimus,
919 892 961 958 ad
984 892 1109 980 Rapam
1133 903 1164 958 et
1192 891 1359 958 Sabariam
1383 894 1547 958 ciuitatem
1568 891 1737 960 ecclesiam
1765 913 1841 958 cum
1870 888 1993 956 decima
2111 901 2112 928 ³

320 1011 351 1066 et
374 999 540 1084 theloneis,
563 1001 677 1080 vineis,
701 1001 799 1086 agris,
823 1000 933 1086 pratis,
952 999 1090 1085 pascuis,
1115 997 1252 1080 forestis,
1282 999 1455 1083 montibus,
1479 999 1667 1086 cunctisque
1691 997 1734 1064 ad
1758 997 1895 1064 eandem
1918 997 1992 1062 ciui·

318 1117 416 1172 tatem
440 1107 587 1194 legaliter
610 1105 853 1194 pertinentibus,
880 1105 932 1170 Ad
957 1106 1076 1170 siccam
1102 1103 1280 1188 Sabariam,
1302 1105 1344 1170 ad
1361 1105 1598 1189 Pennincbaba,
1615 1105 1656 1170 ad
1678 1102 1875 1172 Mosaburob
1896 1103 1994 1170 abba·

318 1216 401 1280 ciam
426 1215 480 1281 ubi
504 1223 643 1304 sanctus⁸
657 1211 820 1280 Adrianus
842 1213 1014 1300 requiescit
1037 1213 1150 1278 martir
1173 1210 1303 1292 Christi,
1333 1234 1428 1298 quam
1453 1221 1675 1278 antecessores
1699 1211 1799 1277 nostri
1831 1209 1873 1274 ad
1904 1231 1991 1296 prae·

318 1321 438 1388 dictum
462 1321 690 1386 monasterium
713 1318 921 1394 tradiderunt,
945 1327 977 1386 et
1000 1341 1057 1384 nos
1074 1318 1250 1401 firmamus.
1267 1317 1392 1383 Nonam
1411 1339 1539 1404 quoquc
1557 1317 1598 1384 do
1614 1317 1763 1384 omnibus
1779 1316 1925 1384 curtibus
1940 1339 1993 1382 nc

317 1429 393 1492 stris
415 1426 494 1492 inibi
518 1448 589 1492 oum
614 1425 762 1491 theloneo
785 1429 817 1490 in
839 1427 970 1492 ciuitate
994 1435 1026 1492 et
1051 1427 1177 1512 piscina
1205 1423 1441 1491 confirmamus.
1462 1423 1517 1490 Ad
1540 1423 1737 1511 Salapiugen
1762 1435 1885 1490 curtem
1910 1419 1994 1488 000
2111 1439 2112 1448 ’

317 1534 448 1598 mansis.
472 1543 505 1600 et
527 1531 660 1598 totidem
682 1534 798 1606 vineis,
820 1531 872 1596 vel
896 1532 1050 1618 quicquid
1078 1533 1122 1598 ibi
1139 1531 1320 1599 habuimus.
1336 1531 1520 1598 Ecclesiam
1536 1531 1577 1597 ad
1596 1531 1807 1616 Quartinahe,
1824 1529 1992 1598 ecclesiam
2110 1553 2112 1560 ’

316 1640 358 1706 ad
380 1637 491 1721 (lensi,
515 1637 686 1704 ecclesiam
711 1639 752 1704 ad
772 1637 969 1725 Ternpercb,
993 1638 1163 1706 ecclesiam
1188 1637 1362 1722 Gundoldi,
1385 1638 1427 1704 ad
1462 1639 1502 1706 V.
1538 1638 1693 1706 ecclesias
1722 1660 1794 1704 cum
1825 1636 1995 1718 theloneis,
2111 1709 2112 1724 ,

316 1767 355 1810 ac
378 1746 491 1827 vineis,
520 1744 659 1827 forestis,
694 1753 726 1808 et
756 1767 826 1810 cnm
861 1745 1010 1812 omnibus
1043 1767 1127 1832 quae
1159 1743 1202 1812 ab
1233 1743 1492 1827 antecessoribus
1527 1745 1645 1810 uostris
1672 1755 1769 1812 antea
1799 1743 1993 1808 beneficiata
2110 1725 2112 1784 l

319 1863 421 1936 arant,
444 1853 477 1916 in
503 1853 667 1938 proprium
691 1851 865 1917 firmamus.
888 1851 941 1917 Ad
964 1852 1175 1939 Rugiuesfeld
1195 1851 1350 1938 quicquid
1367 1851 1411 1916 ibi
1433 1850 1612 1918 habuimus.
1631 1850 1683 1918 Ad
1699 1851 1877 1918 Turnouua
1892 1846 1993 1914 eccle·

316 1961 395 2026 siam
420 1980 502 2045 quae
527 1969 576 2024 est
599 1967 783 2024 constructa
819 1961 850 2022 in
882 1956 1003 2024 honore
1027 1961 1130 2024 sancti
1158 1958 1348 2040 Roudberti,
1378 1967 1559 2024 ceterorum
1590 1980 1653 2043 que
1685 1967 1867 2022 sanctorum
1897 1976 1995 2042 quam
2111 2039 2112 2042 Ἴ

315 2065 524 2153 plurimorum
548 2073 734 2152 martyrum,
751 2087 822 2130 cum
840 2075 947 2130 monte
963 2065 1131 2130 Parauuoz
1154 2065 1248 2148 dioto,
1273 2087 1345 2132 curn
1367 2069 1479 2149 vineis,
1503 2067 1612 2152 pratis,
1637 2063 1738 2148 silvis,
1755 2073 1875 2129 etcum
1891 2062 1993 2128 omni·

316 2173 376 2238 bus
400 2195 482 2260 quae
507 2171 552 2238 ibi
576 2183 650 2236 sunt
673 2173 759 2236 circa
779 2181 917 2236 montem
942 2173 1011 2236 sita.
1034 2170 1089 2237 Ad
1112 2172 1277 2238 Petouiam
1307 2171 1478 2238 ecclesiam
1504 2195 1576 2238 cum
1598 2171 1726 2238 decima
1741 2182 1773 2236 et
1788 2171 1869 2236 duas
1886 2179 1995 2256 partes

314 2279 463 2362 ciuitatis,
480 2300 550 2342 cum
571 2277 694 2360 bannis,
713 2275 869 2340 theloneis
886 2288 917 2342 et
933 2288 1037 2364 ponte,
1055 2300 1138 2365 quae
1153 2279 1194 2344 ab
1213 2277 1472 2344 antecessoribus
1496 2280 1613 2344 nostris
1644 2277 1909 2344 confirmantibus
1942 2274 1996 2340 illo

315 2385 432 2452 tradita
455 2396 554 2450 erant.
578 2383 622 2448 Et
646 2385 776 2470 insuper
799 2385 932 2448 terciam
954 2395 1077 2470 partem
1102 2387 1254 2466 ciuitatis,
1277 2407 1360 2472 quae
1392 2386 1570 2470 proprietas
1597 2384 1657 2449 fuit
1687 2383 1871 2468 Carantani,
1895 2383 1992 2468 eique

314 2491 525 2558 diiudicatum
549 2501 628 2574 erat,
652 2513 689 2556 eo
712 2489 798 2577 quod
825 2511 899 2555 reus
928 2491 1106 2556 maiestatis
1138 2494 1327 2557 criminatus
1359 2501 1407 2556 est
1437 2502 1593 2570 constare,
1625 2493 1772 2586 exceptis
1802 2490 1866 2554 illis
1896 2489 1995 2556 rebus

314 2621 396 2685 quae
417 2621 493 2663 snae
518 2593 613 2662 uxori
636 2617 789 2663 concesse
813 2597 951 2680 fuerunt,
976 2597 1009 2661 id
1036 2607 1085 2662 est
1108 2600 1140 2664 in
1165 2599 1323 2685 superiori
1350 2599 1480 2662 ciuitate
1504 2599 1535 2664 in
1560 2597 1707 2663 orientali
1738 2607 1829 2684 parte
1851 2597 1995 2662 ciuitatis
2110 2615 2112 2650 1

313 2703 458 2770 curtilem
483 2703 599 2786 locum,
620 2703 675 2768 ubi
700 2726 785 2781 noua
807 2703 943 2770 ecclesia
964 2705 1092 2791 incepta
1115 2715 1173 2786 est,
1200 2715 1299 2790 atque
1325 2706 1357 2770 in
1383 2703 1524 2770 inferiori
1541 2707 1671 2770 ciuitate
1694 2703 1886 2768 occidentali
1903 2710 1996 2786 parte

314 2813 453 2878 ciuitatis
477 2812 577 2896 ipsius
601 2808 657 2874 illa
680 2809 806 2874 curtilia
827 2809 907 2893 loca,
931 2832 1013 2896 quae
1038 2813 1069 2876 in
1092 2811 1248 2897 potestate
1264 2823 1340 2876 tunc
1360 2809 1473 2876 habuit
1489 2833 1561 2876 cum
1586 2811 1678 2876 bobis
1703 2809 1741 2876 0.
1765 2819 1798 2873 et
1820 2811 1927 2874 vineis
1951 2805 1994 2872 X.

313 2917 350 2982 In
375 2914 592 2982 Cistanesfeld
615 2917 779 2982 firmamus
798 2915 838 2980 ad
863 2917 1043 3001 praefatum
1069 2919 1299 2982 monasterium
1328 2919 1413 2982 sicut
1435 2919 1542 2982 acervi
1564 2919 1628 2982 duo
1652 2927 1752 3004 prope
1775 2915 1921 2982 Travnm
1939 2937 1992 3002 po·

313 3024 365 3088 siti
388 3033 471 3105 sunt,
496 3045 539 3086 ex
563 3024 745 3088 summitate
768 3023 943 3108 superioria
967 3034 998 3088 et
1021 3026 1191 3089 exterioris
1220 3025 1346 3089 termini
1360 3026 1415 3110 qui
1432 3023 1599 3110 Wagreini
1627 3024 1752 3107 dicitur,
1776 3033 1808 3090 et
1831 3024 1916 3088 sicut
1940 3021 1993 3088 ille

311 3129 479 3215 Wagreini
503 3129 605 3194 tendit
626 3151 727 3214 usqne
750 3127 826 3194 dum
846 3129 1010 3196 Treuuina
1026 3129 1097 3196 fluit
1119 3133 1152 3196 in
1174 3153 1300 3196 amnem
1318 3129 1473 3194 Trauum.
1491 3129 1543 3194 Ad
1559 3128 1701 3216 Sulpam,
1725 3131 1887 3194 ciuitatem
1903 3129 1989 3214 Zuip

311 3245 468 3318 vocatam,
488 3259 560 3302 cum
579 3235 727 3301 omnibus
744 3236 883 3302 instead
900 3237 1034 3304 eandem
1048 3239 1212 3302 ciuitatem
1226 3235 1469 3324 pertinentibus,
1490 3259 1563 3302 cnm
1576 3237 1746 3324 quercetis,
1762 3237 1894 3321 campis,
1911 3237 1997 3300 siout
2110 3283 2112 3288 .

311 3342 366 3408 illa
389 3341 476 3406 fossa
490 3342 631 3427 incipite
646 3340 760 3406 Muora
776 3353 808 3406 et
823 3343 925 3408 tendit
940 3365 1042 3429 usque
1058 3342 1098 3407 ad
1115 3343 1344 3425 Luonnniaam,
1368 3353 1399 3410 et
1425 3353 1458 3406 nt
1481 3343 1666 3408 Luonaniaa
1689 3354 1721 3410 et
1733 3341 1835 3428 Sulpa
1849 3340 1890 3407 de
1915 3341 1993 3427 alpi·
2110 3381 2112 3434 Ξ

311 3448 371 3514 bus
401 3447 512 3528 fluunt,
531 3447 684 3532 quicquid
708 3449 790 3512 inter
814 3447 872 3514 hos
897 3449 977 3515 duos
993 3473 1103 3514 amnes
1117 3449 1283 3532 habemus,
1301 3459 1401 3516 toturn
1419 3450 1459 3516 ad
1477 3450 1675 3535 praedictum
1693 3450 1923 3514 monasterium
1941 3448 1992 3512 fir-

312 3577 444 3636 mamus,
462 3566 493 3618 et
513 3553 666 3618 forestum
686 3553 779 3618 Susel
797 3578 867 3620 eum
887 3555 1002 3640 banno,
1020 3560 1104 3622 sicut
1119 3560 1150 3622 in
1168 3569 1325 3647 potestate
1342 3571 1582 3626 antecessorum
1601 3568 1782 3624 nostrorum
1798 3557 1867 3624 fuit.
1884 3556 1992 3622 Vena-

311 3664 435 3727 cionem
453 3682 580 3748 qnoque
598 3661 629 3724 in
653 3659 801 3726 dulcibus
817 3660 964 3742 vallibus,
983 3685 1077 3750 quam
1098 3665 1233 3750 populus
1251 3689 1322 3732 cum
1347 3669 1557 3734 sacramentis
1574 3668 1607 3730 in
1631 3673 1820 3750 potestatem
1844 3673 1990 3730 anteces-

310 3791 417 3832 sorum
443 3778 621 3834 no-trorurn
648 3766 796 3847 firmauit,
822 3769 921 3834 idest
943 3769 1141 3836 ebdomadas
1165 3781 1229 3836 tres
1250 3782 1324 3838 ante
1347 3775 1563 3859 equinoctium
1581 3771 1799 3858 autumpnale,
1822 3782 1855 3838 et
1878 3781 1992 3858 postea

310 3895 410 3959 usque
435 3876 466 3937 in
492 3872 597 3938 natale
621 3875 721 3948 sancti
753 3873 884 3938 Martini
906 3875 947 3940 ad
972 3876 1137 3942 venandos
1150 3901 1241 3944 ursos
1255 3889 1286 3943 et
1298 3902 1401 3965 apros.
1427 3879 1479 3942 Ad
1494 3877 1716 3942 Luminieham
1748 3881 1839 3944 iuxta
1862 3878 1988 3965 Rapam

311 3979 464 4066 quiequid
489 3979 533 4043 ibi
557 3977 737 4056 habuimus,
762 3980 804 4046 ad
828 3979 1071 4068 Neaailinpaoh,
1096 3983 1137 4048 ad
1162 3983 1344 4050 Sabininarn
1382 3984 1548 4050 ecclesiam
1574 3996 1607 4050 et
1629 3994 1752 4050 curtem
1778 4007 1851 4050 cum
1868 3989 1990 4050 mansis

310 4086 347 4150 L.
374 4085 451 4150 Item
477 4086 517 4150 ad
542 4083 672 4170 Raparn,
697 4085 737 4148 ad
763 4085 948 4174 Tudleipin,
972 4089 1012 4154 ad
1037 4089 1216 4156 Labentem
1235 4091 1404 4157 ecclesiam
1423 4095 1524 4156 sancti
1549 4091 1708 4172 Andreae,
1730 4114 1825 4178 quarn
1842 4101 1989 4156 anteces-

310 4213 397 4258 sores
423 4194 520 4254 nostri
545 4192 585 4256 ad
610 4193 809 4278 praedictum
834 4199 1065 4261 monasterinm
1090 4198 1308 4279 firmauerunt,
1336 4221 1408 4262 oum
1431 4198 1564 4279 decima,
1590 4209 1625 4263 ut
1647 4199 1693 4262 ibi
1710 4197 1907 4264 consvetndo
1932 4209 1988 4280 est,

308 4308 340 4362 et
363 4298 402 4362 de
425 4297 569 4362 curtibus
588 4321 668 4384 quas
691 4310 911 4366 antecessores
935 4306 1034 4368 nostri
1057 4303 1102 4370 ibi
1126 4303 1315 4388 habuerunt,
1340 4304 1497 4371 decimam
1528 4315 1561 4368 et
1581 4306 1815 4371 in·cononibns
1835 4305 1981 4389 habetur,

310 4427 368 4468 nec
401 4427 463 4468 non
496 4406 736 4490 saginacionem
770 4408 801 4470 in
837 4410 922 4472 omni
954 4409 1102 4478 Labanta
1134 4409 1226 4489 valle,
1260 4420 1395 4498 excepto
1429 4421 1536 4476 monte
1565 4411 1661 4476 Forst
1690 4405 1863 4494 nominato,
1898 4412 1985 4498 ligna

310 4533 438 4596 quoque
465 4510 606 4610 secanda
629 4511 669 4575 ad
693 4511 871 4598 ecclesiam,
896 4524 927 4578 et
950 4515 1099 4582 adalind
1125 4519 1298 4582 seruicium
1323 4519 1475 4603 episcopi,
1501 4529 1565 4582 tarn
1591 4520 1621 4582 in
1649 4519 1727 4605 ¹ipso
1756 4527 1863 4583 monte
1889 4541 1985 4606 quam

309 4619 340 4680 in
366 4616 449 4681 alliis
474 4616 636 4682 montibus
658 4618 874 4702 concedimus,
898 4631 930 4685 et
953 4643 1047 4688 unam
1072 4623 1192 4687 fossam
1224 4625 1350 4690 ruderis
1373 4627 1404 4688 in
1428 4635 1535 4690 monte
1568 4625 1754 4694 Gamanara
1786 4651 1986 4714 semperpsr

308 4731 409 4788 totum
433 4745 550 4787 annum
575 4721 767 4789 habendam.
790 4723 842 4789 Ad
868 4723 1040 4792 Gurzinam
1065 4727 1256 4794 beneficium
1285 4729 1485 4815 Engilbaldi,
1509 4731 1551 4796 ad
1573 4730 1789 4800 Carantanam
1814 4735 1982 4802 ecclesiam

308 4837 439 4892 sanctae
463 4828 586 4894 Mariae
610 4850 681 4892 cum
706 4828 839 4912 decima,
864 4833 949 4896 sicot
965 4831 1202 4900 ecclesiasticus
1219 4836 1297 4902 ordo
1321 4837 1492 4923 praecipit,
1509 4837 1548 4902 de
1566 4837 1710 4904 curtibus
1735 4840 1886 4906 omnibus
1902 4863 1986 4928 qnae

308 4931 350 4998 ad
374 4932 548 5000 Carantam
572 4936 735 5000 ciuitatem
759 4939 926 5022 pertinent,
951 4938 983 5001 id
1009 4949 1058 5002 est
1073 4938 1204 5025 Trahof,
1220 4941 1426 5026 Grauindorf,
1445 4941 1589 5008 Gurnuz.
1615 4943 1666 5010 ud
1690 4944 1797 5010 Zrelin
1821 4949 1985 5032 operarios

308 5061 421 5105 seruos
445 5039 527 5104 duos
550 5042 582 5104 in
606 5051 713 5105 monte
737 5063 811 5105 cum
835 5039 927 5106 hobis
945 5042 1080 5128 illorum,
1106 5045 1195 5131 ligna
1213 5047 1335 5114 secada
1358 5051 1389 5112 in
1414 5051 1483 5136 ipso
1508 5060 1615 5116 monte
1640 5053 1709 5116 sine
1733 5053 1983 5121 contradictione

305 5148 448 5212 omnium
465 5144 628 5210 hominnm
647 5168 717 5212 curn
735 5149 947 5231 saginatione,
965 5149 1171 5234 Trenuinam,
1196 5151 1374 5234 Ostaruiza,
1402 5153 1627 5242 Orapncbfeld,
1655 5155 1785 5237 Vitrico,
1811 5158 1976 5236 Friesasb,

305 5253 424 5336 Gnrca,
450 5250 646 5340 szlnppa
672 5252 827 5338 Langoui,
852 5253 995 5335 Sublich,
1019 5256 1223 5344 Tinfinpacb,
1256 5259 1414 5344 Chatissa,
1443 5261 1587 5343 Pellisea,
1622 5262 1838 5344 Chumbenza,
1856 5265 1981 5348 pUndri·

307 5383 366 5444 ma,
393 5357 499 5442 Linta,
521 5357 706 5443 Lieznicba‚
730 5357 873 5444 Prukkn‚
898 5361 1052 5444 Macrine,
1076 5363 1225 5432 Liubiua.
1254 5367 1308 5432 Ad
1329 5367 1543 5436 Straainulam
1577 5369 1639 5437 duo
1662 5369 1741 5436 loca.
1770 5371 1821 5436 Ea
1845 5371 1916 5458 lege
1937 5395 1976 5436 ac
