4276 5934
1774 453 1836 518 193

157 645 248 698 neret
273 645 305 700 et
326 633 496 718 ordinaret,
521 635 709 710 Vincentius
733 637 835 702 abbas
859 639 960 702 sancti
985 637 1155 720 Crisogoni
1182 637 1220 702 de
1243 639 1372 722 Jadera,
1397 640 1437 704 ad
1454 641 1557 733 ipsius
1574 643 1832 708 mansuetudinis

156 739 382 804 excellentiam
407 741 575 814 accedens,
600 741 763 805 humiliter
787 751 817 806 et
841 752 1024 808 constanter
1055 746 1192 827 rogauit,
1225 755 1259 808 ut
1291 745 1388 808 solius
1428 747 1478 810 dei
1515 749 1632 811 intuitu
1666 757 1698 812 ct
1732 751 1832 835 ipsius

155 847 260 910 saneti
285 847 424 908 martiris
450 847 571 909 meritis
596 846 635 908 de
660 847 771 931 predio
796 849 837 912 ad
862 849 976 929 locum,
1002 852 1056 936 qui
1088 849 1276 914 Sueliouara
1308 851 1433 932 dicitur,
1467 854 1553 937 quod
1583 877 1600 917 a
1634 855 1827 938 quibusdam

157 948 280 1030 pseudo
305 949 488 1013 christianis
512 950 593 1014 falso
624 953 773 1015 iuuasum
798 953 911 1036 fuerat,
949 957 1106 1033 rationem
1143 963 1173 1017 et
1209 957 1367 1018 iusticiam
1403 955 1589 1041 impendere
1626 957 1827 1042 dignaretur.

155 1051 278 1116 Verum
304 1057 379 1139 quia
402 1057 507 1139 ipsum
525 1055 564 1119 ad
590 1055 827 1122 decernendam
853 1081 949 1143 super
975 1060 1126 1144 populum
1160 1083 1254 1127 suum
1288 1062 1447 1124 iusticiam
1481 1061 1629 1130 dominus
1661 1067 1830 1128 constituit

155 1179 228 1220 cum
254 1161 286 1220 in
308 1157 445 1243 planicie
470 1181 563 1222 secus
588 1169 728 1224 castrum
754 1165 924 1226 Ostrouize
949 1173 1034 1226 essct
1058 1175 1312 1245 castrametatus,
1339 1165 1473 1250 predicti
1499 1167 1625 1230 abbatis
1652 1168 1751 1231 verba
1776 1169 1832 1232 bc·

155 1263 252 1344 nigne
276 1261 420 1345 audieus,
445 1287 483 1327 ac
506 1265 711 1350 priuilegium
737 1269 836 1350 ipsius
860 1271 1044 1332 monasterii
1068 1269 1243 1333 affectuose
1267 1271 1484 1352 considerans,
1511 1275 1684 1356 peniteret
1713 1272 1828 1336 intelli-

153 1388 244 1448 gens,
270 1369 474 1452 presentibus
499 1371 594 1433 etiarn
620 1371 822 1434 blaldenario
846 1372 1000 1453 ledrensi,
1025 1381 1057 1435 et
1076 1373 1212 1438 Tolenio
1237 1372 1367 1437 Caciclo
1392 1377 1493 1458 ipsius
1518 1376 1620 1460 predii
1649 1379 1826 1458 inuaseres,

153 1494 227 1534 cum
252 1473 294 1536 ad
319 1471 460 1558 Crupern
486 1475 678 1554 deuenisset,
706 1475 835 1542 Andree
860 1481 983 1562 egregii
1009 1479 1081 1542 bani
1108 1491 1139 1543 et
1169 1500 1299 1544 suorum
1335 1502 1503 1564 procerum
1538 1483 1647 1546 habito
1683 1483 1830 1565 consilio,

154 1589 366 1642 memoratum
392 1580 538 1664 predium
564 1603 636 1644 cum
663 1581 813 1645 omnibus
837 1585 904 1646 suis
927 1586 1130 1670 pertiuentiis
1155 1593 1266 1648 sancto
1291 1588 1484 1649 monasterio
1510 1609 1566 1670 per
1589 1587 1830 1660 finitiuarnsen·

152 1685 292 1747 tenciam
317 1683 515 1748 adiudicauit
538 1695 570 1749 et
593 1685 806 1766 confirmauit,
832 1687 927 1752 miehi
952 1711 1080 1775 quoque
1104 1689 1204 1752 Paulo
1238 1690 1355 1768 comiti,
1393 1689 1489 1754 iudici
1528 1691 1765 1756 ladertinorum
1800 1699 1832 1757 ct

153 1786 357 1870 Sclauorum,
379 1811 436 1851 neo
463 1812 524 1852 uon
549 1800 580 1852 et
603 1789 755 1870 Pribiuie‚
780 1792 846 1856 filio
871 1792 1001 1874 Gurize,
1026 1794 1161 1858 linuiter
1186 1797 1337 1879 precepit,
1356 1804 1389 1858 ut
1407 1795 1592 1878 pristaldioo
1617 1819 1705 1862 more
1723 1807 1832 1861 aueto-

152 1894 248 1956 ritate
273 1894 379 1958 ducali
412 1895 443 1956 in
477 1895 647 1979 prescripti
671 1896 773 1980 predii
810 1900 1022 1980 possessione,
1059 1900 1145 1984 quod
1179 1899 1382 1964 Suchouarra
1415 1900 1542 1982 dicitur,
1579 1925 1770 1986 poneremus
1800 1912 1832 1967 et

152 2001 405 2080 institueremus,
431 1998 517 2084 quod
542 1999 669 2064 volente
693 2001 823 2064 domino
848 2003 907 2066 deo
929 2002 1116 2067 felicissirne
1141 2015 1189 2067 cst
1213 2013 1369 2086 peretum.
1403 2005 1563 2069 Omnibus
1588 2007 1746 2092 siquidem
1779 2007 1829 2070 his

150 2115 217 2168 tam
246 2093 420 2188 prudenter
443 2127 539 2189 quem
562 2104 708 2188 legaliter
732 2110 938 2188 consumatis,
963 2108 1003 2171 ad
1031 2108 1225 2193 perhennem
1258 2112 1445 2173 memoriam
1471 2110 1735 2191 conseruandam,
1765 2134 1826 2197 ego

151 2212 215 2271 iam
243 2210 347 2272 dictus
370 2208 489 2272 Paulus
514 2232 630 2290 comes,
656 2213 727 2274 vice
753 2234 832 2290 mea,
857 2213 1056 2294 llliroslaum,
1081 2214 1182 2276 filium
1208 2215 1326 2292 Rufini,
1364 2217 1418 2300 qui
1453 2238 1524 2279 eum
1562 2216 1751 2302 subscriptis
1787 2217 1828 2281 ad

150 2316 255 2400 ipsius
281 2313 383 2398 predii
406 2316 643 2378 inuestitioncm
668 2325 699 2379 et
722 2317 1051 2400 circumuolutionem,
1076 2342 1137 2404 que
1164 2321 1195 2382 iu
1221 2319 1404 2384 sclaucnioo
1430 2321 1530 2384 sauod
1551 2321 1677 2395 dieitur,
1694 2345 1827 2407 presens

153 2429 233 2498 erat,
259 2441 356 2504 super
378 2418 462 2483 hanc
494 2423 685 2484 sententiam
710 2421 898 2506 pristaldum
924 2423 1026 2487 locaui
1049 2437 1080 2486 ct
1106 2425 1261 2502 ordinaui,
1295 2427 1327 2488 in
1359 2427 1519 2508 presentia
1550 2424 1658 2488 domni
1692 2425 1827 2506 Nicolai,

150 2526 346 2588 iaderiensis
370 2523 565 2606 erebielecti,
590 2525 677 2589 Luce
702 2527 742 2589 de
767 2525 867 2591 Oecre
892 2539 923 2591 et
945 2527 1122 2612 Grisogoni
1144 2530 1405 2613 presbiterorum,
1430 2528 1619 2592 Grubescbe
1637 2530 1677 2592 de
1693 2529 1826 2614 Joseph,

149 2629 276 2692 Boricii
301 2628 459 2708 Michalis,
483 2613 664 2693 Hesernicii
689 2629 791 2710 Pauli,
823 2633 907 2695 Petri
939 2632 1041 2712 Lube,
1075 2633 1177 2696 llielrc
1212 2636 1250 2696 dc
1283 2634 1397 2714 Bitizo,
1433 2632 1546 2696 Vitazc
1577 2633 1705 2713 Potniai,
1738 2635 1831 2698 Lube

149 2733 357 2813 Draseinnir,
383 2745 414 2796 et
437 2733 538 2798 Marci
563 2737 687 2818 nepotis
712 2735 807 2817 Zezc,
830 2735 952 2799 Mathei
976 2737 1168 2818 Zorobabel,
1194 2739 1421 2823 Tempestatis,
1445 2737 1553 2802 Miehe
1576 2738 1675 2819 Beue,
1700 2738 1828 2804 Nicolai

152 2838 342 2923 Cotopanie,
367 2839 465 2902 bladii
490 2841 631 2920 Martini,
656 2841 809 2925 Bergulli,
836 2840 968 2926 Georgii
993 2845 1151 2927 Bogdeni,
1177 2843 1299 2906 Nicolai
1319 2843 1460 2906 Oumesii
1478 2842 1576 2923 surdi,
1601 2851 1632 2904 et
1648 2842 1771 2928 Duymi
1788 2843 1828 2908 de

148 2944 261 3007 Medio
287 2946 375 3007 muti,
399 2944 471 3028 Ego
496 2945 644 3008 Mathcus
668 2969 693 3008 s.
718 2946 890 3010 Anastasis
914 2948 1132 3014 subdiaconus
1150 2959 1181 3012 et
1198 2957 1367 3034 preceptor
1385 2949 1553 3012 memorati
1569 2944 1706 3012 Nicolaii
1725 2949 1829 3014 archi·

150 3049 257 3130 electi,
281 3048 342 3114 hoe
366 3049 551 3113 memoriale
573 3060 609 3113 ut
631 3051 740 3114 audiui
767 3055 881 3138 scripsi
906 3061 938 3116 et
961 3062 1070 3117 testor.

303 3249 408 3304 Matisa
430 3268 467 3302 na
490 3249 564 3306 uoti.
587 3249 612 3304 U
632 3251 726 3303 zadar.
751 3250 849 3322 guber.
872 3251 931 3305 arlr.
955 3253 1070 3307 Rottolo
1090 3255 1122 3309 E.
1155 3254 1277 3326 Capsula
1310 3255 1387 3310 XIV.
1422 3271 1463 3310 nr.
1497 3255 1526 3311 6.
1558 3253 1648 3310 Lucid
1678 3255 1688 3308 i
1721 3253 1833 3310 Parlati

149 3337 294 3408 priobtise
318 3354 395 3391 samo
418 3335 539 3406 pobetnk
563 3335 667 3394 listiue.

521 3733 525 3740 ¹
631 3657 634 3665 ’
672 3627 865 3712 uuuvll.
894 3631 1007 3714 1198.
1036 3635 1092 3714 11.
1121 3634 1302 3734 svlbnja.

148 3808 287 3880 Auerna
309 3808 433 3881 oojvoda
455 3807 632 3881 Dolmoeije
652 3809 835 3867 Hruutstei
867 3807 1008 3878 Hamslra
1039 3811 1203 3883 doavoljrp‘e
1233 3812 1396 3872 Domiaita
1428 3814 1556 3886 bistapu
1584 3813 1822 3888 eoprcboc'lsoma,

331 3931 370 3988 da
394 3931 578 4002 atsaupsetm
599 3933 778 4004 portanikom
803 3931 886 3989 aitlro
911 3933 998 4006 drapi
1021 3934 1135 4007 nostadi,
1164 3951 1233 4008 nepo
1255 3936 1361 4008 bistrup
1384 3935 1396 3992 i
1419 3935 1534 4008 nepoti
1557 3934 1650 3993 sudet.

305 4103 450 4168 Andreas
475 4103 526 4167 dei
547 4105 656 4188 grecia
681 4102 858 4180 Dalmaeie,
885 4103 1028 4186 Croucie,
1053 4103 1237 4190 Huimeque
1268 4103 1344 4188 dux,
1369 4107 1529 4170 secundi¹
1563 4105 1642 4170 Bele
1675 4107 1760 4189 regis
1795 4109 1829 4172 fi-

150 4207 222 4290 lins,
248 4208 425 4272 venerabili
452 4211 482 4271 in
509 4208 638 4272 Christo
665 4209 745 4292 patri
772 4208 953 4290 Dominico,
979 4209 1090 4272 eadem
1122 4213 1231 4292 gracia
1255 4213 1405 4294 episcopo
1430 4211 1634 4294 aagrebieusi
1660 4209 1826 4297 (salutern)

149 4314 179 4376 in
205 4324 409 4400 perpetuum.
434 4313 537 4376 Justis
564 4315 743 4398 peteneium
770 4313 941 4376 desideriis
965 4335 1022 4375 nos
1047 4312 1142 4374 facile
1167 4314 1302 4397 prebere
1328 4315 1422 4378 decet
1446 4338 1624 4394 assensum,
1648 4325 1679 4377 et
1696 4337 1744 4396 ea,
1762 4337 1825 4400 quc

148 4442 168 4482 a
192 4419 334 4481 racionis
357 4419 484 4481 tramite
510 4442 571 4481 nou
597 4418 791 4496 exorbitant,
817 4417 931 4481 effectu
956 4429 1170 4502 prosequente
1195 4418 1365 4502 complere.
1389 4419 1494 4483 Justis
1519 4421 1617 4502 igitur
1635 4419 1825 4504 postulacio-

148 4523 247 4587 nibus
271 4525 334 4586 tuis
357 4534 448 4608 grato
473 4533 701 4587 concurrentes
725 4545 870 4602 assensu,
892 4521 974 4586 hane
990 4521 1107 4607 populo
1124 4531 1178 4585 tuo
1200 4533 1231 4586 et
1254 4523 1389 4587 ecclesie
1406 4525 1610 4608 aagrabiensi
1628 4524 1823 4588 conferimus

147 4627 341 4702 libertatem,
366 4638 398 4691 et
422 4628 519 4712 sigilli
545 4633 644 4692 nostri
669 4631 846 4693 munimine
871 4630 1097 4693 confirmamus
1122 4637 1153 4691 et
1183 4627 1382 4708 roboramus,
1415 4639 1478 4691 tam
1514 4628 1689 4712 Hungaris‚
1728 4652 1823 4714 quam

149 4733 276 4797 Latinis
301 4755 357 4796 seu
383 4733 518 4815 Solauis,
542 4746 577 4798 ut
602 4737 628 4798 si
653 4737 725 4820 quis
746 4733 886 4819 aliquem
911 4733 951 4796 de
975 4734 1093 4818 populo
1118 4745 1172 4796 tuo
1208 4743 1239 4796 et
1274 4733 1410 4798 ecclesie
1448 4734 1589 4818 predicte
1625 4737 1657 4798 in
1694 4758 1824 4799 causam

149 4838 278 4902 trahere
304 4838 451 4920 voluerit,
477 4840 537 4903 sub
561 4851 592 4904 te
616 4839 667 4903 vel
692 4840 752 4903 sub
777 4839 938 4902 iudicibus
962 4862 982 4902 a
1006 4851 1035 4902 te
1060 4839 1250 4918 constitutis,
1275 4861 1346 4902 eurn
1386 4839 1502 4902 debeat
1536 4843 1727 4922 conuenire3
1765 4863 1824 4905 nec

147 4943 267 5030 aliquis
289 4942 329 5006 de
353 4944 416 5008 iam
441 4943 525 5008 dicto
549 4944 666 5030 populo
689 4955 743 5007 tuo
768 4955 800 5008 et
824 4945 961 5008 ecclesie
986 4945 1045 5007 sub
1080 4944 1143 5008 alio
1177 4945 1282 5008 iudice
1312 4953 1459 5008 teneatur
1491 4944 1586 5008 alicui
1616 4947 1821 5030 respondere.

148 5048 245 5127 Quod
271 5051 297 5112 si
322 5057 356 5111 tu
381 5049 432 5112 vel
456 5049 579 5113 iudices
602 5052 763 5114 iusticiam
788 5050 954 5116 nolueritis
980 5050 1144 5132 exhibere,
1170 5060 1201 5113 et
1225 5049 1342 5134 aliquis
1368 5050 1491 5113 iudices
1515 5059 1586 5113 tuos
1608 5061 1741 5135 propter
1764 5051 1828 5116 hoc

148 5191 412 5202 ψ

305 5245 313 5280 ¹
339 5247 500 5320 Pogrielno,
524 5249 637 5305 miesto:
661 5248 746 5303 tertii.

1665 5351 1683 5394 *
