<?xml version="1.0" encoding="UTF-8"?>
<!DOCTYPE html PUBLIC "-//W3C//DTD XHTML 1.0 Transitional//EN"
    "http://www.w3.org/TR/xhtml1/DTD/xhtml1-transitional.dtd">
<html xmlns="http://www.w3.org/1999/xhtml" xml:lang="en" lang="en">
 <head>
  <title>
</title>
<meta http-equiv="Content-Type" content="text/html;charset=utf-8" />
  <meta name='ocr-system' content='tesseract 3.04.00' />
  <meta name='ocr-capabilities' content='ocr_page ocr_carea ocr_par ocr_line ocrx_word'/>
</head>
<body>
  <div class='ocr_page' id='page_1' title='image "./codexdiplomatic00unkngoog_0413.png"; bbox 0 0 4292 5926; ppageno 0'>
   <div class='ocr_carea' id='block_1_1' title="bbox 1806 405 1845 469">
    <p class='ocr_par' dir='ltr' id='par_1_1' title="bbox 1806 405 1845 469">
     <span class='ocr_line' id='line_1_1' title="bbox 1806 405 1845 469; baseline -0.026 0"><span class='ocrx_word' id='word_1_1' title='bbox 1806 405 1845 469; x_wconf 79' lang='lat' dir='ltr'><strong>ll</strong></span> 
     </span>
    </p>
   </div>
   <div class='ocr_carea' id='block_1_2' title="bbox 160 577 1847 900">
    <p class='ocr_par' dir='ltr' id='par_1_2' title="bbox 160 577 1847 900">
     <span class='ocr_line' id='line_1_2' title="bbox 312 577 1842 690; baseline -0.007 -20"><span class='ocrx_word' id='word_1_2' title='bbox 312 577 435 670; x_wconf 70' lang='lat' dir='ltr'><strong>Ilatum</strong></span> <span class='ocrx_word' id='word_1_3' title='bbox 459 603 640 670; x_wconf 88' lang='lat' dir='ltr'><strong>Beneuenti</strong></span> <span class='ocrx_word' id='word_1_4' title='bbox 663 623 873 690; x_wconf 82' lang='lat' dir='ltr'><strong>permenam</strong></span> <span class='ocrx_word' id='word_1_5' title='bbox 898 601 1029 670; x_wconf 83' lang='lat' dir='ltr'><strong>Girardi</strong></span> <span class='ocrx_word' id='word_1_6' title='bbox 1053 608 1165 668; x_wconf 87' lang='lat' dir='ltr'><strong>sancte</strong></span> <span class='ocrx_word' id='word_1_7' title='bbox 1188 620 1321 666; x_wconf 86' lang='lat' dir='ltr'><strong>romane</strong></span> <span class='ocrx_word' id='word_1_8' title='bbox 1345 596 1480 664; x_wconf 89' lang='lat' dir='ltr'><strong>ecclesie</strong></span> <span class='ocrx_word' id='word_1_9' title='bbox 1503 595 1675 662; x_wconf 86' lang='lat' dir='ltr'><strong>notarium.</strong></span> <span class='ocrx_word' id='word_1_10' title='bbox 1692 594 1768 660; x_wconf 81' lang='lat'>1111.</span> <span class='ocrx_word' id='word_1_11' title='bbox 1785 593 1842 660; x_wconf 85' lang='lat' dir='ltr'><strong>ka·</strong></span> 
     </span>
     <span class='ocr_line' id='line_1_3' title="bbox 161 699 1847 794; baseline -0.006 -20"><span class='ocrx_word' id='word_1_12' title='bbox 161 708 276 776; x_wconf 81' lang='lat' dir='ltr'><strong>lendes</strong></span> <span class='ocrx_word' id='word_1_13' title='bbox 298 711 446 789; x_wconf 88' lang='lat' dir='ltr'><strong>ianuarii,</strong></span> <span class='ocrx_word' id='word_1_14' title='bbox 470 708 646 774; x_wconf 74' lang='lat' dir='ltr'><strong>indictione</strong></span> <span class='ocrx_word' id='word_1_15' title='bbox 678 711 791 794; x_wconf 88' lang='lat' dir='ltr'><strong>prima,</strong></span> <span class='ocrx_word' id='word_1_16' title='bbox 827 707 1057 772; x_wconf 83' lang='lat' dir='ltr'><strong>incarnationis</strong></span> <span class='ocrx_word' id='word_1_17' title='bbox 1088 705 1249 770; x_wconf 88' lang='lat' dir='ltr'><strong>dominice</strong></span> <span class='ocrx_word' id='word_1_18' title='bbox 1284 724 1369 768; x_wconf 90' lang='lat' dir='ltr'><strong>anno</strong></span> <span class='ocrx_word' id='word_1_19' title='bbox 1404 699 1605 767; x_wconf 84' lang='lat' dir='ltr'>MCLXVII.</span> <span class='ocrx_word' id='word_1_20' title='bbox 1641 702 1847 788; x_wconf 87' lang='lat' dir='ltr'><strong>pontificatus</strong></span> 
     </span>
     <span class='ocr_line' id='line_1_4' title="bbox 160 809 1034 900; baseline -0.003 -20"><span class='ocrx_word' id='word_1_21' title='bbox 160 835 242 880; x_wconf 82' lang='lat' dir='ltr'><strong>vero</strong></span> <span class='ocrx_word' id='word_1_22' title='bbox 264 814 376 880; x_wconf 87' lang='lat' dir='ltr'><strong>domni</strong></span> <span class='ocrx_word' id='word_1_23' title='bbox 398 813 579 880; x_wconf 75' lang='lat' dir='ltr'><strong>Alexandri</strong></span> <span class='ocrx_word' id='word_1_24' title='bbox 604 835 687 900; x_wconf 88' lang='lat' dir='ltr'><strong>pape</strong></span> <span class='ocrx_word' id='word_1_25' title='bbox 711 814 807 894; x_wconf 85' lang='lat' dir='ltr'><strong>tertii,</strong></span> <span class='ocrx_word' id='word_1_26' title='bbox 833 834 917 878; x_wconf 85' lang='lat' dir='ltr'><strong>anno</strong></span> <span class='ocrx_word' id='word_1_27' title='bbox 942 809 1034 877; x_wconf 87' lang='lat' dir='ltr'><strong>VIII.</strong></span> 
     </span>
    </p>
   </div>
   <div class='ocr_carea' id='block_1_3' title="bbox 162 987 1848 1316">
    <p class='ocr_par' dir='ltr' id='par_1_3' title="bbox 162 987 1845 1161">
     <span class='ocr_line' id='line_1_5' title="bbox 314 987 1845 1068; baseline -0.007 -16"><span class='ocrx_word' id='word_1_28' title='bbox 314 995 425 1052; x_wconf 85' lang='lat' dir='ltr'><strong>Olovna</strong></span> <span class='ocrx_word' id='word_1_29' title='bbox 447 995 531 1068; x_wconf 69' lang='lat' dir='ltr'><strong>pedat</strong></span> <span class='ocrx_word' id='word_1_30' title='bbox 554 993 656 1064; x_wconf 75' lang='lat' dir='ltr'><strong>vincia,</strong></span> <span class='ocrx_word' id='word_1_31' title='bbox 680 1014 692 1048; x_wconf 85' lang='lat' dir='ltr'><strong>s</strong></span> <span class='ocrx_word' id='word_1_32' title='bbox 717 994 873 1064; x_wconf 83' lang='lat' dir='ltr'><strong>nadpisoin.</strong></span> <span class='ocrx_word' id='word_1_33' title='bbox 898 993 926 1049; x_wconf 90' lang='lat' dir='ltr'><strong>U</strong></span> <span class='ocrx_word' id='word_1_34' title='bbox 948 991 1071 1048; x_wconf 83' lang='lat' dir='ltr'><strong>uredini:</strong></span> <span class='ocrx_word' id='word_1_35' title='bbox 1098 991 1146 1062; x_wconf 87' lang='lat' dir='ltr'><strong>,S.</strong></span> <span class='ocrx_word' id='word_1_36' title='bbox 1170 992 1281 1047; x_wconf 86' lang='lat' dir='ltr'><strong>Petrus.</strong></span> <span class='ocrx_word' id='word_1_37' title='bbox 1305 989 1334 1046; x_wconf 87' lang='lat' dir='ltr'><strong>S.</strong></span> <span class='ocrx_word' id='word_1_38' title='bbox 1359 987 1475 1044; x_wconf 90' lang='lat' dir='ltr'><strong>Paulus.</strong></span> <span class='ocrx_word' id='word_1_39' title='bbox 1493 987 1655 1042; x_wconf 76' lang='lat' dir='ltr'><strong>Alexander</strong></span> <span class='ocrx_word' id='word_1_40' title='bbox 1670 987 1704 1046; x_wconf 89' lang='lat' dir='ltr'><strong>P.</strong></span> <span class='ocrx_word' id='word_1_41' title='bbox 1721 987 1755 1046; x_wconf 88' lang='grc' dir='ltr'><strong>Ρ.</strong></span> <span class='ocrx_word' id='word_1_42' title='bbox 1772 988 1845 1043; x_wconf 77' lang='grc' dir='ltr'><strong>ΙΙΙ.“</strong></span> 
     </span>
     <span class='ocr_line' id='line_1_6' title="bbox 162 1079 974 1161; baseline -0.009 -20"><span class='ocrx_word' id='word_1_43' title='bbox 162 1083 209 1140; x_wconf 79' lang='lat' dir='ltr'><strong>Na</strong></span> <span class='ocrx_word' id='word_1_44' title='bbox 231 1083 335 1140; x_wconf 78' lang='lat' dir='ltr'><strong>okolo:</strong></span> <span class='ocrx_word' id='word_1_45' title='bbox 362 1083 451 1161; x_wconf 78' lang='lat' dir='ltr'><strong>„Viae</strong></span> <span class='ocrx_word' id='word_1_46' title='bbox 474 1092 536 1138; x_wconf 86' lang='lat' dir='ltr'><strong>tuas</strong></span> <span class='ocrx_word' id='word_1_47' title='bbox 560 1083 673 1138; x_wconf 90' lang='lat' dir='ltr'><strong>domine</strong></span> <span class='ocrx_word' id='word_1_48' title='bbox 696 1083 858 1136; x_wconf 85' lang='lat' dir='ltr'><strong>demonstra</strong></span> <span class='ocrx_word' id='word_1_49' title='bbox 878 1079 974 1135; x_wconf 68' lang='lat' dir='ltr'><strong>mibi.l</strong></span> 
     </span>
    </p>

    <p class='ocr_par' dir='ltr' id='par_1_4' title="bbox 164 1161 1848 1316">
     <span class='ocr_line' id='line_1_7' title="bbox 313 1161 1848 1244; baseline -0.005 -18"><span class='ocrx_word' id='word_1_50' title='bbox 313 1172 344 1226; x_wconf 79' lang='lat' dir='ltr'><strong>la</strong></span> <span class='ocrx_word' id='word_1_51' title='bbox 368 1171 543 1244; x_wconf 81' lang='lat' dir='ltr'><strong>rnkopisncg</strong></span> <span class='ocrx_word' id='word_1_52' title='bbox 563 1171 675 1227; x_wconf 85' lang='lat' dir='ltr'><strong>bularic</strong></span> <span class='ocrx_word' id='word_1_53' title='bbox 697 1168 907 1240; x_wconf 77' lang='lat' dir='ltr'><strong>dubrovadkog.</strong></span> <span class='ocrx_word' id='word_1_54' title='bbox 929 1175 977 1224; x_wconf 87' lang='lat' dir='ltr'><strong>str.</strong></span> <span class='ocrx_word' id='word_1_55' title='bbox 1002 1165 1174 1238; x_wconf 71' lang='lat' dir='ltr'><strong>241.1tlyr.</strong></span> <span class='ocrx_word' id='word_1_56' title='bbox 1199 1165 1278 1224; x_wconf 84' lang='lat' dir='ltr'><strong>Sacr.</strong></span> <span class='ocrx_word' id='word_1_57' title='bbox 1300 1163 1334 1220; x_wconf 78' lang='grc' dir='ltr'><strong>Τ.</strong></span> <span class='ocrx_word' id='word_1_58' title='bbox 1359 1163 1408 1222; x_wconf 87' lang='lat' dir='ltr'><strong>Vl.</strong></span> <span class='ocrx_word' id='word_1_59' title='bbox 1433 1170 1483 1222; x_wconf 80' lang='lat' dir='ltr'><strong>etr.</strong></span> <span class='ocrx_word' id='word_1_60' title='bbox 1513 1163 1565 1224; x_wconf 83' lang='grc'><strong>80.</strong></span> <span class='ocrx_word' id='word_1_61' title='bbox 1600 1161 1657 1220; x_wconf 84' lang='lat' dir='ltr'><strong>ima</strong></span> <span class='ocrx_word' id='word_1_62' title='bbox 1691 1181 1744 1220; x_wconf 84' lang='lat' dir='ltr'><strong>orn</strong></span> <span class='ocrx_word' id='word_1_63' title='bbox 1779 1163 1848 1220; x_wconf 91' lang='lat' dir='ltr'><strong>buln</strong></span> 
     </span>
     <span class='ocr_line' id='line_1_8' title="bbox 164 1259 441 1316; baseline -0.007 0"><span class='ocrx_word' id='word_1_64' title='bbox 164 1276 244 1316; x_wconf 72' lang='lat' dir='ltr'><strong>uano</strong></span> <span class='ocrx_word' id='word_1_65' title='bbox 266 1277 286 1314; x_wconf 94' lang='grc' dir='ltr'><strong>ιι</strong></span> <span class='ocrx_word' id='word_1_66' title='bbox 309 1259 441 1314; x_wconf 77' lang='lat' dir='ltr'><strong>inradia.</strong></span> 
     </span>
    </p>
   </div>
   <div class='ocr_carea' id='block_1_4' title="bbox 570 1440 1442 1551">
    <p class='ocr_par' dir='ltr' id='par_1_5' title="bbox 570 1440 1442 1551">
     <span class='ocr_line' id='line_1_9' title="bbox 570 1440 1442 1551; baseline -0.002 -29"><span class='ocrx_word' id='word_1_67' title='bbox 570 1441 612 1522; x_wconf 81' lang='grc'><strong>0.</strong></span> <span class='ocrx_word' id='word_1_68' title='bbox 640 1443 748 1526; x_wconf 80' lang='grc'><strong>1167.</strong></span> <span class='ocrx_word' id='word_1_69' title='bbox 776 1443 840 1526; x_wconf 81' lang='grc'><strong>29.</strong></span> <span class='ocrx_word' id='word_1_70' title='bbox 867 1441 1084 1551; x_wconf 75' lang='lat' dir='ltr'><strong>prosince</strong></span> <span class='ocrx_word' id='word_1_71' title='bbox 1113 1440 1149 1522; x_wconf 90' lang='lat' dir='ltr'><strong>U</strong></span> <span class='ocrx_word' id='word_1_72' title='bbox 1177 1440 1442 1522; x_wconf 78' lang='lat' dir='ltr'><strong>Benevento.</strong></span> 
     </span>
    </p>
   </div>
   <div class='ocr_carea' id='block_1_5' title="bbox 169 1599 1842 1782">
    <p class='ocr_par' dir='ltr' id='par_1_6' title="bbox 169 1599 1842 1782">
     <span class='ocr_line' id='line_1_10' title="bbox 169 1599 1842 1698; baseline -0.002 -34"><span class='ocrx_word' id='word_1_73' title='bbox 169 1603 360 1666; x_wconf 67' lang='lat' dir='ltr'><strong>Annaeum</strong></span> <span class='ocrx_word' id='word_1_74' title='bbox 382 1605 451 1667; x_wconf 87' lang='lat' dir='ltr'><strong><em>III.</em></strong></span> <span class='ocrx_word' id='word_1_75' title='bbox 471 1621 566 1679; x_wconf 77' lang='lat' dir='ltr'><strong>popo,</strong></span> <span class='ocrx_word' id='word_1_76' title='bbox 590 1603 695 1664; x_wconf 78' lang='lat' dir='ltr'><strong>ualuis</strong></span> <span class='ocrx_word' id='word_1_77' title='bbox 717 1604 887 1664; x_wconf 74' lang='lat' dir='ltr'><strong>welenetoa</strong></span> <span class='ocrx_word' id='word_1_78' title='bbox 908 1603 1140 1676; x_wconf 68' lang='lat' dir='ltr'><strong>otarjstorru-r·</strong></span> <span class='ocrx_word' id='word_1_79' title='bbox 1162 1603 1329 1678; x_wconf 80' lang='lat' dir='ltr'><strong>borskomu,</strong></span> <span class='ocrx_word' id='word_1_80' title='bbox 1355 1601 1395 1660; x_wconf 85' lang='lat' dir='ltr'><strong>do</strong></span> <span class='ocrx_word' id='word_1_81' title='bbox 1417 1617 1454 1660; x_wconf 85' lang='lat' dir='ltr'><strong>ne</strong></span> <span class='ocrx_word' id='word_1_82' title='bbox 1475 1599 1592 1673; x_wconf 72' lang='lat' dir='ltr'><strong>sicinio</strong></span> <span class='ocrx_word' id='word_1_83' title='bbox 1608 1601 1687 1698; x_wconf 76' lang='lat' dir='ltr'><strong>sooje</strong></span> <span class='ocrx_word' id='word_1_84' title='bbox 1711 1600 1842 1674; x_wconf 68' lang='lat' dir='ltr'><strong>bbkupe,</strong></span> 
     </span>
     <span class='ocr_line' id='line_1_11' title="bbox 587 1705 1418 1782; baseline -0.004 -12"><span class='ocrx_word' id='word_1_85' title='bbox 587 1709 644 1770; x_wconf 77' lang='lat' dir='ltr'><strong>cot</strong></span> <span class='ocrx_word' id='word_1_86' title='bbox 664 1726 696 1769; x_wconf 87' lang='lat' dir='ltr'><strong>sc</strong></span> <span class='ocrx_word' id='word_1_87' title='bbox 719 1711 767 1768; x_wconf 82' lang='lat' dir='ltr'><strong>coi</strong></span> <span class='ocrx_word' id='word_1_88' title='bbox 788 1711 934 1782; x_wconf 75' lang='lat' dir='ltr'><strong>repetere</strong></span> <span class='ocrx_word' id='word_1_89' title='bbox 956 1705 1150 1782; x_wconf 81' lang='lat' dir='ltr'><strong>nndbislcupu</strong></span> <span class='ocrx_word' id='word_1_90' title='bbox 1173 1707 1418 1767; x_wconf 77' lang='lat' dir='ltr'><strong>dubrovolleomu.</strong></span> 
     </span>
    </p>
   </div>
   <div class='ocr_carea' id='block_1_6' title="bbox 165 1893 1913 4410">
    <p class='ocr_par' dir='ltr' id='par_1_7' title="bbox 165 1893 1913 4284">
     <span class='ocr_line' id='line_1_12' title="bbox 327 1893 1848 1985; baseline -0.003 -22"><span class='ocrx_word' id='word_1_91' title='bbox 327 1896 516 1980; x_wconf 76' lang='lat' dir='ltr'><strong>Alexander</strong></span> <span class='ocrx_word' id='word_1_92' title='bbox 538 1898 718 1985; x_wconf 82' lang='lat' dir='ltr'><strong>episcopus,</strong></span> <span class='ocrx_word' id='word_1_93' title='bbox 735 1919 849 1962; x_wconf 90' lang='lat' dir='ltr'><strong>seruus</strong></span> <span class='ocrx_word' id='word_1_94' title='bbox 873 1919 1040 1962; x_wconf 87' lang='lat' dir='ltr'><strong>seruorum</strong></span> <span class='ocrx_word' id='word_1_95' title='bbox 1075 1896 1138 1978; x_wconf 91' lang='lat' dir='ltr'><strong>dei,</strong></span> <span class='ocrx_word' id='word_1_96' title='bbox 1170 1894 1297 1960; x_wconf 90' lang='lat' dir='ltr'><strong>dilectis</strong></span> <span class='ocrx_word' id='word_1_97' title='bbox 1330 1893 1406 1960; x_wconf 90' lang='lat' dir='ltr'><strong>filiis</strong></span> <span class='ocrx_word' id='word_1_98' title='bbox 1438 1895 1599 1960; x_wconf 87' lang='lat' dir='ltr'><strong>uniuersis</strong></span> <span class='ocrx_word' id='word_1_99' title='bbox 1629 1893 1758 1959; x_wconf 79' lang='lat' dir='ltr'><strong>clericis</strong></span> <span class='ocrx_word' id='word_1_100' title='bbox 1776 1908 1848 1981; x_wconf 88' lang='lat' dir='ltr'><strong>&#39;per</strong></span> 
     </span>
     <span class='ocr_line' id='line_1_13' title="bbox 165 1999 1846 2090; baseline -0.002 -22"><span class='ocrx_word' id='word_1_101' title='bbox 165 2001 411 2070; x_wconf 75' lang='lat' dir='ltr'><strong>dulchinensem</strong></span> <span class='ocrx_word' id='word_1_102' title='bbox 435 2015 467 2068; x_wconf 88' lang='lat' dir='ltr'><strong>et</strong></span> <span class='ocrx_word' id='word_1_103' title='bbox 490 2007 728 2069; x_wconf 84' lang='lat' dir='ltr'><strong>antinureneem</strong></span> <span class='ocrx_word' id='word_1_104' title='bbox 754 2005 959 2090; x_wconf 87' lang='lat' dir='ltr'><strong>episcopatus</strong></span> <span class='ocrx_word' id='word_1_105' title='bbox 983 2004 1176 2083; x_wconf 88' lang='lat' dir='ltr'><strong>constitutis,</strong></span> <span class='ocrx_word' id='word_1_106' title='bbox 1201 1999 1337 2066; x_wconf 81' lang='lat' dir='ltr'><strong>salntem</strong></span> <span class='ocrx_word' id='word_1_107' title='bbox 1366 2009 1398 2066; x_wconf 91' lang='lat' dir='ltr'><strong>et</strong></span> <span class='ocrx_word' id='word_1_108' title='bbox 1421 1999 1631 2086; x_wconf 89' lang='lat' dir='ltr'><strong>apostolicam</strong></span> <span class='ocrx_word' id='word_1_109' title='bbox 1648 1999 1846 2065; x_wconf 89' lang='lat' dir='ltr'><strong>benedictio-</strong></span> 
     </span>
     <span class='ocr_line' id='line_1_14' title="bbox 167 2105 1847 2194; baseline -0.002 -20"><span class='ocrx_word' id='word_1_110' title='bbox 167 2129 251 2175; x_wconf 86' lang='lat' dir='ltr'><strong>nem.</strong></span> <span class='ocrx_word' id='word_1_111' title='bbox 277 2109 369 2175; x_wconf 80' lang='lat' dir='ltr'><strong>Sicut</strong></span> <span class='ocrx_word' id='word_1_112' title='bbox 391 2133 432 2174; x_wconf 92' lang='lat' dir='ltr'><strong>ex</strong></span> <span class='ocrx_word' id='word_1_113' title='bbox 457 2112 673 2175; x_wconf 78' lang='lat' dir='ltr'><strong>insinuatione</strong></span> <span class='ocrx_word' id='word_1_114' title='bbox 703 2108 901 2174; x_wconf 84' lang='lat' dir='ltr'><strong>venerabilia</strong></span> <span class='ocrx_word' id='word_1_115' title='bbox 935 2109 1045 2173; x_wconf 86' lang='lat' dir='ltr'><strong>fratris</strong></span> <span class='ocrx_word' id='word_1_116' title='bbox 1080 2110 1181 2173; x_wconf 89' lang='lat' dir='ltr'><strong>nostri</strong></span> <span class='ocrx_word' id='word_1_117' title='bbox 1218 2105 1395 2189; x_wconf 79' lang='lat' dir='ltr'><strong>T(ribunii)</strong></span> <span class='ocrx_word' id='word_1_118' title='bbox 1431 2107 1575 2192; x_wconf 77' lang='lat' dir='ltr'><strong>ragusini</strong></span> <span class='ocrx_word' id='word_1_119' title='bbox 1610 2106 1847 2194; x_wconf 84' lang='lat' dir='ltr'><strong>archiepiscopi</strong></span> 
     </span>
     <span class='ocr_line' id='line_1_15' title="bbox 168 2201 1848 2306; baseline -0.001 -27"><span class='ocrx_word' id='word_1_120' title='bbox 168 2235 273 2300; x_wconf 87' lang='lat' dir='ltr'><strong>nuper</strong></span> <span class='ocrx_word' id='word_1_121' title='bbox 296 2201 391 2278; x_wconf 76' lang='lat' dir='ltr'><strong>bobis</strong></span> <span class='ocrx_word' id='word_1_122' title='bbox 413 2215 561 2306; x_wconf 84' lang='lat' dir='ltr'><strong>innotuit,</strong></span> <span class='ocrx_word' id='word_1_123' title='bbox 582 2214 802 2280; x_wconf 77' lang='lat' dir='ltr'><strong>dulchinensis</strong></span> <span class='ocrx_word' id='word_1_124' title='bbox 827 2223 860 2278; x_wconf 88' lang='lat' dir='ltr'><strong>et</strong></span> <span class='ocrx_word' id='word_1_125' title='bbox 880 2215 1095 2278; x_wconf 86' lang='lat' dir='ltr'><strong>nntiuarensie</strong></span> <span class='ocrx_word' id='word_1_126' title='bbox 1120 2214 1271 2300; x_wconf 82' lang='lat' dir='ltr'><strong>episcopi,</strong></span> <span class='ocrx_word' id='word_1_127' title='bbox 1296 2215 1341 2277; x_wconf 89' lang='lat' dir='ltr'><strong>ita</strong></span> <span class='ocrx_word' id='word_1_128' title='bbox 1365 2221 1476 2278; x_wconf 90' lang='lat' dir='ltr'><strong>contra</strong></span> <span class='ocrx_word' id='word_1_129' title='bbox 1507 2233 1580 2276; x_wconf 89' lang='lat' dir='ltr'><strong>eum</strong></span> <span class='ocrx_word' id='word_1_130' title='bbox 1613 2221 1646 2277; x_wconf 90' lang='lat' dir='ltr'><strong>et</strong></span> <span class='ocrx_word' id='word_1_131' title='bbox 1678 2211 1848 2278; x_wconf 90' lang='lat' dir='ltr'><strong>ecclesiam</strong></span> 
     </span>
     <span class='ocr_line' id='line_1_16' title="bbox 167 2317 1851 2406; baseline -0.001 -21"><span class='ocrx_word' id='word_1_132' title='bbox 167 2341 261 2386; x_wconf 81' lang='lat' dir='ltr'><strong>enam</strong></span> <span class='ocrx_word' id='word_1_133' title='bbox 286 2341 408 2386; x_wconf 87' lang='lat' dir='ltr'><strong>cornua</strong></span> <span class='ocrx_word' id='word_1_134' title='bbox 430 2319 579 2384; x_wconf 87' lang='lat' dir='ltr'><strong>elationis</strong></span> <span class='ocrx_word' id='word_1_135' title='bbox 603 2331 635 2384; x_wconf 90' lang='lat' dir='ltr'><strong>et</strong></span> <span class='ocrx_word' id='word_1_136' title='bbox 658 2319 809 2406; x_wconf 71' lang='lat' dir='ltr'><strong>nperbie</strong></span> <span class='ocrx_word' id='word_1_137' title='bbox 842 2318 1014 2384; x_wconf 86' lang='lat' dir='ltr'><strong>calcarium</strong></span> <span class='ocrx_word' id='word_1_138' title='bbox 1054 2329 1238 2402; x_wconf 88' lang='lat' dir='ltr'><strong>erexerunt,</strong></span> <span class='ocrx_word' id='word_1_139' title='bbox 1274 2341 1333 2406; x_wconf 91' lang='lat' dir='ltr'><strong>per</strong></span> <span class='ocrx_word' id='word_1_140' title='bbox 1369 2317 1588 2384; x_wconf 87' lang='lat' dir='ltr'><strong>inobedientie</strong></span> <span class='ocrx_word' id='word_1_141' title='bbox 1623 2319 1737 2383; x_wconf 85' lang='lat' dir='ltr'><strong>vitium</strong></span> <span class='ocrx_word' id='word_1_142' title='bbox 1769 2319 1851 2384; x_wconf 90' lang='lat' dir='ltr'><strong>adeo</strong></span> 
     </span>
     <span class='ocr_line' id='line_1_17' title="bbox 167 2423 1850 2511; baseline -0.001 -21"><span class='ocrx_word' id='word_1_143' title='bbox 167 2426 313 2511; x_wconf 85' lang='lat' dir='ltr'><strong>grauiter</strong></span> <span class='ocrx_word' id='word_1_144' title='bbox 335 2423 550 2511; x_wconf 85' lang='lat' dir='ltr'><strong>deliquerunt,</strong></span> <span class='ocrx_word' id='word_1_145' title='bbox 581 2425 668 2511; x_wconf 90' lang='lat' dir='ltr'><strong>qnod</strong></span> <span class='ocrx_word' id='word_1_146' title='bbox 700 2426 891 2490; x_wconf 88' lang='lat' dir='ltr'><strong>anctoritate</strong></span> <span class='ocrx_word' id='word_1_147' title='bbox 921 2447 1053 2490; x_wconf 89' lang='lat' dir='ltr'><strong>romane</strong></span> <span class='ocrx_word' id='word_1_148' title='bbox 1085 2424 1222 2488; x_wconf 78' lang='lat' dir='ltr'><strong>ecclesie</strong></span> <span class='ocrx_word' id='word_1_149' title='bbox 1253 2435 1286 2488; x_wconf 93' lang='lat' dir='ltr'><strong>et</strong></span> <span class='ocrx_word' id='word_1_150' title='bbox 1315 2445 1375 2488; x_wconf 88' lang='lat' dir='ltr'><strong>sna</strong></span> <span class='ocrx_word' id='word_1_151' title='bbox 1404 2424 1493 2509; x_wconf 88' lang='lat' dir='ltr'><strong>ipsos</strong></span> <span class='ocrx_word' id='word_1_152' title='bbox 1522 2425 1850 2488; x_wconf 76' lang='lat' dir='ltr'><strong>excommunicationi</strong></span> 
     </span>
     <span class='ocr_line' id='line_1_18' title="bbox 167 2525 1849 2617; baseline 0 -23"><span class='ocrx_word' id='word_1_153' title='bbox 167 2530 317 2596; x_wconf 86' lang='lat' dir='ltr'><strong>subiecit.</strong></span> <span class='ocrx_word' id='word_1_154' title='bbox 342 2529 406 2596; x_wconf 87' lang='lat' dir='ltr'><strong>Sed</strong></span> <span class='ocrx_word' id='word_1_155' title='bbox 429 2531 492 2617; x_wconf 90' lang='lat' dir='ltr'><strong>ipsi</strong></span> <span class='ocrx_word' id='word_1_156' title='bbox 515 2532 549 2595; x_wconf 91' lang='lat' dir='ltr'><strong>in</strong></span> <span class='ocrx_word' id='word_1_157' title='bbox 573 2547 632 2595; x_wconf 89' lang='lat' dir='ltr'><strong>sna</strong></span> <span class='ocrx_word' id='word_1_158' title='bbox 655 2529 828 2595; x_wconf 87' lang='lat' dir='ltr'><strong>obstinatia</strong></span> <span class='ocrx_word' id='word_1_159' title='bbox 851 2530 1001 2613; x_wconf 89' lang='lat' dir='ltr'><strong>indurati,</strong></span> <span class='ocrx_word' id='word_1_160' title='bbox 1026 2529 1134 2594; x_wconf 89' lang='lat' dir='ltr'><strong>delicti</strong></span> <span class='ocrx_word' id='word_1_161' title='bbox 1166 2531 1217 2594; x_wconf 91' lang='lat' dir='ltr'><strong>sui</strong></span> <span class='ocrx_word' id='word_1_162' title='bbox 1247 2537 1371 2594; x_wconf 91' lang='lat' dir='ltr'><strong>reatum</strong></span> <span class='ocrx_word' id='word_1_163' title='bbox 1401 2549 1636 2614; x_wconf 83' lang='lat' dir='ltr'><strong>recognoscere</strong></span> <span class='ocrx_word' id='word_1_164' title='bbox 1668 2525 1849 2614; x_wconf 88' lang='lat' dir='ltr'><strong>noluerunt,</strong></span> 
     </span>
     <span class='ocr_line' id='line_1_19' title="bbox 168 2633 1852 2720; baseline 0 -21"><span class='ocrx_word' id='word_1_165' title='bbox 168 2657 231 2699; x_wconf 88' lang='lat' dir='ltr'><strong>nec</strong></span> <span class='ocrx_word' id='word_1_166' title='bbox 252 2634 294 2700; x_wconf 83' lang='lat' dir='ltr'><strong>ad</strong></span> <span class='ocrx_word' id='word_1_167' title='bbox 318 2633 571 2700; x_wconf 75' lang='lat' dir='ltr'><strong>satisfactionem</strong></span> <span class='ocrx_word' id='word_1_168' title='bbox 592 2635 699 2700; x_wconf 89' lang='lat' dir='ltr'><strong>redire</strong></span> <span class='ocrx_word' id='word_1_169' title='bbox 722 2647 886 2699; x_wconf 88' lang='lat' dir='ltr'><strong>curarunt.</strong></span> <span class='ocrx_word' id='word_1_170' title='bbox 911 2634 1006 2700; x_wconf 92' lang='lat' dir='ltr'><strong>Unde</strong></span> <span class='ocrx_word' id='word_1_171' title='bbox 1030 2635 1144 2698; x_wconf 87' lang='lat' dir='ltr'><strong>meritc</strong></span> <span class='ocrx_word' id='word_1_172' title='bbox 1168 2633 1208 2697; x_wconf 93' lang='lat' dir='ltr'><strong>de</strong></span> <span class='ocrx_word' id='word_1_173' title='bbox 1232 2635 1312 2720; x_wconf 89' lang='lat' dir='ltr'><strong>ipsis</strong></span> <span class='ocrx_word' id='word_1_174' title='bbox 1337 2642 1441 2720; x_wconf 89' lang='lat' dir='ltr'><strong>potest</strong></span> <span class='ocrx_word' id='word_1_175' title='bbox 1465 2633 1547 2698; x_wconf 90' lang='lat' dir='ltr'><strong>dici:</strong></span> <span class='ocrx_word' id='word_1_176' title='bbox 1585 2645 1852 2719; x_wconf 88' lang='lat' dir='ltr'><strong>computruerunt</strong></span> 
     </span>
     <span class='ocr_line' id='line_1_20' title="bbox 170 2737 1851 2827; baseline -0.001 -22"><span class='ocrx_word' id='word_1_177' title='bbox 170 2742 316 2805; x_wconf 82' lang='lat' dir='ltr'><strong>iumenta</strong></span> <span class='ocrx_word' id='word_1_178' title='bbox 338 2742 371 2804; x_wconf 92' lang='lat' dir='ltr'><strong>in</strong></span> <span class='ocrx_word' id='word_1_179' title='bbox 396 2750 539 2805; x_wconf 87' lang='lat' dir='ltr'><strong>stercore</strong></span> <span class='ocrx_word' id='word_1_180' title='bbox 563 2761 631 2805; x_wconf 84' lang='lat' dir='ltr'><strong>suo.</strong></span> <span class='ocrx_word' id='word_1_181' title='bbox 655 2739 729 2806; x_wconf 87' lang='lat' dir='ltr'><strong>Jam</strong></span> <span class='ocrx_word' id='word_1_182' title='bbox 754 2743 839 2805; x_wconf 91' lang='lat' dir='ltr'><strong>enim</strong></span> <span class='ocrx_word' id='word_1_183' title='bbox 864 2739 1018 2804; x_wconf 85' lang='lat' dir='ltr'><strong>videntur</strong></span> <span class='ocrx_word' id='word_1_184' title='bbox 1039 2739 1132 2804; x_wconf 86' lang='lat' dir='ltr'><strong>infixi</strong></span> <span class='ocrx_word' id='word_1_185' title='bbox 1157 2741 1190 2802; x_wconf 91' lang='lat' dir='ltr'><strong>in</strong></span> <span class='ocrx_word' id='word_1_186' title='bbox 1222 2737 1299 2803; x_wconf 90' lang='lat' dir='ltr'><strong>limo</strong></span> <span class='ocrx_word' id='word_1_187' title='bbox 1330 2737 1492 2824; x_wconf 85' lang='lat' dir='ltr'><strong>profundi,</strong></span> <span class='ocrx_word' id='word_1_188' title='bbox 1522 2747 1554 2803; x_wconf 90' lang='lat' dir='ltr'><strong>et</strong></span> <span class='ocrx_word' id='word_1_189' title='bbox 1587 2748 1702 2825; x_wconf 88' lang='lat' dir='ltr'><strong>putens</strong></span> <span class='ocrx_word' id='word_1_190' title='bbox 1737 2738 1851 2827; x_wconf 87' lang='lat' dir='ltr'><strong>abyssi</strong></span> 
     </span>
     <span class='ocr_line' id='line_1_21' title="bbox 169 2843 1848 2932; baseline 0 -22"><span class='ocrx_word' id='word_1_191' title='bbox 169 2867 206 2910; x_wconf 91' lang='grc' dir='ltr'>οι</span> <span class='ocrx_word' id='word_1_192' title='bbox 230 2867 322 2910; x_wconf 89' lang='lat' dir='ltr'><strong>snum</strong></span> <span class='ocrx_word' id='word_1_193' title='bbox 348 2867 446 2932; x_wconf 87' lang='lat' dir='ltr'><strong>super</strong></span> <span class='ocrx_word' id='word_1_194' title='bbox 469 2867 525 2911; x_wconf 84' lang='lat' dir='ltr'><strong>eos</strong></span> <span class='ocrx_word' id='word_1_195' title='bbox 547 2845 704 2911; x_wconf 86' lang='lat' dir='ltr'><strong>clausisse</strong></span> <span class='ocrx_word' id='word_1_196' title='bbox 727 2847 866 2911; x_wconf 84' lang='lat' dir='ltr'><strong>ridetur.</strong></span> <span class='ocrx_word' id='word_1_197' title='bbox 889 2846 974 2911; x_wconf 89' lang='lat' dir='ltr'><strong>Sane</strong></span> <span class='ocrx_word' id='word_1_198' title='bbox 997 2846 1080 2910; x_wconf 88' lang='lat' dir='ltr'><strong>scire</strong></span> <span class='ocrx_word' id='word_1_199' title='bbox 1103 2843 1232 2924; x_wconf 91' lang='lat' dir='ltr'><strong>debent,</strong></span> <span class='ocrx_word' id='word_1_200' title='bbox 1270 2843 1357 2930; x_wconf 90' lang='lat' dir='ltr'><strong>quod</strong></span> <span class='ocrx_word' id='word_1_201' title='bbox 1393 2843 1576 2908; x_wconf 89' lang='lat' dir='ltr'><strong>obedientie</strong></span> <span class='ocrx_word' id='word_1_202' title='bbox 1612 2845 1714 2909; x_wconf 87' lang='lat' dir='ltr'><strong>virtue</strong></span> <span class='ocrx_word' id='word_1_203' title='bbox 1753 2867 1848 2910; x_wconf 90' lang='lat' dir='ltr'><strong>omne</strong></span> 
     </span>
     <span class='ocr_line' id='line_1_22' title="bbox 170 2948 1849 3044; baseline -0.001 -28"><span class='ocrx_word' id='word_1_204' title='bbox 170 2949 403 3044; x_wconf 74' lang='lat' dir='ltr'><strong>sacrificiorum</strong></span> <span class='ocrx_word' id='word_1_205' title='bbox 427 2973 530 3036; x_wconf 81' lang='lat' dir='ltr'><strong>genus</strong></span> <span class='ocrx_word' id='word_1_206' title='bbox 553 2951 847 3038; x_wconf 87' lang='lat' dir='ltr'><strong>incomparabiliter</strong></span> <span class='ocrx_word' id='word_1_207' title='bbox 869 2950 1042 3034; x_wconf 87' lang='lat' dir='ltr'><strong>antecedit,</strong></span> <span class='ocrx_word' id='word_1_208' title='bbox 1063 2957 1096 3016; x_wconf 86' lang='lat' dir='ltr'><strong>ct</strong></span> <span class='ocrx_word' id='word_1_209' title='bbox 1119 2971 1176 3036; x_wconf 89' lang='lat' dir='ltr'><strong>per</strong></span> <span class='ocrx_word' id='word_1_210' title='bbox 1198 2951 1303 3036; x_wconf 87' lang='lat' dir='ltr'><strong>ipsam</strong></span> <span class='ocrx_word' id='word_1_211' title='bbox 1327 2952 1464 3036; x_wconf 91' lang='lat' dir='ltr'><strong>primum</strong></span> <span class='ocrx_word' id='word_1_212' title='bbox 1490 2948 1664 3033; x_wconf 89' lang='lat' dir='ltr'><strong>hominem,</strong></span> <span class='ocrx_word' id='word_1_213' title='bbox 1689 2952 1744 3038; x_wconf 89' lang='lat' dir='ltr'><strong>qui</strong></span> <span class='ocrx_word' id='word_1_214' title='bbox 1779 2973 1849 3016; x_wconf 87' lang='lat' dir='ltr'><strong>cor-</strong></span> 
     </span>
     <span class='ocr_line' id='line_1_23' title="bbox 168 3053 1849 3144; baseline -0.001 -22"><span class='ocrx_word' id='word_1_215' title='bbox 168 3067 281 3122; x_wconf 83' lang='lat' dir='ltr'><strong>ruerat</strong></span> <span class='ocrx_word' id='word_1_216' title='bbox 303 3055 531 3121; x_wconf 83' lang='lat' dir='ltr'><strong>miserabiliter</strong></span> <span class='ocrx_word' id='word_1_217' title='bbox 554 3079 612 3144; x_wconf 89' lang='lat' dir='ltr'><strong>per</strong></span> <span class='ocrx_word' id='word_1_218' title='bbox 635 3058 831 3144; x_wconf 87' lang='lat' dir='ltr'><strong>superbiam,</strong></span> <span class='ocrx_word' id='word_1_219' title='bbox 855 3057 1059 3143; x_wconf 89' lang='lat' dir='ltr'><strong>omnipotens</strong></span> <span class='ocrx_word' id='word_1_220' title='bbox 1084 3055 1163 3120; x_wconf 88' lang='lat' dir='ltr'><strong>deus</strong></span> <span class='ocrx_word' id='word_1_221' title='bbox 1188 3053 1379 3119; x_wconf 88' lang='lat' dir='ltr'><strong>mirabiliter</strong></span> <span class='ocrx_word' id='word_1_222' title='bbox 1401 3053 1512 3120; x_wconf 92' lang='lat' dir='ltr'><strong>celesti</strong></span> <span class='ocrx_word' id='word_1_223' title='bbox 1543 3055 1646 3140; x_wconf 89' lang='lat' dir='ltr'><strong>glorie</strong></span> <span class='ocrx_word' id='word_1_224' title='bbox 1678 3059 1849 3142; x_wconf 88' lang='lat' dir='ltr'><strong>reparauit.</strong></span> 
     </span>
     <span class='ocr_line' id='line_1_24' title="bbox 170 3153 1913 3248; baseline 0 -22"><span class='ocrx_word' id='word_1_225' title='bbox 170 3159 266 3242; x_wconf 84' lang='lat' dir='ltr'><strong>Unde</strong></span> <span class='ocrx_word' id='word_1_226' title='bbox 289 3183 349 3226; x_wconf 91' lang='lat' dir='ltr'><strong>noe</strong></span> <span class='ocrx_word' id='word_1_227' title='bbox 372 3183 430 3247; x_wconf 89' lang='lat' dir='ltr'><strong>per</strong></span> <span class='ocrx_word' id='word_1_228' title='bbox 453 3161 632 3248; x_wconf 88' lang='lat' dir='ltr'><strong>apostolica</strong></span> <span class='ocrx_word' id='word_1_229' title='bbox 655 3163 702 3226; x_wconf 88' lang='lat' dir='ltr'><strong>eis</strong></span> <span class='ocrx_word' id='word_1_230' title='bbox 726 3165 847 3248; x_wconf 82' lang='lat' dir='ltr'><strong>scripta</strong></span> <span class='ocrx_word' id='word_1_231' title='bbox 877 3161 1113 3243; x_wconf 88' lang='lat' dir='ltr'><strong>mandauimus,</strong></span> <span class='ocrx_word' id='word_1_232' title='bbox 1145 3171 1178 3225; x_wconf 88' lang='lat' dir='ltr'><strong>et</strong></span> <span class='ocrx_word' id='word_1_233' title='bbox 1206 3161 1241 3224; x_wconf 92' lang='lat' dir='ltr'><strong>in</strong></span> <span class='ocrx_word' id='word_1_234' title='bbox 1270 3161 1390 3225; x_wconf 83' lang='lat' dir='ltr'><strong>virtute</strong></span> <span class='ocrx_word' id='word_1_235' title='bbox 1422 3161 1605 3226; x_wconf 89' lang='lat' dir='ltr'><strong>obedientie</strong></span> <span class='ocrx_word' id='word_1_236' title='bbox 1636 3165 1850 3248; x_wconf 88' lang='lat' dir='ltr'><strong>precepimus,</strong></span> <span class='ocrx_word' id='word_1_237' title='bbox 1907 3153 1913 3165; x_wconf 77' lang='grc'><strong><em>’</em></strong></span> 
     </span>
     <span class='ocr_line' id='line_1_25' title="bbox 171 3265 1851 3354; baseline 0 -22"><span class='ocrx_word' id='word_1_238' title='bbox 171 3277 330 3354; x_wconf 86' lang='lat' dir='ltr'><strong>qnatenus</strong></span> <span class='ocrx_word' id='word_1_239' title='bbox 353 3289 373 3332; x_wconf 87' lang='lat' dir='ltr'><strong>a</strong></span> <span class='ocrx_word' id='word_1_240' title='bbox 396 3266 542 3354; x_wconf 89' lang='lat' dir='ltr'><strong>predicto</strong></span> <span class='ocrx_word' id='word_1_241' title='bbox 565 3266 810 3354; x_wconf 88' lang='lat' dir='ltr'><strong>archiepiscopo</strong></span> <span class='ocrx_word' id='word_1_242' title='bbox 833 3267 971 3348; x_wconf 91' lang='lat' dir='ltr'><strong>absolui,</strong></span> <span class='ocrx_word' id='word_1_243' title='bbox 995 3287 1068 3332; x_wconf 90' lang='lat' dir='ltr'><strong>cum</strong></span> <span class='ocrx_word' id='word_1_244' title='bbox 1093 3267 1181 3330; x_wconf 91' lang='lat' dir='ltr'><strong>omni</strong></span> <span class='ocrx_word' id='word_1_245' title='bbox 1213 3265 1401 3330; x_wconf 82' lang='lat' dir='ltr'><strong>bumilitate</strong></span> <span class='ocrx_word' id='word_1_246' title='bbox 1423 3277 1456 3330; x_wconf 93' lang='lat' dir='ltr'><strong>et</strong></span> <span class='ocrx_word' id='word_1_247' title='bbox 1484 3267 1646 3351; x_wconf 87' lang='lat' dir='ltr'><strong>pacientia</strong></span> <span class='ocrx_word' id='word_1_248' title='bbox 1680 3267 1851 3353; x_wconf 89' lang='lat' dir='ltr'><strong>postulent,</strong></span> 
     </span>
     <span class='ocr_line' id='line_1_26' title="bbox 172 3371 1853 3460; baseline -0.001 -22"><span class='ocrx_word' id='word_1_249' title='bbox 172 3385 204 3438; x_wconf 86' lang='lat' dir='ltr'><strong>et</strong></span> <span class='ocrx_word' id='word_1_250' title='bbox 226 3371 288 3438; x_wconf 91' lang='lat' dir='ltr'><strong>sibi</strong></span> <span class='ocrx_word' id='word_1_251' title='bbox 315 3383 348 3436; x_wconf 89' lang='lat' dir='ltr'><strong>et</strong></span> <span class='ocrx_word' id='word_1_252' title='bbox 369 3371 507 3437; x_wconf 87' lang='lat' dir='ltr'><strong>ecclesie</strong></span> <span class='ocrx_word' id='word_1_253' title='bbox 530 3394 589 3437; x_wconf 87' lang='lat' dir='ltr'><strong>sue</strong></span> <span class='ocrx_word' id='word_1_254' title='bbox 611 3373 681 3438; x_wconf 88' lang='lat' dir='ltr'><strong>iure</strong></span> <span class='ocrx_word' id='word_1_255' title='bbox 704 3371 940 3460; x_wconf 88' lang='lat' dir='ltr'><strong>metropolitico</strong></span> <span class='ocrx_word' id='word_1_256' title='bbox 971 3371 1138 3460; x_wconf 87' lang='lat' dir='ltr'><strong>supliciter</strong></span> <span class='ocrx_word' id='word_1_257' title='bbox 1172 3381 1204 3436; x_wconf 93' lang='lat' dir='ltr'><strong>et</strong></span> <span class='ocrx_word' id='word_1_258' title='bbox 1238 3372 1354 3436; x_wconf 91' lang='lat' dir='ltr'><strong>deuote</strong></span> <span class='ocrx_word' id='word_1_259' title='bbox 1388 3371 1605 3436; x_wconf 87' lang='lat' dir='ltr'><strong>obedientiam</strong></span> <span class='ocrx_word' id='word_1_260' title='bbox 1642 3373 1784 3438; x_wconf 86' lang='lat' dir='ltr'><strong>debitum</strong></span> <span class='ocrx_word' id='word_1_261' title='bbox 1820 3385 1853 3437; x_wconf 87' lang='lat' dir='ltr'><strong>et</strong></span> 
     </span>
     <span class='ocr_line' id='line_1_27' title="bbox 171 3475 1849 3564; baseline -0.001 -18"><span class='ocrx_word' id='word_1_262' title='bbox 171 3478 385 3546; x_wconf 82' lang='lat' dir='ltr'><strong>reuerentiam</strong></span> <span class='ocrx_word' id='word_1_263' title='bbox 408 3475 606 3564; x_wconf 89' lang='lat' dir='ltr'><strong>impendent.</strong></span> <span class='ocrx_word' id='word_1_264' title='bbox 630 3475 726 3558; x_wconf 80' lang='lat' dir='ltr'><strong>Quod</strong></span> <span class='ocrx_word' id='word_1_265' title='bbox 751 3479 779 3544; x_wconf 89' lang='lat' dir='ltr'><strong>si</strong></span> <span class='ocrx_word' id='word_1_266' title='bbox 801 3499 919 3542; x_wconf 88' lang='lat' dir='ltr'><strong>uenum</strong></span> <span class='ocrx_word' id='word_1_267' title='bbox 944 3477 1095 3563; x_wconf 89' lang='lat' dir='ltr'><strong>superbie</strong></span> <span class='ocrx_word' id='word_1_268' title='bbox 1112 3487 1144 3542; x_wconf 91' lang='lat' dir='ltr'><strong>et</strong></span> <span class='ocrx_word' id='word_1_269' title='bbox 1159 3475 1377 3542; x_wconf 87' lang='lat' dir='ltr'><strong>inobedientia</strong></span> <span class='ocrx_word' id='word_1_270' title='bbox 1395 3477 1462 3542; x_wconf 85' lang='lat' dir='ltr'><strong>dati</strong></span> <span class='ocrx_word' id='word_1_271' title='bbox 1481 3480 1513 3542; x_wconf 94' lang='lat' dir='ltr'><strong>in</strong></span> <span class='ocrx_word' id='word_1_272' title='bbox 1531 3479 1703 3563; x_wconf 87' lang='lat' dir='ltr'><strong>reprobum</strong></span> <span class='ocrx_word' id='word_1_273' title='bbox 1720 3501 1849 3544; x_wconf 87' lang='lat' dir='ltr'><strong>sensum</strong></span> 
     </span>
     <span class='ocr_line' id='line_1_28' title="bbox 171 3580 1850 3674; baseline 0.002 -27"><span class='ocrx_word' id='word_1_274' title='bbox 171 3582 334 3670; x_wconf 89' lang='lat' dir='ltr'><strong>deponere</strong></span> <span class='ocrx_word' id='word_1_275' title='bbox 359 3580 527 3674; x_wconf 77' lang='lat' dir='ltr'><strong>noluerint,</strong></span> <span class='ocrx_word' id='word_1_276' title='bbox 550 3603 609 3646; x_wconf 90' lang='lat' dir='ltr'><strong>uos</strong></span> <span class='ocrx_word' id='word_1_277' title='bbox 634 3581 750 3667; x_wconf 86' lang='lat' dir='ltr'><strong>legato,</strong></span> <span class='ocrx_word' id='word_1_278' title='bbox 771 3605 867 3668; x_wconf 89' lang='lat' dir='ltr'><strong>quem</strong></span> <span class='ocrx_word' id='word_1_279' title='bbox 891 3582 932 3647; x_wconf 90' lang='lat' dir='ltr'><strong>ad</strong></span> <span class='ocrx_word' id='word_1_280' title='bbox 956 3595 1065 3669; x_wconf 88' lang='lat' dir='ltr'><strong>partes</strong></span> <span class='ocrx_word' id='word_1_281' title='bbox 1088 3583 1160 3647; x_wconf 89' lang='lat' dir='ltr'><strong>illas</strong></span> <span class='ocrx_word' id='word_1_282' title='bbox 1184 3581 1468 3647; x_wconf 88' lang='lat' dir='ltr'><strong>dominofauente</strong></span> <span class='ocrx_word' id='word_1_283' title='bbox 1500 3583 1679 3668; x_wconf 87' lang='lat' dir='ltr'><strong>dirigimus,</strong></span> <span class='ocrx_word' id='word_1_284' title='bbox 1714 3584 1850 3652; x_wconf 88' lang='lat' dir='ltr'><strong>firmiter</strong></span> 
     </span>
     <span class='ocr_line' id='line_1_29' title="bbox 172 3687 1850 3774; baseline 0 -20"><span class='ocrx_word' id='word_1_285' title='bbox 172 3687 408 3770; x_wconf 78' lang='lat' dir='ltr'><strong>mandarimus,</strong></span> <span class='ocrx_word' id='word_1_286' title='bbox 431 3697 467 3752; x_wconf 85' lang='lat' dir='ltr'><strong>ut</strong></span> <span class='ocrx_word' id='word_1_287' title='bbox 490 3687 682 3752; x_wconf 86' lang='lat' dir='ltr'><strong>sententiam</strong></span> <span class='ocrx_word' id='word_1_288' title='bbox 706 3687 943 3774; x_wconf 89' lang='lat' dir='ltr'><strong>archiepiscopi</strong></span> <span class='ocrx_word' id='word_1_289' title='bbox 967 3689 1157 3752; x_wconf 87' lang='lat' dir='ltr'><strong>inconcusse</strong></span> <span class='ocrx_word' id='word_1_290' title='bbox 1180 3687 1278 3752; x_wconf 87' lang='lat' dir='ltr'><strong>faciat</strong></span> <span class='ocrx_word' id='word_1_291' title='bbox 1300 3698 1332 3752; x_wconf 88' lang='lat' dir='ltr'><strong>et</strong></span> <span class='ocrx_word' id='word_1_292' title='bbox 1354 3688 1585 3752; x_wconf 88' lang='lat' dir='ltr'><strong>inuiolabiliter</strong></span> <span class='ocrx_word' id='word_1_293' title='bbox 1614 3690 1793 3772; x_wconf 88' lang='lat' dir='ltr'><strong>obseruari,</strong></span> <span class='ocrx_word' id='word_1_294' title='bbox 1818 3701 1850 3754; x_wconf 89' lang='lat' dir='ltr'><strong>et</strong></span> 
     </span>
     <span class='ocr_line' id='line_1_30' title="bbox 171 3791 1848 3890; baseline -0.001 -31"><span class='ocrx_word' id='word_1_295' title='bbox 171 3793 235 3859; x_wconf 87' lang='lat' dir='ltr'><strong>alio</strong></span> <span class='ocrx_word' id='word_1_296' title='bbox 259 3791 366 3874; x_wconf 87' lang='lat' dir='ltr'><strong>modo,</strong></span> <span class='ocrx_word' id='word_1_297' title='bbox 389 3793 417 3857; x_wconf 90' lang='lat' dir='ltr'><strong>si</strong></span> <span class='ocrx_word' id='word_1_298' title='bbox 441 3813 502 3856; x_wconf 91' lang='lat' dir='ltr'><strong>nec</strong></span> <span class='ocrx_word' id='word_1_299' title='bbox 525 3794 573 3856; x_wconf 91' lang='lat' dir='ltr'><strong>sio</strong></span> <span class='ocrx_word' id='word_1_300' title='bbox 596 3793 798 3879; x_wconf 87' lang='lat' dir='ltr'><strong>resipuerint,</strong></span> <span class='ocrx_word' id='word_1_301' title='bbox 823 3796 855 3856; x_wconf 91' lang='lat' dir='ltr'><strong>in</strong></span> <span class='ocrx_word' id='word_1_302' title='bbox 880 3795 968 3879; x_wconf 88' lang='lat' dir='ltr'><strong>ipsos</strong></span> <span class='ocrx_word' id='word_1_303' title='bbox 992 3793 1121 3886; x_wconf 84' lang='lat' dir='ltr'><strong>studeat</strong></span> <span class='ocrx_word' id='word_1_304' title='bbox 1152 3793 1328 3866; x_wconf 77' lang='lat' dir='ltr'><strong>vindicare.</strong></span> <span class='ocrx_word' id='word_1_305' title='bbox 1365 3791 1465 3890; x_wconf 63' lang='lat' dir='ltr'><strong>Vobis</strong></span> <span class='ocrx_word' id='word_1_306' title='bbox 1496 3805 1603 3858; x_wconf 90' lang='lat' dir='ltr'><strong>autem</strong></span> <span class='ocrx_word' id='word_1_307' title='bbox 1638 3793 1848 3859; x_wconf 89' lang='lat' dir='ltr'><strong>nibilominus</strong></span> 
     </span>
     <span class='ocr_line' id='line_1_31' title="bbox 172 3898 1850 3988; baseline -0.001 -22"><span class='ocrx_word' id='word_1_308' title='bbox 172 3898 382 3988; x_wconf 88' lang='lat' dir='ltr'><strong>precipiendo</strong></span> <span class='ocrx_word' id='word_1_309' title='bbox 405 3898 604 3980; x_wconf 90' lang='lat' dir='ltr'><strong>mandamus,</strong></span> <span class='ocrx_word' id='word_1_310' title='bbox 630 3911 664 3963; x_wconf 92' lang='lat' dir='ltr'><strong>nt</strong></span> <span class='ocrx_word' id='word_1_311' title='bbox 686 3899 840 3984; x_wconf 88' lang='lat' dir='ltr'><strong>predictis</strong></span> <span class='ocrx_word' id='word_1_312' title='bbox 871 3901 1033 3986; x_wconf 89' lang='lat' dir='ltr'><strong>episcopis</strong></span> <span class='ocrx_word' id='word_1_313' title='bbox 1063 3899 1168 3964; x_wconf 91' lang='lat' dir='ltr'><strong>donec</strong></span> <span class='ocrx_word' id='word_1_314' title='bbox 1202 3901 1235 3963; x_wconf 92' lang='lat' dir='ltr'><strong>in</strong></span> <span class='ocrx_word' id='word_1_315' title='bbox 1270 3900 1606 3964; x_wconf 85' lang='lat' dir='ltr'><strong>excommunicatione</strong></span> <span class='ocrx_word' id='word_1_316' title='bbox 1642 3903 1850 3988; x_wconf 81' lang='lat' dir='ltr'><strong>perstiterint,</strong></span> 
     </span>
     <span class='ocr_line' id='line_1_32' title="bbox 172 4003 1851 4092; baseline -0.002 -18"><span class='ocrx_word' id='word_1_317' title='bbox 172 4007 303 4074; x_wconf 79' lang='lat' dir='ltr'><strong>filialem</strong></span> <span class='ocrx_word' id='word_1_318' title='bbox 326 4005 530 4072; x_wconf 85' lang='lat' dir='ltr'><strong>decetionem</strong></span> <span class='ocrx_word' id='word_1_319' title='bbox 553 4015 610 4070; x_wconf 85' lang='lat' dir='ltr'><strong>unt</strong></span> <span class='ocrx_word' id='word_1_320' title='bbox 632 4004 864 4070; x_wconf 89' lang='lat' dir='ltr'><strong>subiectionem</strong></span> <span class='ocrx_word' id='word_1_321' title='bbox 887 4003 1030 4092; x_wconf 89' lang='lat' dir='ltr'><strong>aliquam</strong></span> <span class='ocrx_word' id='word_1_322' title='bbox 1054 4004 1264 4070; x_wconf 86' lang='lat' dir='ltr'><strong>nullomodo</strong></span> <span class='ocrx_word' id='word_1_323' title='bbox 1292 4003 1483 4085; x_wconf 83' lang='lat' dir='ltr'><strong>exhibeatis,</strong></span> <span class='ocrx_word' id='word_1_324' title='bbox 1519 4027 1579 4068; x_wconf 91' lang='lat' dir='ltr'><strong>nec</strong></span> <span class='ocrx_word' id='word_1_325' title='bbox 1613 4025 1668 4069; x_wconf 91' lang='lat' dir='ltr'><strong>eos</strong></span> <span class='ocrx_word' id='word_1_326' title='bbox 1705 4027 1851 4070; x_wconf 87' lang='lat' dir='ltr'><strong>reueren-</strong></span> 
     </span>
     <span class='ocr_line' id='line_1_33' title="bbox 174 4109 1850 4198; baseline -0.002 -19"><span class='ocrx_word' id='word_1_327' title='bbox 174 4115 260 4196; x_wconf 90' lang='lat' dir='ltr'><strong>mini,</strong></span> <span class='ocrx_word' id='word_1_328' title='bbox 284 4133 453 4198; x_wconf 87' lang='lat' dir='ltr'><strong>quousque</strong></span> <span class='ocrx_word' id='word_1_329' title='bbox 475 4111 731 4198; x_wconf 87' lang='lat' dir='ltr'><strong>archiepiscopo,</strong></span> <span class='ocrx_word' id='word_1_330' title='bbox 754 4124 918 4197; x_wconf 60' lang='lat' dir='ltr'><strong>umquam</strong></span> <span class='ocrx_word' id='word_1_331' title='bbox 944 4110 1190 4197; x_wconf 89' lang='lat' dir='ltr'><strong>metropolitano</strong></span> <span class='ocrx_word' id='word_1_332' title='bbox 1214 4134 1272 4176; x_wconf 91' lang='lat' dir='ltr'><strong>suo</strong></span> <span class='ocrx_word' id='word_1_333' title='bbox 1296 4111 1448 4176; x_wconf 83' lang='lat' dir='ltr'><strong>studeant</strong></span> <span class='ocrx_word' id='word_1_334' title='bbox 1469 4113 1503 4174; x_wconf 92' lang='lat' dir='ltr'><strong>in</strong></span> <span class='ocrx_word' id='word_1_335' title='bbox 1527 4109 1586 4192; x_wconf 90' lang='lat' dir='ltr'><strong>bis,</strong></span> <span class='ocrx_word' id='word_1_336' title='bbox 1610 4133 1674 4197; x_wconf 90' lang='lat' dir='ltr'><strong>que</strong></span> <span class='ocrx_word' id='word_1_337' title='bbox 1696 4110 1751 4176; x_wconf 90' lang='lat' dir='ltr'><strong>dei</strong></span> <span class='ocrx_word' id='word_1_338' title='bbox 1767 4123 1850 4192; x_wconf 81' lang='lat' dir='ltr'><strong>sunl,</strong></span> 
     </span>
     <span class='ocr_line' id='line_1_34' title="bbox 172 4215 1206 4284; baseline -0.004 0"><span class='ocrx_word' id='word_1_339' title='bbox 172 4217 336 4284; x_wconf 89' lang='lat' dir='ltr'><strong>humiliter</strong></span> <span class='ocrx_word' id='word_1_340' title='bbox 358 4216 501 4282; x_wconf 74' lang='lat' dir='ltr'><strong>obedire.</strong></span> <span class='ocrx_word' id='word_1_341' title='bbox 527 4216 647 4281; x_wconf 87' lang='lat' dir='ltr'><strong>Datum</strong></span> <span class='ocrx_word' id='word_1_342' title='bbox 671 4217 849 4282; x_wconf 87' lang='lat' dir='ltr'><strong>Beneuenti</strong></span> <span class='ocrx_word' id='word_1_343' title='bbox 874 4217 948 4283; x_wconf 87' lang='lat'><em>1111.</em></span> <span class='ocrx_word' id='word_1_344' title='bbox 972 4215 1037 4280; x_wconf 87' lang='lat' dir='ltr'><strong>kei.</strong></span> <span class='ocrx_word' id='word_1_345' title='bbox 1059 4218 1206 4282; x_wconf 87' lang='lat' dir='ltr'><strong>ianuarii.</strong></span> 
     </span>
    </p>

    <p class='ocr_par' dir='ltr' id='par_1_8' title="bbox 320 4320 1076 4410">
     <span class='ocr_line' id='line_1_35' title="bbox 320 4320 1076 4410; baseline 0 -24"><span class='ocrx_word' id='word_1_346' title='bbox 320 4320 405 4388; x_wconf 86' lang='lat' dir='ltr'><strong>Dola</strong></span> <span class='ocrx_word' id='word_1_347' title='bbox 428 4325 489 4386; x_wconf 86' lang='lat' dir='ltr'><strong>visi</strong></span> <span class='ocrx_word' id='word_1_348' title='bbox 513 4321 632 4388; x_wconf 83' lang='lat' dir='ltr'><strong>olovna</strong></span> <span class='ocrx_word' id='word_1_349' title='bbox 655 4328 750 4410; x_wconf 79' lang='lat' dir='ltr'><strong>pecet</strong></span> <span class='ocrx_word' id='word_1_350' title='bbox 772 4345 855 4409; x_wconf 87' lang='lat' dir='ltr'><strong>pape</strong></span> <span class='ocrx_word' id='word_1_351' title='bbox 877 4321 992 4388; x_wconf 74' lang='lat' dir='ltr'><strong>Alelen.</strong></span> <span class='ocrx_word' id='word_1_352' title='bbox 1015 4321 1076 4400; x_wconf 82' lang='grc' dir='ltr'><strong>ΙΙΙ.</strong></span> 
     </span>
    </p>
   </div>
   <div class='ocr_carea' id='block_1_7' title="bbox 307 4465 1666 4585">
    <p class='ocr_par' dir='ltr' id='par_1_9' title="bbox 307 4465 1666 4585">
     <span class='ocr_line' id='line_1_36' title="bbox 307 4465 1666 4585; baseline 0.004 -24"><span class='ocrx_word' id='word_1_353' title='bbox 307 4465 477 4561; x_wconf 22' lang='lat' dir='ltr'><strong>‘Bullatium</strong></span> <span class='ocrx_word' id='word_1_354' title='bbox 500 4505 682 4580; x_wconf 81' lang='lat' dir='ltr'><strong>Regnrinnm.</strong></span> <span class='ocrx_word' id='word_1_355' title='bbox 706 4512 756 4566; x_wconf 89' lang='lat' dir='ltr'><strong>str.</strong></span> <span class='ocrx_word' id='word_1_356' title='bbox 782 4505 855 4565; x_wconf 77' lang='lat'><strong>244.</strong></span> <span class='ocrx_word' id='word_1_357' title='bbox 880 4504 963 4585; x_wconf 82' lang='lat' dir='ltr'><strong>illyr.</strong></span> <span class='ocrx_word' id='word_1_358' title='bbox 986 4523 1058 4564; x_wconf 87' lang='lat' dir='ltr'><strong>sacr.</strong></span> <span class='ocrx_word' id='word_1_359' title='bbox 1083 4505 1119 4564; x_wconf 84' lang='grc' dir='ltr'><strong>Τ.</strong></span> <span class='ocrx_word' id='word_1_360' title='bbox 1143 4505 1193 4566; x_wconf 81' lang='lat' dir='ltr'><strong>vt.</strong></span> <span class='ocrx_word' id='word_1_361' title='bbox 1217 4512 1267 4567; x_wconf 85' lang='lat' dir='ltr'><strong>etr.</strong></span> <span class='ocrx_word' id='word_1_362' title='bbox 1289 4475 1339 4565; x_wconf 39' lang='lat'>81¹.</span> <span class='ocrx_word' id='word_1_363' title='bbox 1363 4523 1394 4562; x_wconf 88' lang='lat' dir='ltr'><strong>aa</strong></span> <span class='ocrx_word' id='word_1_364' title='bbox 1419 4507 1477 4562; x_wconf 82' lang='lat' dir='ltr'><strong>viic</strong></span> <span class='ocrx_word' id='word_1_365' title='bbox 1500 4506 1666 4578; x_wconf 83' lang='lat' dir='ltr'><strong>prasnineb.</strong></span> 
     </span>
    </p>
   </div>
   <div class='ocr_carea' id='block_1_8' title="bbox 569 4727 1457 4830">
    <p class='ocr_par' dir='ltr' id='par_1_10' title="bbox 569 4727 1457 4830">
     <span class='ocr_line' id='line_1_37' title="bbox 569 4727 1457 4830; baseline 0.003 -21"><span class='ocrx_word' id='word_1_366' title='bbox 569 4727 764 4811; x_wconf 80' lang='lat' dir='ltr'><strong>01.1lut.</strong></span> <span class='ocrx_word' id='word_1_367' title='bbox 789 4727 857 4811; x_wconf 75' lang='lat'><strong>29.</strong></span> <span class='ocrx_word' id='word_1_368' title='bbox 882 4727 1099 4830; x_wconf 83' lang='lat' dir='ltr'><strong>prusiaca.</strong></span> <span class='ocrx_word' id='word_1_369' title='bbox 1128 4727 1166 4810; x_wconf 85' lang='lat' dir='ltr'>U</span> <span class='ocrx_word' id='word_1_370' title='bbox 1191 4729 1457 4812; x_wconf 77' lang='lat' dir='ltr'><strong>Benevento.</strong></span> 
     </span>
    </p>
   </div>
   <div class='ocr_carea' id='block_1_9' title="bbox 171 4885 1851 5069">
    <p class='ocr_par' dir='ltr' id='par_1_11' title="bbox 171 4885 1851 5069">
     <span class='ocr_line' id='line_1_38' title="bbox 171 4885 1851 4970; baseline 0.002 -20"><span class='ocrx_word' id='word_1_371' title='bbox 171 4887 361 4950; x_wconf 81' lang='lat' dir='ltr'><strong>Alelesondro</strong></span> <span class='ocrx_word' id='word_1_372' title='bbox 383 4885 453 4947; x_wconf 84' lang='grc' dir='ltr'><strong>ΙΙΙ.</strong></span> <span class='ocrx_word' id='word_1_373' title='bbox 475 4905 566 4962; x_wconf 78' lang='lat' dir='ltr'><strong>popo,</strong></span> <span class='ocrx_word' id='word_1_374' title='bbox 589 4889 695 4950; x_wconf 72' lang='lat' dir='ltr'><strong>erduic</strong></span> <span class='ocrx_word' id='word_1_375' title='bbox 716 4893 813 4965; x_wconf 68' lang='lat' dir='ltr'><strong>strupo</strong></span> <span class='ocrx_word' id='word_1_376' title='bbox 836 4889 1006 4949; x_wconf 70' lang='lat' dir='ltr'><strong>succensione</strong></span> <span class='ocrx_word' id='word_1_377' title='bbox 1026 4891 1129 4964; x_wconf 73' lang='lat' dir='ltr'><strong>pornje</strong></span> <span class='ocrx_word' id='word_1_378' title='bbox 1151 4889 1329 4970; x_wconf 83' lang='lat' dir='ltr'><strong>Dolmucijc,</strong></span> <span class='ocrx_word' id='word_1_379' title='bbox 1362 4891 1402 4950; x_wconf 84' lang='lat' dir='ltr'><strong>du</strong></span> <span class='ocrx_word' id='word_1_380' title='bbox 1435 4909 1466 4952; x_wconf 85' lang='lat' dir='ltr'><strong>se</strong></span> <span class='ocrx_word' id='word_1_381' title='bbox 1499 4893 1560 4951; x_wconf 86' lang='lat' dir='ltr'><strong>imo</strong></span> <span class='ocrx_word' id='word_1_382' title='bbox 1578 4893 1711 4966; x_wconf 70' lang='lat' dir='ltr'><strong>polueriti</strong></span> <span class='ocrx_word' id='word_1_383' title='bbox 1745 4894 1851 4954; x_wconf 71' lang='lat' dir='ltr'><strong>dabre</strong></span> 
     </span>
     <span class='ocr_line' id='line_1_39' title="bbox 746 4995 1273 5069; baseline 0.006 -14"><span class='ocrx_word' id='word_1_384' title='bbox 746 4997 887 5056; x_wconf 64' lang='lat' dir='ltr'><strong>trasenna</strong></span> <span class='ocrx_word' id='word_1_385' title='bbox 911 4997 1101 5069; x_wconf 79' lang='lat' dir='ltr'><strong>nadbiekcpu</strong></span> <span class='ocrx_word' id='word_1_386' title='bbox 1127 4995 1273 5058; x_wconf 77' lang='lat' dir='ltr'><strong>Tritura.</strong></span> 
     </span>
    </p>
   </div>
   <div class='ocr_carea' id='block_1_10' title="bbox 172 5135 1848 5346">
    <p class='ocr_par' dir='ltr' id='par_1_12' title="bbox 172 5135 1848 5346">
     <span class='ocr_line' id='line_1_40' title="bbox 322 5135 1848 5238; baseline 0 -22"><span class='ocrx_word' id='word_1_387' title='bbox 322 5149 512 5216; x_wconf 84' lang='lat' dir='ltr'><strong>Alexander</strong></span> <span class='ocrx_word' id='word_1_388' title='bbox 533 5151 703 5238; x_wconf 88' lang='lat' dir='ltr'><strong>episcopus</strong></span> <span class='ocrx_word' id='word_1_389' title='bbox 735 5173 849 5216; x_wconf 89' lang='lat' dir='ltr'><strong>seruus</strong></span> <span class='ocrx_word' id='word_1_390' title='bbox 884 5171 1052 5218; x_wconf 88' lang='lat' dir='ltr'><strong>seruorum</strong></span> <span class='ocrx_word' id='word_1_391' title='bbox 1089 5149 1150 5232; x_wconf 91' lang='lat' dir='ltr'><strong>dei,</strong></span> <span class='ocrx_word' id='word_1_392' title='bbox 1185 5149 1425 5216; x_wconf 82' lang='lat' dir='ltr'><strong>¹uenerabilibus</strong></span> <span class='ocrx_word' id='word_1_393' title='bbox 1456 5150 1610 5216; x_wconf 86' lang='lat' dir='ltr'><strong>fratribus</strong></span> <span class='ocrx_word' id='word_1_394' title='bbox 1646 5135 1848 5237; x_wconf 80' lang='lat' dir='ltr'><strong>politanensi,</strong></span> 
     </span>
     <span class='ocr_line' id='line_1_41' title="bbox 172 5256 1843 5346; baseline -0.001 -22"><span class='ocrx_word' id='word_1_395' title='bbox 172 5258 323 5328; x_wconf 82' lang='lat' dir='ltr'><strong>rvacensi</strong></span> <span class='ocrx_word' id='word_1_396' title='bbox 349 5267 381 5324; x_wconf 87' lang='lat' dir='ltr'><strong>et</strong></span> <span class='ocrx_word' id='word_1_397' title='bbox 403 5258 597 5324; x_wconf 86' lang='lat' dir='ltr'><strong>drinastenai</strong></span> <span class='ocrx_word' id='word_1_398' title='bbox 621 5259 781 5346; x_wconf 88' lang='lat' dir='ltr'><strong>episcopis</strong></span> <span class='ocrx_word' id='word_1_399' title='bbox 812 5268 845 5325; x_wconf 92' lang='lat' dir='ltr'><strong>et</strong></span> <span class='ocrx_word' id='word_1_400' title='bbox 871 5256 998 5324; x_wconf 88' lang='lat' dir='ltr'><strong>dilectis</strong></span> <span class='ocrx_word' id='word_1_401' title='bbox 1032 5256 1107 5322; x_wconf 85' lang='lat' dir='ltr'><strong>tiliis</strong></span> <span class='ocrx_word' id='word_1_402' title='bbox 1142 5258 1301 5324; x_wconf 85' lang='lat' dir='ltr'><strong>uniuersis</strong></span> <span class='ocrx_word' id='word_1_403' title='bbox 1335 5256 1462 5322; x_wconf 88' lang='lat' dir='ltr'><strong>clericis</strong></span> <span class='ocrx_word' id='word_1_404' title='bbox 1493 5259 1675 5344; x_wconf 81' lang='lat' dir='ltr'><strong>sianiensis,</strong></span> <span class='ocrx_word' id='word_1_405' title='bbox 1707 5261 1843 5324; x_wconf 56' lang='lat' dir='ltr'><strong>sectari-¹</strong></span> 
     </span>
    </p>
   </div>
   <div class='ocr_carea' id='block_1_11' title="bbox 0 0 2168 5924">
    <p class='ocr_par' dir='ltr' id='par_1_13' title="bbox 0 0 2168 5924">
     <span class='ocr_line' id='line_1_42' title="bbox 0 0 2168 5924; baseline 0 0"><span class='ocrx_word' id='word_1_406' title='bbox 0 0 2168 5924; x_wconf 95' lang='lat' dir='ltr'><strong> </strong></span> 
     </span>
    </p>
   </div>
  </div>
 </body>
</html>
