4310 5918
333 420 377 486 98

496 611 571 675 Emi
592 619 754 674 terrenum
779 609 812 672 in
837 608 907 674 loco
939 609 1026 674 dicto
1049 609 1158 676 Barda
1180 609 1265 696 apud
1300 609 1419 676 salinas
1452 631 1552 695 usque
1583 631 1679 696 supra
1703 609 1799 688 viam,
1824 605 1898 673 volo
1923 615 1958 672 ut
1979 608 2018 672 sit

333 717 427 782 istius
451 715 618 782 ecclesiae.

491 821 566 884 Emi
586 819 695 884 itidem
721 829 883 884 terrenum
907 819 942 882 in
967 817 1036 884 loco
1061 819 1127 885 dict
1129 815 1246 886 0'13illa
1271 843 1290 885 a
1313 817 1452 903 Petralo,
1476 821 1531 907 qui
1555 819 1616 884 fuit
1639 842 1658 883 a
1681 817 1856 904 Repusina,
1880 813 2019 880 denariis

227 986 230 992 ,
334 927 511 1024 quinque,
515 926 592 991 volo
617 933 651 988 ut
674 925 747 988 sit
739 946 772 987 rn
796 921 858 988 hac
881 923 1027 990 ecclesia.

493 1030 599 1094 Etiam
626 1035 687 1093 emi
712 1027 833 1094 ibidem
858 1037 1021 1094 terrenum
1045 1031 1136 1096 iuxta
1156 1030 1279 1096 Stinina
1303 994 1362 1098 sub
1391 1052 1514 1116 rupem,
1539 1029 1581 1094 ab
1605 1051 1668 1093 una
1691 1035 1781 1114 parte
1805 1027 1895 1112 rupis
1920 1047 2020 1110 usque

333 1135 375 1202 ad
399 1135 543 1217 alteram,
567 1159 587 1199 a
608 1134 737 1216 Panina,
762 1133 903 1198 denariis
927 1133 1005 1200 XX.
1032 1136 1105 1200 volo
1130 1147 1165 1200 ut
1188 1138 1230 1200 sit
1253 1135 1357 1200 dictae
1379 1134 1545 1200 ecclesiae.

490 1241 570 1305 Item
591 1241 623 1304 in
641 1239 754 1303 eodem
780 1237 850 1303 loco
875 1241 936 1303 emi
961 1250 1124 1304 terrenum
1142 1249 1432 1321 transtorrentem,
1457 1242 1512 1326 qui
1530 1239 1648 1304 labitur
1672 1263 1691 1302 a
1715 1238 1798 1302 Billa
1821 1240 1864 1304 eb
1889 1241 2011 1304 oriente

333 1370 353 1412 a
376 1345 515 1412 Ciuicito
541 1344 713 1426 Buzaicho,
739 1344 879 1408 denariis
901 1343 988 1428 XX;
1013 1346 1086 1410 volo
1112 1356 1146 1410 ut
1169 1347 1210 1409 sit
1233 1344 1328 1409 huius
1349 1344 1516 1409 ecclesiae.

490 1450 564 1514 Emi
587 1452 683 1514 etiam
709 1461 871 1514 terrenum
904 1451 937 1514 in
968 1449 1038 1515 loco
1061 1450 1147 1515 dicto
1171 1450 1278 1532 Sicine,
1305 1451 1336 1513 in
1361 1449 1477 1513 vallem
1508 1451 1664 1534 incipieus
1688 1451 1811 1514 amari
1844 1471 1950 1535 usque
1972 1447 2018 1512 'sd

332 1559 419 1622 viam
444 1555 617 1642 publicam,
639 1563 704 1619 eta
728 1565 914 1641 costaquae
933 1577 1034 1641 usque
1050 1556 1091 1620 ad
1113 1579 1200 1620 mare
1217 1555 1427 1641 protenditur,
1448 1563 1547 1618 totam
1565 1553 1692 1638 vallem,
1724 1554 1811 1618 illem
1837 1577 1857 1618 a
1884 1554 2018 1618 diacono

331 1661 454 1742 Dabro,
478 1669 510 1725 et
532 1683 551 1724 a
575 1659 639 1726 filio
663 1662 733 1725 eius
756 1660 937 1740 Dominico,
961 1660 1103 1726 denariis
1128 1662 1270 1745 triginta,
1306 1659 1378 1724 volo
1404 1670 1437 1723 ut
1461 1661 1504 1722 sit
1526 1662 1559 1723 in
1579 1659 1693 1724 eadem
1713 1659 1861 1724 ecclesia.

496 1765 545 1830 lbi
571 1767 666 1830 etiam
690 1767 787 1830 iuxta'
815 1764 934 1828 dictam
961 1764 1079 1829 vallam
1104 1767 1168 1830 emi
1191 1763 1339 1830 similiter
1361 1776 1522 1830 terrenum
1546 1765 1693 1842 alterum,
1717 1788 1737 1828 a
1761 1777 1851 1849 parte
1873 1761 2019 1827 orientali

333 1851 396 1934 mei
420 1872 541 1935 terreni
565 1893 670 1957 usque
695 1870 736 1934 ud
758 1879 932 1935 torrentem
957 1879 989 1935 et
1013 1873 1097 1936 viam
1133 1871 1295 1958 publicam
1320 1893 1340 1935 a
1364 1871 1499 1953 Danina,
1531 1879 1603 1935 octo
1635 1870 1788 1951 denariis,
1817 1867 1892 1933 volo
1924 1879 1961 1931 ut
1982 1869 2021 1932 sit

332 1973 445 2041 eadem
470 1975 617 2041 ecclesie.
730 2025 734 2032 .

491 2079 566 2144 Emi
589 2081 687 2144 etiam
721 2089 882 2144 terrenum
919 2083 950 2144 in
975 2079 1045 2144 loco
1078 2082 1134 2166 qui
1163 2082 1280 2146 dicitur
1301 2079 1469 2160 Schulcha,
1493 2080 1584 2142 iuxta
1615 2089 1777 2142 terrenum
1811 2077 1923 2142 domni
1945 2077 2019 2141 Pre-

331 2187 456 2268 stancii,
479 2207 500 2250 a
522 2184 660 2268 (ilubsz,
682 2184 823 2251 denariis
847 2188 1000 2272 quinque,
1025 2185 1157 2250 volout
1181 2187 1222 2250 sit
1246 2185 1339 2250 istius
1363 2183 1529 2250 ecclesiae.

488 2289 570 2356 Item
594 2311 655 2374 ego
678 2290 809 2354 Pincius
830 2313 902 2355 cum
926 2289 1081 2355 fratribus
1105 2292 1196 2357 meis
1204 2301 1236 2354 et
1258 2289 1428 2375 nepotibus
1445 2291 1591 2374 superius
1608 2289 1790 2369 nominatis,
1808 2309 1922 2351 omnes
1941 2307 2017 2350 una·

329 2395 468 2476 nimiter,
491 2392 586 2458 simul
610 2393 694 2458 facto
712 2394 855 2473 consilio,
877 2393 1026 2460 dedimus
1045 2394 1126 2459 dnos
1143 2393 1353 2476 molendinos,
1378 2417 1458 2481 quos
1484 2395 1634 2458 maiestas
1658 2393 1748 2476 regis
1776 2391 1912 2455 dederat
1926 2392 2020 2456 nobis

329 2501 364 2565 in
388 2508 576 2585 perpetuum
602 2509 634 2562 et
646 2501 782 2584 posteris
797 2502 923 2582 nostris,
938 2499 995 2564 hos
1008 2500 1155 2566 dedimus
1168 2499 1325 2566 ecclesiae
1342 2501 1443 2564 sancti
1465 2497 1646 2582 Michaelis,
1662 2509 1693 2562 et
1716 2519 1788 2562 curn
1802 2496 1919 2577 insula,
1938 2519 2019 2583 quae

330 2626 428 2690 super
452 2601 524 2668 illos
540 2612 597 2685 est,
614 2625 715 2690 prope
731 2627 827 2691 quam
847 2603 989 2670 voluitur
1006 2615 1085 2687 rota,
1103 2604 1278 2674 molendini
1290 2607 1332 2672 ab
1349 2610 1480 2688 oriente,
1492 2616 1525 2672 et
1539 2609 1630 2672 iuxta
1653 2627 1749 2692 quam
1774 2605 1917 2670 decurrit
1935 2628 2018 2691 aqna

329 2709 372 2776 ad
394 2708 490 2774 lullus
513 2719 546 2774 et
569 2706 786 2774 molendinum
801 2711 935 2794 regium,
960 2733 980 2774 a
1003 2721 1094 2796 parte
1109 2723 1215 2776 autem
1233 2712 1408 2776 occidentis
1432 2711 1473 2775 ad
1498 2711 1683 2776 molendina
1708 2711 1811 2776 sancti
1838 2709 2017 2776 Michaelis.

487 2813 579 2878 Haec
591 2811 676 2878 facta
688 2822 763 2878 sunt
774 2837 859 2880 anno
876 2814 998 2880 domini
1015 2815 1194 2899 millesimo,
1212 2816 1324 2902 (XllI)
1344 2839 1452 2882 mense
1470 2818 1598 2900 augusti
1615 2817 1790 2882 indictione
1807 2821 1816 2854 ¹
1834 2815 1887 2879 die
1906 2817 2017 2900 prima,

330 2939 438 2986 coram
462 2917 623 2984 iudicibus
646 2928 678 2983 et
700 2919 836 2986 testibus
858 2919 985 2986 Joanne
1010 2920 1217 3007 Podcupica²
1239 2933 1271 2986 et
1292 2921 1389 2986 fratre
1414 2924 1482 2986 eius
1506 2921 1628 3004 anico,
1654 2922 1796 3006 Negusio
1820 2919 2013 3006 Podoupicn,

252 3095 254 3100 ,
331 3023 447 3092 Οἰιιίοο
469 3023 683 3089 Tabiscauioo
706 3036 745 3090 et
762 3024 888 3091 Joanne
919 3024 1051 3108 Ourino,
1075 3025 1205 3091 Maiano
1227 3026 1380 3091 Brauara.

490 3129 558 3194 leta
574 3137 679 3192 autem
704 3132 841 3214 pecunia
872 3131 1058 3218 supradicta
1081 3141 1282 3198 terrenorum
1313 3131 1374 3196 fuit
1405 3129 1550 3196 ultimum
1582 3134 1730 3218 pretium,
1762 3134 1831 3198 siue
1863 3133 2016 3220 superad-

331 3234 410 3301 ditio
431 3237 535 3321 pretii.

488 3339 569 3406 Post
592 3340 672 3406 haec
703 3363 763 3426 ego
798 3341 909 3407 Plesus
948 3353 1019 3428 post
1052 3352 1187 3406 mortem
1222 3352 1388 3428 parentum
1423 3365 1566 3408 meorum
1591 3345 1667 3407 veni
1691 3341 1869 3408 habitatum
1895 3342 2016 3430 Spalati

331 3467 404 3512 cum
429 3445 551 3510 familia
575 3469 656 3542 mea,
682 3457 714 3510 et
735 3445 869 3510 lecimus
904 3447 1098 3533 colloquium
1131 3457 1163 3512 et
1192 3447 1372 3512 consultum
1405 3471 1478 3512 curn
1515 3447 1618 3512 Maria
1643 3469 1744 3512 uxore
1776 3470 1848 3512 mea
1878 3455 1911 3512 et
1941 3447 2014 3512 filiis

204 3579 212 3590 ·
330 3552 420 3632 meis,
442 3573 515 3614 cum
539 3553 754 3637 primogenito
779 3574 851 3616 meo
877 3552 1038 3634 Dabruco,
1072 3551 1222 3633 Orbasio,
1248 3553 1397 3628 Petrono,
1431 3553 1567 3632 loanne,
1599 3561 1631 3618 et
1662 3575 1733 3642 cum
1771 3575 1881 3616 sorore
1905 3576 2013 3617 eorum

330 3655 467 3738 Norctn3
490 3678 563 3720 cum
586 3655 737 3721 omnibus
755 3659 824 3720 istis
838 3657 1007 3722 antedictis
1032 3661 1156 3722 eminus
1181 3681 1222 3722 ex
1250 3669 1361 3722 nostra
1385 3657 1563 3722 substantia
1579 3659 1708 3744 propria
1732 3667 1860 3722 terrena
1883 3657 2015 3722 inferius

330 3761 418 3826 dicta
441 3769 473 3825 et
493 3783 549 3846 pro
574 3761 793 3848 redemptione
810 3764 936 3827 uniusne
953 3785 1043 3828 mese
1060 3785 1098 3828 nc
1114 3763 1248 3836 liar-iae,
1271 3765 1382 3828 uxoris
1399 3785 1488 3826 meae
1512 3761 1659 3826 dedimus
1684 3785 1722 3826 ca
1739 3761 1843 3826 dictae
1860 3761 2015 3828 ecclesiae

332 3864 509 3930 secundum
534 3865 682 3932 ordinem
707 3866 937 3952 supradictum,
963 3869 1007 3932 uti
1032 3869 1214 3932 continetur
1238 3876 1269 3930 et
1290 3877 1324 3931 ut
1349 3867 1578 3930 ordinauerunt
1602 3878 1751 3952 parentes
1776 3870 1886 3932 nostri.

495 3968 571 4033 Emi
596 3981 660 4036 trcs
685 3972 786 4056 petiae
811 3981 915 4036 terrae
932 3995 950 4034 a
966 3971 1093 4036 Joanne
1109 3982 1323 4055 cognomento
1340 3971 1465 4036 Muralo
1483 3974 1514 4036 in
1540 3972 1609 4036 loco
1635 3983 1750 4036 vocato
1768 3971 1886 4054 Barda,
1913 3995 2013 4058 usquc

330 4073 372 4139 ad
396 4083 559 4139 terrenum
576 4074 753 4160 chanelli,
778 4075 918 4140 denariis
936 4076 1027 4142 Vlll.
1052 4078 1121 4142 sine
1145 4079 1313 4159 terratico;
1337 4076 1379 4140 sd
1404 4078 1464 4142 hoc
1487 4079 1576 4142 testis
1600 4089 1649 4142 est
1671 4075 1783 4142 Muros
1808 4080 1907 4141 amita
1933 4101 2011 4142 mea.

489 4178 562 4244 Emi
586 4203 605 4244 a
636 4178 739 4261 Siruo,
757 4180 823 4244 filio
843 4181 981 4264 Laetori,
999 4181 1275 4268 possesiunculam
1292 4193 1439 4246 vocatam
1457 4181 1590 4266 Cassan,
1608 4182 1748 4247 denariis
1764 4181 1823 4246 XI.
1848 4184 1940 4248 testis
1956 4183 2013 4248 fuit

330 4283 473 4350 Basilius
496 4283 751 4368 archidiaconus,
778 4295 810 4350 et
826 4286 940 4352 Petrus
958 4286 1063 4370 Getta,
1082 4310 1154 4351 cnm
1172 4288 1298 4354 duobus
1315 4289 1381 4352 suis
1402 4288 1584 4373 generibus,
1601 4299 1634 4352 ct
1649 4287 1795 4374 Puppino
1813 4289 2010 4374 presbytero.

488 4388 564 4454 Emi
599 4413 619 4454 a
649 4393 770 4456 sororio
802 4413 874 4456 meo
908 4390 1044 4457 Daniele
1069 4403 1190 4478 partem
1220 4392 1335 4458 domus
1369 4415 1456 4469 suae,
1482 4393 1621 4458 denariis
1654 4393 1698 4458 X.
1731 4405 1828 4458 testes
1861 4393 2012 4462 Messana

331 4493 472 4576 Gottina,
496 4493 697 4559 Bacharinus
720 4495 892 4583 presbyter
915 4507 946 4562 et
969 4495 1117 4562 Andreas
1139 4498 1223 4562 filius
1248 4497 1356 4562 (laste.

282 4602 287 4610 '
412 4617 433 4654 ·.
488 4598 526 4662 In
550 4601 712 4664 communi
738 4599 842 4665 babeo
867 4625 939 4667 cum
964 4605 1034 4690 ipso
1071 4627 1166 4668 unam
1192 4605 1309 4690 petiam
1333 4615 1438 4668 terrae
1462 4603 1548 4690 apud
1572 4617 1718 4670 sanctum
1743 4605 1934 4691 Maximum,
1956 4630 2012 4694 pro

331 4727 395 4791 qua
419 4702 492 4770 dedi
517 4703 563 4768 illi
587 4714 653 4770 tres
678 4705 836 4772 denarios.

300 4795 305 4804 ¹
490 4808 561 4874 Emi
580 4809 697 4874 vallem
715 4835 811 4876 unam
829 4814 860 4876 in
877 4813 947 4878 loco
970 4828 1083 4880 vocato
1100 4813 1230 4895 Stinica,
1256 4838 1353 4900 supra
1376 4826 1536 4880 terrenum
1562 4815 1595 4880 S.
1621 4816 1760 4898 Domnii,
1785 4816 1929 4883 denariis
1952 4829 2011 4882 tre·

330 4915 445 4997 decim,
469 4914 510 4978 ab
534 4913 655 4979 Abrico
680 4916 777 4998 Tace,
803 4927 835 4982 et
866 4918 964 4983 fratre
989 4941 1064 5001 suo;
1089 4929 1187 4984 testes
1211 4919 1320 4984 Simon
1358 4917 1542 4983 Cltruchola
1565 4929 1597 4982 et
1619 4919 1782 5004 Brauar03
1806 4920 1882 4985 volo
1905 4924 2012 4987 omnia

330 5024 392 5088 ista
416 5023 481 5088 sint
504 5021 610 5086 dictae
634 5021 801 5090 ecclesiae.

487 5141 596 5197 Farlati
618 5141 696 5214 illyr.
722 5143 799 5200 Sscr.
824 5145 858 5198 Τ.
882 5145 933 5199 ΙΙΙ.
956 5163 984 5214 p.
1013 5145 1084 5203 113.
1108 5143 1214 5199 Lucius
1237 5145 1325 5200 1..11.
1352 5144 1384 5202 Ο.
1411 5143 1490 5204 Vlll.

331 5277 593 5292 -n———n-——n—-n

441 5345 530 5412 ΙΚοᾶ
554 5352 670 5410 Farlats
692 5353 843 5428 pogriedno
870 5355 1027 5426 stavljeno:
1051 5356 1260 5428 septuagesimo
1277 5375 1313 5414 na
1330 5357 1445 5414 miesto:
1470 5357 1632 5415 indictione.
1660 5352 1808 5431 ²anjda:
1833 5357 2010 5432 podsupsno.
