4300 5930
1680 429 1685 438 -
1764 365 1828 461 rsa

156 602 273 676 terant,
297 592 415 658 exinde
439 601 563 674 testem,
588 593 731 657 dicentes
766 613 839 656 eum
875 591 999 656 vidisse
1034 590 1218 675 tragurinos
1250 587 1386 654 clericos
1422 595 1553 653 assueta
1587 588 1720 673 antiqua
1754 608 1827 651 con-

148 698 320 763 suetudine
342 700 430 784 ipsas
453 697 632 762 oblationes
653 707 735 762 totas
760 697 821 762 sibi
845 719 916 762 cum
943 719 1000 761 suo
1025 697 1178 781 episcopo
1202 695 1375 780 suscipere,
1400 699 1432 756 et
1456 715 1519 757 non
1542 714 1598 756 eos
1615 715 1686 756 cum
1708 691 1827 756 sibeni-

147 803 301 868 censibus
325 803 450 867 clericis
474 803 631 868 diuidere.
651 803 735 889 Ipsis
760 805 867 888 itaque
898 802 999 886 (inter
1031 823 1065 866 sc
1097 803 1155 886 ita)
1187 798 1388 883 litigantibus
1421 807 1453 862 et
1486 797 1623 884 pleniter
1655 796 1826 861 intellectis

148 929 262 972 eorum
286 908 475 989 rationibus,
499 909 575 994 quia
598 909 770 994 episcopus
794 907 945 972 omnibus
969 906 1107 971 testibus
1138 905 1241 968 maior
1274 913 1306 968 et
1339 903 1507 990 utriusque
1542 903 1643 987 partis
1675 901 1825 984 dominus

147 1023 229 1098 erat,
253 1015 321 1078 eius
345 1013 603 1078 testificationem
629 1011 877 1098 suscipiendam,
902 1011 998 1076 stab
1022 1009 1250 1074 archidiacono
1283 1009 1383 1073 tercia
1418 1030 1514 1071 manu
1550 1028 1608 1076 sna
1644 1008 1823 1090 iuramento

147 1117 351 1200 firmandam,
376 1117 510 1203 predicti
536 1119 677 1204 episcopi
702 1117 797 1182 simul
821 1139 893 1182 cum
927 1114 1067 1201 capitulo
1099 1113 1334 1196 iudicauerunt,
1370 1122 1403 1176 et
1436 1121 1472 1177 ut
1502 1133 1599 1198 super
1626 1111 1688 1176 hoc
1719 1121 1825 1196 tragu-
1900 1119 1903 1125 '

147 1224 288 1287 riensem
315 1225 501 1309 episcopum
525 1224 732 1307 interogarct,
757 1223 968 1288 corboensem
993 1222 1180 1306 episcopum
1205 1217 1396 1305 pristaldum
1419 1217 1588 1282 dederunt.
1614 1215 1696 1281 Cum
1720 1215 1826 1280 autem

150 1326 339 1392 corboeneis
374 1329 608 1411 traguriensem
645 1327 763 1392 exinde
798 1329 1033 1412 interrogauit,
1068 1325 1296 1410 Tragurie'nsis
1338 1324 1480 1409 acceptis
1518 1323 1688 1407 utriusque
1727 1321 1827 1406 pertis

148 1433 309 1513 manibus,
332 1431 428 1496 talem
452 1434 537 1496 inter
560 1455 615 1497 eos
637 1435 817 1519 composuit
847 1431 1062 1512 concordiam,
1087 1439 1125 1493 ut
1145 1429 1185 1493 de
1209 1427 1427 1493 oblationibus
1451 1428 1592 1491 omnium
1620 1425 1829 1490 ecclesiarum

148 1538 190 1602 de
214 1539 364 1603 Sibenioo
396 1547 427 1602 et
458 1537 497 1602 de
522 1537 645 1625 Campo
679 1541 800 1604 marine
825 1547 856 1602 et
875 1537 914 1603 de
938 1536 1048 1601 Macro
1073 1536 1243 1620 episcopus
1267 1533 1386 1598 babeat
1408 1534 1541 1597 terciam
1564 1535 1698 1618 partem,
1721 1540 1829 1615 tragu-

147 1645 272 1709 rienses
296 1643 405 1709 clerici
429 1646 561 1709 terciam
580 1655 712 1730 partem,
738 1654 770 1710 et
793 1644 1017 1709 sibenicenses.
1036 1641 1144 1705 clerici
1167 1639 1298 1702 terciam
1333 1647 1465 1724 partem,
1502 1659 1540 1702 co
1575 1646 1683 1700 tamen
1717 1645 1829 1700 tenore

149 1751 237 1834 quod
277 1751 495 1834 tragurienses
535 1749 645 1815 clerici
677 1773 731 1815 cas
767 1748 920 1834 colligant
952 1757 984 1812 et
1019 1745 1145 1810 illorum
1182 1742 1346 1809 voluntate
1382 1763 1478 1829 super
1512 1764 1567 1807 eas
1600 1741 1764 1806 custodem
1799 1748 1832 1805 et

149 1852 325 1919 diuisorem
350 1863 501 1919 statuant.

299 1959 372 2045 Ego
395 1959 544 2025 Mathcus
567 1959 618 2024 dei
644 1961 753 2044 gracia
777 1958 965 2024 corboeneis
989 1958 1159 2042 episcopus
1184 1955 1278 2020 huius
1302 1975 1398 2018 cause
1423 1951 1608 2039 pristaldos,
1633 1959 1668 2016 nt
1698 1951 1823 2014 firmius

149 2065 212 2128 hoc
235 2062 401 2147 habeatur,
425 2086 496 2128 meo
520 2065 768 2150 sigillomuniri
792 2085 830 2127 ao
854 2063 993 2149 imprimi
1017 2060 1114 2142 volni,
1140 2071 1172 2125 et
1193 2059 1265 2146 Ego
1296 2059 1447 2124 Sabatius
1478 2057 1695 2122 subdiaconus
1726 2056 1828 2119 sancti

150 2169 284 2233 Domnii
308 2171 482 2234 canonicus
505 2193 544 2234 ac
565 2172 743 2235 communis
766 2171 889 2235 iuratus
910 2171 1053 2234 notarius
1077 2177 1234 2253 precepto.
1258 2168 1483 2252 episcoporum
1510 2173 1542 2229 ct
1567 2163 1665 2228 totius
1696 2159 1828 2248 capituli

151 2273 214 2338 hoc
238 2276 354 2359 scripsi
378 2285 410 2339 et
433 2284 543 2339 testor.

302 2471 346 2526 Od
369 2472 451 2526 zdoia
474 2473 532 2526 viss
555 2473 619 2526 dvie
642 2470 742 2542 pedeti,
763 2473 851 2543 Jedna
873 2473 948 2528 mala
963 2473 988 2526 iz
1000 2473 1091 2540 olova,
1107 2491 1120 2525 s
1136 2469 1277 2526 obadviuh
1293 2469 1409 2523 stransh
1424 2461 1456 2522 sa
1472 2459 1573 2522 slikom
1585 2467 1713 2538 jednoga
1728 2471 1823 2521 suetos

156 2563 163 2612 i
186 2561 313 2631 jednoga
335 2559 455 2629 biskupa
477 2560 605 2627 ureiena,
629 2578 660 2614 sa
682 2566 777 2614 strane
813 2560 911 2631 pismo,
949 2559 1024 2617 kako
1055 2577 1085 2614 se
1116 2557 1172 2614 tini
1203 2557 1334 2631 kiriislro‚
1367 2557 1434 2626 kojs
1466 2573 1496 2610 se
1530 2553 1663 2625 prodiisti
1696 2555 1821 2609 nemode.

152 2647 255 2718 Droga
278 2645 346 2702 reda
369 2647 393 2700 in
417 2648 504 2702 rosia
527 2647 647 2717 pripnda
670 2647 821 2718 krbavskoj
846 2647 993 2718 bisknpiji.

302 2753 419 2822 Porclja
442 2754 539 2823 pisane
559 2755 589 2822 J‘e
614 2771 650 2807 na
674 2752 845 2824 pergameni,
868 2751 1015 2808 saduvana
1034 2754 1065 2822 je
1087 2751 1185 2820 dobro,
1213 2749 1335 2804 naieaila
1357 2766 1387 2804 se
1415 2766 1433 2802 u
1457 2749 1541 2818 mojoj
1567 2746 1653 2801 zbirci
1687 2743 1827 2816 poveijsh,

151 2842 223 2894 sada
243 2859 262 2894 u
285 2839 422 2910 kojiinioi
439 2841 547 2912 jugosl.
570 2839 737 2910 akademije.

471 3178 472 3182 κ
561 3129 778 3234 ooxhvl.
805 3131 912 3212 not.
940 3133 975 3211 1.
1001 3129 1171 3229 cicuta.
1198 3127 1235 3210 U
1261 3125 1417 3208 zadru.

150 3311 287 3384 Dourion
302 3311 376 3370 inea
391 3309 541 3388 aodorsioi,
565 3327 600 3369 so
622 3309 708 3369 sudat
730 3309 742 3366 i
764 3309 880 3368 oloetsti
902 3309 1094 3376 sudaratimi,
1118 3307 1281 3380 dosudjuiu
1303 3309 1477 3366 somostauu
1499 3322 1543 3364 ao.
1567 3303 1681 3364 Kueme
1703 3303 1716 3361 i
1739 3303 1831 3360 Dort-

212 3435 293 3506 juao
314 3433 461 3508 semljtito
481 3451 503 3492 u
524 3433 680 3492 Josear'cih
703 3434 715 3490 ι’
738 3430 905 3502 melanii,
928 3431 1083 3490 doroouao
1105 3447 1156 3489 mre
1174 3446 1215 3503 po
1236 3429 1406 3488 Krseimiru
1426 3427 1529 3500 troiia
1551 3427 1752 3487 tractatoria.

303 3619 354 3684 De
378 3621 473 3685 terris
496 3618 537 3683 de
560 3618 714 3683 Jaseniza
737 3625 769 3682 et
791 3616 943 3682 Drepani.

302 3743 339 3806 ln
362 3743 491 3806 nomine
515 3751 624 3807 sancte
645 3742 795 3805 trinitatis
817 3748 850 3804 et
871 3737 1039 3804 indiuidua
1070 3739 1210 3803 unitatis.
1243 3737 1338 3803 Anno
1372 3737 1414 3802 ab
1449 3738 1674 3801 incarnacione
1705 3734 1827 3799 domini

155 3849 256 3912 nostri
277 3845 380 3912 Jhesu
404 3845 524 3911 Christi
550 3845 720 3911 millesimo
745 3845 922 3910 centesimo
947 3846 1155 3928 nonagesimo
1178 3845 1323 3930 septimo,
1348 3865 1457 3926 mense
1481 3842 1604 3923 marcii,
1640 3840 1693 3905 die
1728 3840 1831 3926 primo

159 3955 309 4034 intrante,
331 3951 512 4016 indiccione
536 3951 798 4038 quintadecima,
815 3949 925 4014 Jadre.
940 3949 1109 4033 Regnante
1122 3948 1252 4012 domino
1269 3957 1378 4012 nostro
1397 3947 1595 4026 Hermerico,
1614 3946 1827 4010 inuictissimo

158 4080 232 4142 rege
257 4056 436 4142 Hungarie,
462 4055 638 4137 Delmacie,
661 4053 819 4120 Chroacie
842 4065 938 4142 atque
963 4055 1074 4135 Reme,
1099 4054 1235 4120 ecclesia
1254 4076 1332 4119 vero
1356 4052 1516 4117 iadertina
1539 4053 1668 4139 proprio
1695 4060 1828 4137 pastore

155 4171 294 4244 carente,
319 4172 351 4226 et
373 4161 532 4225 Damiano
557 4160 666 4225 inolito
691 4163 807 4225 comite
831 4161 935 4225 eidem
960 4161 1083 4224 ciuitati
1108 4160 1319 4245 principante.
1345 4155 1429 4222 Oum'
1450 4179 1509 4222 nos
1532 4178 1672 4242 namque
1697 4154 1829 4218 Damia-

155 4291 224 4349 nus,
250 4267 301 4332 dei
325 4269 430 4351 gratia
450 4289 558 4331 comes
583 4268 779 4352 prescriptos
813 4264 924 4346 Jadre,
960 4289 1023 4330 una
1058 4285 1132 4330 cum
1168 4264 1264 4328 Petro
1299 4263 1463 4336 Damiani‚
1502 4261 1609 4326 blicha
1643 4259 1762 4324 Petrizi
1797 4266 1829 4323 et

155 4371 317 4436 Damiano
340 4371 379 4434 de
404 4371 618 4436 Rubbasaoco
642 4371 812 4451 iudicibus,
839 4369 1013 4457 multisque
1036 4369 1108 4435 aliis
1141 4368 1313 4450 nobilibus,
1346 4367 1481 4432 condam
1513 4367 1546 4430 in
1577 4364 1690 4452 plateis
1726 4365 1829 4429 sancti

156 4474 324 4541 Michaelis
345 4477 571 4555 resideremus,
594 4476 710 4555 Petriz,
735 4475 874 4540 Michael
898 4499 936 4540 ac
960 4475 1119 4539 Martinus
1136 4473 1263 4538 Sluradi
1283 4481 1314 4537 ct
1329 4473 1503 4558 Ziprianus
1520 4469 1681 4551 Damiani,
1698 4477 1830 4556 propter

154 4605 291 4646 uxorum
316 4603 455 4662 suarum,
481 4603 616 4668 quarum
641 4583 851 4645 commissarii
876 4580 1012 4662 fuerant,
1036 4579 1166 4644 insimul
1197 4581 1373 4659 venientes,
1398 4587 1509 4642 contra
1533 4586 1564 4640 te
1588 4574 1736 4641 abbatem
1762 4575 1831 4638 Do·

157 4687 308 4750 minicum
332 4697 363 4749 et
385 4697 498 4751 contra
522 4689 750 4752 monasterium
775 4697 958 4750 sauctorum
985 4684 1103 4749 Oosme
1128 4692 1160 4749 et
1184 4685 1336 4748 Damiani
1361 4705 1458 4769 super
1480 4692 1582 4747 terras
1599 4682 1639 4746 de
1655 4681 1825 4746 Jssseniza

157 4803 187 4856 et
210 4801 313 4855 terras
337 4791 489 4872 Draconi,
514 4815 576 4878 que
599 4775 733 4857 inferius
750 4794 970 4873 terminantur,
987 4789 1171 4855 huiusmodi
1188 4789 1419 4876 querimoniam
1438 4787 1650 4874 deponebant,
1669 4787 1832 4852 dicentes:

157 4919 269 4961 omnes
293 4906 394 4961 terras
418 4897 491 4961 illas
515 4897 555 4961 ad
580 4919 690 4962 eorum
716 4917 863 4962 socerum
886 4896 1077 4980 Bogdannm
1110 4897 1240 4959 omnino
1272 4895 1432 4979 pertinere
1461 4903 1493 4958 et
1527 4895 1623 4957 ctiam
1654 4892 1826 4978 quemdam

156 5001 316 5066 hominem
341 5005 494 5067 nominati
520 5003 666 5088 Bogdani
690 5011 804 5067 testem
828 5001 1034 5082 inducebant,
1059 5002 1114 5086 qui
1138 4999 1267 5064 easdem
1290 5008 1392 5063 terras
1417 4998 1601 5085 possedisse
1617 5006 1649 5062 et
1663 4996 1828 5062 laborasse

155 5107 343 5185 testabatur,
367 5117 401 5172 tu
425 5129 503 5172 vero
524 5110 719 5194 prescriptus
742 5105 843 5170 abbas
868 5129 939 5171 cum
964 5117 1019 5170 tuo
1043 5115 1203 5170 conuentu
1228 5115 1260 5168 et
1282 5105 1439 5169 aduocato
1464 5115 1518 5169 tuo
1536 5103 1653 5168 Coscia
1669 5102 1829 5186 Gregorii,

36 5289 41 5296 ‚
154 5211 288 5279 easdem
312 5221 414 5278 terras
436 5213 477 5278 ad
502 5223 644 5278 vestrum
669 5213 897 5278 monasterium
923 5233 965 5276 ex
988 5212 1159 5276 donatione
1185 5208 1353 5294 Oresimiri
1383 5208 1517 5275 condam
1544 5211 1638 5295 'regis
1669 5209 1829 5295 pertinere
