<?xml version="1.0" encoding="UTF-8"?>
<!DOCTYPE html PUBLIC "-//W3C//DTD XHTML 1.0 Transitional//EN"
    "http://www.w3.org/TR/xhtml1/DTD/xhtml1-transitional.dtd">
<html xmlns="http://www.w3.org/1999/xhtml" xml:lang="en" lang="en">
 <head>
  <title>
</title>
<meta http-equiv="Content-Type" content="text/html;charset=utf-8" />
  <meta name='ocr-system' content='tesseract 3.04.00' />
  <meta name='ocr-capabilities' content='ocr_page ocr_carea ocr_par ocr_line ocrx_word'/>
</head>
<body>
  <div class='ocr_page' id='page_1' title='image "./codexdiplomatic00unkngoog_0073.png"; bbox 0 0 4350 5932; ppageno 0'>
   <div class='ocr_carea' id='block_1_1' title="bbox 1813 485 1855 549">
    <p class='ocr_par' dir='ltr' id='par_1_1' title="bbox 1813 485 1855 549">
     <span class='ocr_line' id='line_1_1' title="bbox 1813 485 1855 549; baseline 0 0"><span class='ocrx_word' id='word_1_1' title='bbox 1813 485 1855 549; x_wconf 85' lang='lat'><strong>33</strong></span> 
     </span>
    </p>
   </div>
   <div class='ocr_carea' id='block_1_2' title="bbox 171 669 1862 1176">
    <p class='ocr_par' dir='ltr' id='par_1_2' title="bbox 171 669 1862 1176">
     <span class='ocr_line' id='line_1_2' title="bbox 173 669 1861 758; baseline 0.006 -26"><span class='ocrx_word' id='word_1_2' title='bbox 173 669 268 738; x_wconf 88' lang='lat' dir='ltr'><strong>vides</strong></span> <span class='ocrx_word' id='word_1_3' title='bbox 292 691 364 734; x_wconf 88' lang='lat' dir='ltr'><strong>esse</strong></span> <span class='ocrx_word' id='word_1_4' title='bbox 384 669 531 751; x_wconf 88' lang='lat' dir='ltr'><strong>difficile,</strong></span> <span class='ocrx_word' id='word_1_5' title='bbox 557 670 752 736; x_wconf 89' lang='lat' dir='ltr'><strong>studendum</strong></span> <span class='ocrx_word' id='word_1_6' title='bbox 776 679 834 753; x_wconf 86' lang='lat' dir='ltr'><strong>cst,</strong></span> <span class='ocrx_word' id='word_1_7' title='bbox 851 679 888 735; x_wconf 90' lang='lat' dir='ltr'><strong>ut</strong></span> <span class='ocrx_word' id='word_1_8' title='bbox 905 672 1017 736; x_wconf 88' lang='lat' dir='ltr'><strong>eadem</strong></span> <span class='ocrx_word' id='word_1_9' title='bbox 1035 674 1156 758; x_wconf 85' lang='lat' dir='ltr'><strong>scripte</strong></span> <span class='ocrx_word' id='word_1_10' title='bbox 1171 679 1281 738; x_wconf 88' lang='lat' dir='ltr'><strong>nostra</strong></span> <span class='ocrx_word' id='word_1_11' title='bbox 1298 672 1340 736; x_wconf 90' lang='lat' dir='ltr'><strong>ad</strong></span> <span class='ocrx_word' id='word_1_12' title='bbox 1355 671 1551 736; x_wconf 88' lang='lat' dir='ltr'><strong>antedictum</strong></span> <span class='ocrx_word' id='word_1_13' title='bbox 1569 673 1699 738; x_wconf 89' lang='lat' dir='ltr'><strong>fratrem</strong></span> <span class='ocrx_word' id='word_1_14' title='bbox 1717 685 1861 741; x_wconf 86' lang='lat' dir='ltr'><strong>nostrum</strong></span> 
     </span>
     <span class='ocr_line' id='line_1_3' title="bbox 175 775 1860 864; baseline 0.005 -26"><span class='ocrx_word' id='word_1_15' title='bbox 175 775 247 839; x_wconf 90' lang='lat' dir='ltr'><strong>sine</strong></span> <span class='ocrx_word' id='word_1_16' title='bbox 271 777 482 840; x_wconf 87' lang='lat' dir='ltr'><strong>excusatione</strong></span> <span class='ocrx_word' id='word_1_17' title='bbox 506 778 703 861; x_wconf 88' lang='lat' dir='ltr'><strong>perueniant.</strong></span> <span class='ocrx_word' id='word_1_18' title='bbox 730 775 791 841; x_wconf 82' lang='lat' dir='ltr'><strong>Oui</strong></span> <span class='ocrx_word' id='word_1_19' title='bbox 816 778 912 842; x_wconf 89' lang='lat' dir='ltr'><strong>etiam</strong></span> <span class='ocrx_word' id='word_1_20' title='bbox 938 786 969 841; x_wconf 89' lang='lat' dir='ltr'><strong>et</strong></span> <span class='ocrx_word' id='word_1_21' title='bbox 992 786 1022 842; x_wconf 89' lang='lat' dir='ltr'><strong>te</strong></span> <span class='ocrx_word' id='word_1_22' title='bbox 1046 780 1197 843; x_wconf 89' lang='lat' dir='ltr'><strong>conuenit</strong></span> <span class='ocrx_word' id='word_1_23' title='bbox 1231 778 1409 858; x_wconf 88' lang='lat' dir='ltr'><strong>imminere,</strong></span> <span class='ocrx_word' id='word_1_24' title='bbox 1434 787 1469 842; x_wconf 94' lang='lat' dir='ltr'><strong>ut</strong></span> <span class='ocrx_word' id='word_1_25' title='bbox 1492 801 1530 842; x_wconf 88' lang='lat' dir='ltr'><strong>ea</strong></span> <span class='ocrx_word' id='word_1_26' title='bbox 1556 800 1638 864; x_wconf 93' lang='lat' dir='ltr'><strong>quae</strong></span> <span class='ocrx_word' id='word_1_27' title='bbox 1671 781 1700 843; x_wconf 91' lang='lat' dir='ltr'><strong>ei</strong></span> <span class='ocrx_word' id='word_1_28' title='bbox 1724 803 1744 844; x_wconf 93' lang='lat' dir='ltr'><strong>a</strong></span> <span class='ocrx_word' id='word_1_29' title='bbox 1769 781 1860 846; x_wconf 89' lang='lat' dir='ltr'><strong>nobis</strong></span> 
     </span>
     <span class='ocr_line' id='line_1_4' title="bbox 172 879 1862 972; baseline 0.004 -28"><span class='ocrx_word' id='word_1_30' title='bbox 172 879 329 944; x_wconf 86' lang='lat' dir='ltr'><strong>mandata</strong></span> <span class='ocrx_word' id='word_1_31' title='bbox 349 890 433 962; x_wconf 87' lang='lat' dir='ltr'><strong>sunt,</strong></span> <span class='ocrx_word' id='word_1_32' title='bbox 458 880 634 945; x_wconf 89' lang='lat' dir='ltr'><strong>districtius</strong></span> <span class='ocrx_word' id='word_1_33' title='bbox 658 883 786 967; x_wconf 78' lang='lat' dir='ltr'><strong>exequi,</strong></span> <span class='ocrx_word' id='word_1_34' title='bbox 811 889 843 972; x_wconf 75' lang='lat' dir='ltr'><strong>et</strong></span> <span class='ocrx_word' id='word_1_35' title='bbox 865 880 953 946; x_wconf 89' lang='lat' dir='ltr'><strong>nulla</strong></span> <span class='ocrx_word' id='word_1_36' title='bbox 976 882 1115 947; x_wconf 87' lang='lat' dir='ltr'><strong>debeant</strong></span> <span class='ocrx_word' id='word_1_37' title='bbox 1138 884 1307 948; x_wconf 79' lang='lat' dir='ltr'>occasione</span> <span class='ocrx_word' id='word_1_38' title='bbox 1329 881 1452 963; x_wconf 89' lang='lat' dir='ltr'><strong>lentari,</strong></span> <span class='ocrx_word' id='word_1_39' title='bbox 1468 882 1524 946; x_wconf 88' lang='lat' dir='ltr'><strong>sed</strong></span> <span class='ocrx_word' id='word_1_40' title='bbox 1543 886 1585 946; x_wconf 85' lang='lat' dir='ltr'><strong>ita</strong></span> <span class='ocrx_word' id='word_1_41' title='bbox 1613 906 1696 969; x_wconf 90' lang='lat' dir='ltr'><strong>quae</strong></span> <span class='ocrx_word' id='word_1_42' title='bbox 1713 888 1862 972; x_wconf 88' lang='lat' dir='ltr'><strong>nequiter</strong></span> 
     </span>
     <span class='ocr_line' id='line_1_5' title="bbox 172 985 1859 1075; baseline 0.005 -27"><span class='ocrx_word' id='word_1_43' title='bbox 172 995 247 1049; x_wconf 88' lang='lat' dir='ltr'><strong>acta</strong></span> <span class='ocrx_word' id='word_1_44' title='bbox 272 994 356 1067; x_wconf 89' lang='lat' dir='ltr'><strong>sunt,</strong></span> <span class='ocrx_word' id='word_1_45' title='bbox 383 985 607 1050; x_wconf 80' lang='lat' dir='ltr'><strong>emendatione</strong></span> <span class='ocrx_word' id='word_1_46' title='bbox 631 1007 775 1070; x_wconf 90' lang='lat' dir='ltr'><strong>congrua</strong></span> <span class='ocrx_word' id='word_1_47' title='bbox 806 989 1016 1071; x_wconf 88' lang='lat' dir='ltr'><strong>corrigantur,</strong></span> <span class='ocrx_word' id='word_1_48' title='bbox 1046 999 1204 1074; x_wconf 90' lang='lat' dir='ltr'><strong>quatenus</strong></span> <span class='ocrx_word' id='word_1_49' title='bbox 1233 1011 1296 1054; x_wconf 88' lang='lat' dir='ltr'><strong>una</strong></span> <span class='ocrx_word' id='word_1_50' title='bbox 1319 1011 1371 1054; x_wconf 91' lang='lat' dir='ltr'><strong>res</strong></span> <span class='ocrx_word' id='word_1_51' title='bbox 1395 998 1427 1053; x_wconf 90' lang='lat' dir='ltr'><strong>et</strong></span> <span class='ocrx_word' id='word_1_52' title='bbox 1450 988 1527 1052; x_wconf 91' lang='lat' dir='ltr'><strong>ultio</strong></span> <span class='ocrx_word' id='word_1_53' title='bbox 1549 999 1735 1075; x_wconf 86' lang='lat' dir='ltr'><strong>competens</strong></span> <span class='ocrx_word' id='word_1_54' title='bbox 1760 990 1859 1056; x_wconf 90' lang='lat' dir='ltr'><strong>delin-</strong></span> 
     </span>
     <span class='ocr_line' id='line_1_6' title="bbox 171 1089 1241 1176; baseline 0.003 -23"><span class='ocrx_word' id='word_1_55' title='bbox 171 1091 314 1176; x_wconf 86' lang='lat' dir='ltr'><strong>quentis,</strong></span> <span class='ocrx_word' id='word_1_56' title='bbox 338 1099 370 1156; x_wconf 86' lang='lat' dir='ltr'><strong>et</strong></span> <span class='ocrx_word' id='word_1_57' title='bbox 389 1089 528 1154; x_wconf 94' lang='lat' dir='ltr'><strong>formido</strong></span> <span class='ocrx_word' id='word_1_58' title='bbox 552 1092 595 1155; x_wconf 91' lang='lat' dir='ltr'><strong>sit</strong></span> <span class='ocrx_word' id='word_1_59' title='bbox 617 1090 689 1156; x_wconf 89' lang='lat' dir='ltr'><strong>aliis</strong></span> <span class='ocrx_word' id='word_1_60' title='bbox 713 1094 745 1156; x_wconf 92' lang='lat' dir='ltr'><strong>in</strong></span> <span class='ocrx_word' id='word_1_61' title='bbox 769 1092 882 1157; x_wconf 91' lang='lat' dir='ltr'><strong>eodem</strong></span> <span class='ocrx_word' id='word_1_62' title='bbox 914 1093 1027 1158; x_wconf 82' lang='lat' dir='ltr'><strong>ordine</strong></span> <span class='ocrx_word' id='word_1_63' title='bbox 1051 1095 1241 1158; x_wconf 88' lang='lat' dir='ltr'><strong>constitutis.</strong></span> 
     </span>
    </p>
   </div>
   <div class='ocr_carea' id='block_1_3' title="bbox 334 1271 1015 1344">
    <p class='ocr_par' dir='ltr' id='par_1_3' title="bbox 334 1271 1015 1344">
     <span class='ocr_line' id='line_1_7' title="bbox 334 1271 1015 1344; baseline 0.007 -18"><span class='ocrx_word' id='word_1_64' title='bbox 334 1271 425 1344; x_wconf 78' lang='lat' dir='ltr'><strong>blansi</strong></span> <span class='ocrx_word' id='word_1_65' title='bbox 447 1271 594 1329; x_wconf 74' lang='lat' dir='ltr'><strong>collectio.</strong></span> <span class='ocrx_word' id='word_1_66' title='bbox 619 1271 726 1328; x_wconf 80' lang='lat' dir='ltr'><strong>Concil.</strong></span> <span class='ocrx_word' id='word_1_67' title='bbox 750 1273 786 1330; x_wconf 82' lang='lat' dir='ltr'><strong>T.</strong></span> <span class='ocrx_word' id='word_1_68' title='bbox 809 1275 846 1330; x_wconf 89' lang='lat' dir='ltr'><strong>X.</strong></span> <span class='ocrx_word' id='word_1_69' title='bbox 869 1281 918 1330; x_wconf 82' lang='lat' dir='ltr'><strong>atr.</strong></span> <span class='ocrx_word' id='word_1_70' title='bbox 943 1275 1015 1332; x_wconf 81' lang='lat'><strong>330.</strong></span> 
     </span>
    </p>
   </div>
   <div class='ocr_carea' id='block_1_4' title="bbox 661 1567 1295 1692">
    <p class='ocr_par' dir='ltr' id='par_1_4' title="bbox 661 1567 1295 1692">
     <span class='ocr_line' id='line_1_8' title="bbox 661 1567 1295 1692; baseline 0 -18"><span class='ocrx_word' id='word_1_71' title='bbox 661 1567 664 1572; x_wconf 71' lang='grc'>“</span> <span class='ocrx_word' id='word_1_72' title='bbox 743 1591 945 1675; x_wconf 80' lang='lat' dir='ltr'><strong>xnnu.</strong></span> <span class='ocrx_word' id='word_1_73' title='bbox 964 1592 1054 1692; x_wconf 82' lang='lat' dir='ltr'><strong>coa</strong></span> <span class='ocrx_word' id='word_1_74' title='bbox 1084 1592 1121 1677; x_wconf 89' lang='lat' dir='ltr'><strong>u</strong></span> <span class='ocrx_word' id='word_1_75' title='bbox 1150 1593 1295 1676; x_wconf 83' lang='lat' dir='ltr'><strong>armu.</strong></span> 
     </span>
    </p>
   </div>
   <div class='ocr_carea' id='block_1_5' title="bbox 168 1785 1884 2064">
    <p class='ocr_par' dir='ltr' id='par_1_5' title="bbox 168 1785 1884 2064">
     <span class='ocr_line' id='line_1_9' title="bbox 171 1785 1884 1866; baseline 0.003 -20"><span class='ocrx_word' id='word_1_76' title='bbox 171 1785 276 1862; x_wconf 71' lang='lat' dir='ltr'><strong>Grpar</strong></span> <span class='ocrx_word' id='word_1_77' title='bbox 298 1787 327 1846; x_wconf 91' lang='lat'><strong>1.</strong></span> <span class='ocrx_word' id='word_1_78' title='bbox 345 1804 433 1862; x_wconf 74' lang='lat' dir='ltr'><strong>popu</strong></span> <span class='ocrx_word' id='word_1_79' title='bbox 455 1805 609 1864; x_wconf 70' lang='lat' dir='ltr'><strong>naporum</strong></span> <span class='ocrx_word' id='word_1_80' title='bbox 630 1788 730 1848; x_wconf 79' lang='lat' dir='ltr'><strong>launo</strong></span> <span class='ocrx_word' id='word_1_81' title='bbox 753 1789 879 1862; x_wconf 62' lang='lat' dir='ltr'><strong>balano</strong></span> <span class='ocrx_word' id='word_1_82' title='bbox 908 1789 1162 1865; x_wconf 65' lang='lat' dir='ltr'><strong>piusteadilalroya</strong></span> <span class='ocrx_word' id='word_1_83' title='bbox 1190 1790 1230 1848; x_wconf 83' lang='lat' dir='ltr'><strong>da</strong></span> <span class='ocrx_word' id='word_1_84' title='bbox 1252 1789 1347 1848; x_wconf 84' lang='lat' dir='ltr'><strong>Paula</strong></span> <span class='ocrx_word' id='word_1_85' title='bbox 1375 1791 1501 1865; x_wconf 63' lang='lat' dir='ltr'><strong>butaro</strong></span> <span class='ocrx_word' id='word_1_86' title='bbox 1533 1791 1759 1866; x_wconf 74' lang='lat' dir='ltr'><strong>dutljnnskoya,</strong></span> <span class='ocrx_word' id='word_1_87' title='bbox 1785 1809 1884 1865; x_wconf 73' lang='lat' dir='ltr'><strong>pro,</strong></span> 
     </span>
     <span class='ocr_line' id='line_1_10' title="bbox 168 1892 1856 1968; baseline 0.004 -18"><span class='ocrx_word' id='word_1_88' title='bbox 168 1892 292 1964; x_wconf 64' lang='lat' dir='ltr'><strong>(iaaac</strong></span> <span class='ocrx_word' id='word_1_89' title='bbox 314 1908 351 1952; x_wconf 84' lang='lat' dir='ltr'><strong>sa</strong></span> <span class='ocrx_word' id='word_1_90' title='bbox 373 1895 452 1968; x_wconf 79' lang='lat' dir='ltr'><strong>svoje</strong></span> <span class='ocrx_word' id='word_1_91' title='bbox 482 1895 590 1965; x_wconf 80' lang='lat' dir='ltr'><strong>statice,</strong></span> <span class='ocrx_word' id='word_1_92' title='bbox 608 1894 696 1968; x_wconf 72' lang='lat' dir='ltr'><strong>poeto</strong></span> <span class='ocrx_word' id='word_1_93' title='bbox 713 1895 746 1966; x_wconf 80' lang='lat' dir='ltr'><strong>je</strong></span> <span class='ocrx_word' id='word_1_94' title='bbox 768 1895 853 1968; x_wconf 77' lang='lat' dir='ltr'><strong>ajrtr</strong></span> <span class='ocrx_word' id='word_1_95' title='bbox 881 1895 1004 1954; x_wconf 82' lang='lat' dir='ltr'><strong>ortneae</strong></span> <span class='ocrx_word' id='word_1_96' title='bbox 1026 1896 1131 1966; x_wconf 79' lang='lat' dir='ltr'><strong>alvari,</strong></span> <span class='ocrx_word' id='word_1_97' title='bbox 1163 1895 1239 1954; x_wconf 81' lang='lat' dir='ltr'><strong>tato</strong></span> <span class='ocrx_word' id='word_1_98' title='bbox 1259 1913 1290 1954; x_wconf 86' lang='lat' dir='ltr'><strong>se</strong></span> <span class='ocrx_word' id='word_1_99' title='bbox 1315 1896 1431 1966; x_wconf 63' lang='lat' dir='ltr'><strong>turrita,</strong></span> <span class='ocrx_word' id='word_1_100' title='bbox 1463 1913 1505 1955; x_wconf 84' lang='lat' dir='ltr'><strong>aa</strong></span> <span class='ocrx_word' id='word_1_101' title='bbox 1535 1897 1595 1956; x_wconf 80' lang='lat' dir='ltr'><strong>situ</strong></span> <span class='ocrx_word' id='word_1_102' title='bbox 1626 1897 1722 1966; x_wconf 85' lang='lat' dir='ltr'><strong>odnie,</strong></span> <span class='ocrx_word' id='word_1_103' title='bbox 1753 1915 1774 1956; x_wconf 87' lang='lat' dir='ltr'><strong>a</strong></span> <span class='ocrx_word' id='word_1_104' title='bbox 1797 1915 1856 1956; x_wconf 87' lang='lat' dir='ltr'><strong>mo-</strong></span> 
     </span>
     <span class='ocr_line' id='line_1_11' title="bbox 641 1999 1341 2064; baseline 0.006 -7"><span class='ocrx_word' id='word_1_105' title='bbox 641 2059 646 2064; x_wconf 66' lang='lat'><strong>,</strong></span> <span class='ocrx_word' id='word_1_106' title='bbox 680 1999 779 2057; x_wconf 80' lang='lat' dir='ltr'><strong>auctir</strong></span> <span class='ocrx_word' id='word_1_107' title='bbox 799 2000 906 2059; x_wconf 83' lang='lat' dir='ltr'><strong>mutar</strong></span> <span class='ocrx_word' id='word_1_108' title='bbox 928 1999 1074 2060; x_wconf 74' lang='lat' dir='ltr'><strong>deserte</strong></span> <span class='ocrx_word' id='word_1_109' title='bbox 1096 1999 1194 2060; x_wconf 60' lang='lat' dir='ltr'><strong>binoto</strong></span> <span class='ocrx_word' id='word_1_110' title='bbox 1216 2003 1341 2061; x_wconf 76' lang='lat' dir='ltr'><strong>eutvorr&#39;.</strong></span> 
     </span>
    </p>
   </div>
   <div class='ocr_carea' id='block_1_6' title="bbox 568 2168 1456 2258">
    <p class='ocr_par' dir='ltr' id='par_1_6' title="bbox 568 2168 1456 2258">
     <span class='ocr_line' id='line_1_12' title="bbox 568 2168 1456 2258; baseline 0.009 -26"><span class='ocrx_word' id='word_1_111' title='bbox 568 2168 754 2256; x_wconf 79' lang='lat' dir='ltr'><strong>Gregorius,</strong></span> <span class='ocrx_word' id='word_1_112' title='bbox 777 2169 895 2235; x_wconf 90' lang='lat' dir='ltr'><strong>Jcauni</strong></span> <span class='ocrx_word' id='word_1_113' title='bbox 920 2172 1070 2258; x_wconf 88' lang='lat' dir='ltr'><strong>episcopo</strong></span> <span class='ocrx_word' id='word_1_114' title='bbox 1095 2172 1216 2258; x_wconf 84' lang='lat' dir='ltr'><strong>primae</strong></span> <span class='ocrx_word' id='word_1_115' title='bbox 1245 2170 1456 2240; x_wconf 86' lang='lat' dir='ltr'><strong>Justinianae.</strong></span> 
     </span>
    </p>
   </div>
   <div class='ocr_carea' id='block_1_7' title="bbox 168 2309 1859 2521">
    <p class='ocr_par' dir='ltr' id='par_1_7' title="bbox 168 2309 1859 2521">
     <span class='ocr_line' id='line_1_13' title="bbox 331 2309 1854 2422; baseline 0.003 -30"><span class='ocrx_word' id='word_1_116' title='bbox 331 2326 471 2407; x_wconf 79' lang='lat' dir='ltr'><strong>Quando</strong></span> <span class='ocrx_word' id='word_1_117' title='bbox 503 2326 588 2393; x_wconf 88' lang='lat' dir='ltr'><strong>mala</strong></span> <span class='ocrx_word' id='word_1_118' title='bbox 619 2350 703 2415; x_wconf 87' lang='lat' dir='ltr'><strong>quae</strong></span> <span class='ocrx_word' id='word_1_119' title='bbox 735 2331 949 2422; x_wconf 82' lang='lat' dir='ltr'><strong>poeniteutiae</strong></span> <span class='ocrx_word' id='word_1_120' title='bbox 979 2324 1056 2393; x_wconf 87' lang='lat' dir='ltr'><strong>fletu</strong></span> <span class='ocrx_word' id='word_1_121' title='bbox 1087 2329 1256 2414; x_wconf 89' lang='lat' dir='ltr'><strong>purganda</strong></span> <span class='ocrx_word' id='word_1_122' title='bbox 1290 2309 1365 2394; x_wconf 84' lang='lat' dir='ltr'><strong>sunt</strong></span> <span class='ocrx_word' id='word_1_123' title='bbox 1388 2339 1549 2414; x_wconf 83' lang='lat' dir='ltr'><strong>augentur</strong></span> <span class='ocrx_word' id='word_1_124' title='bbox 1581 2331 1780 2414; x_wconf 78' lang='lat' dir='ltr'><strong>excessibus,</strong></span> <span class='ocrx_word' id='word_1_125' title='bbox 1810 2334 1854 2396; x_wconf 88' lang='lat' dir='ltr'><strong>ita</strong></span> 
     </span>
     <span class='ocr_line' id='line_1_14' title="bbox 168 2431 1859 2521; baseline 0.004 -25"><span class='ocrx_word' id='word_1_126' title='bbox 168 2434 274 2496; x_wconf 88' lang='lat' dir='ltr'><strong>maior</strong></span> <span class='ocrx_word' id='word_1_127' title='bbox 294 2431 534 2518; x_wconf 84' lang='lat' dir='ltr'><strong>deliquentibus</strong></span> <span class='ocrx_word' id='word_1_128' title='bbox 559 2443 607 2497; x_wconf 83' lang='lat' dir='ltr'><strong>est</strong></span> <span class='ocrx_word' id='word_1_129' title='bbox 629 2432 814 2498; x_wconf 89' lang='lat' dir='ltr'><strong>adhibenda</strong></span> <span class='ocrx_word' id='word_1_130' title='bbox 847 2435 1015 2520; x_wconf 81' lang='lat' dir='ltr'><strong>correptio,</strong></span> <span class='ocrx_word' id='word_1_131' title='bbox 1040 2444 1075 2498; x_wconf 91' lang='lat' dir='ltr'><strong>ut</strong></span> <span class='ocrx_word' id='word_1_132' title='bbox 1097 2445 1129 2498; x_wconf 88' lang='lat' dir='ltr'><strong>et</strong></span> <span class='ocrx_word' id='word_1_133' title='bbox 1160 2435 1221 2520; x_wconf 88' lang='lat' dir='ltr'><strong>ipsi</strong></span> <span class='ocrx_word' id='word_1_134' title='bbox 1245 2434 1370 2499; x_wconf 86' lang='lat' dir='ltr'><strong>facinus</strong></span> <span class='ocrx_word' id='word_1_135' title='bbox 1395 2457 1489 2499; x_wconf 87' lang='lat' dir='ltr'><strong>auum</strong></span> <span class='ocrx_word' id='word_1_136' title='bbox 1522 2435 1634 2500; x_wconf 89' lang='lat' dir='ltr'><strong>saltem</strong></span> <span class='ocrx_word' id='word_1_137' title='bbox 1659 2457 1761 2521; x_wconf 86' lang='lat' dir='ltr'><strong>poena</strong></span> <span class='ocrx_word' id='word_1_138' title='bbox 1785 2439 1859 2504; x_wconf 89' lang='lat' dir='ltr'><strong>vin·.</strong></span> 
     </span>
    </p>
   </div>
   <div class='ocr_carea' id='block_1_8' title="bbox 166 2537 1983 2622">
    <p class='ocr_par' dir='ltr' id='par_1_8' title="bbox 166 2537 1983 2622">
     <span class='ocr_line' id='line_1_15' title="bbox 166 2537 1983 2622; baseline 0.003 -21"><span class='ocrx_word' id='word_1_139' title='bbox 166 2537 297 2602; x_wconf 88' lang='lat' dir='ltr'><strong>dicante</strong></span> <span class='ocrx_word' id='word_1_140' title='bbox 322 2548 529 2622; x_wconf 84' lang='lat' dir='ltr'><strong>cognoscant,</strong></span> <span class='ocrx_word' id='word_1_141' title='bbox 555 2548 588 2602; x_wconf 88' lang='lat' dir='ltr'><strong>ct</strong></span> <span class='ocrx_word' id='word_1_142' title='bbox 616 2537 698 2602; x_wconf 89' lang='lat' dir='ltr'><strong>alios</strong></span> <span class='ocrx_word' id='word_1_143' title='bbox 732 2539 774 2603; x_wconf 86' lang='lat' dir='ltr'><strong>ab</strong></span> <span class='ocrx_word' id='word_1_144' title='bbox 805 2539 926 2603; x_wconf 92' lang='lat' dir='ltr'><strong>illicitis</strong></span> <span class='ocrx_word' id='word_1_145' title='bbox 960 2537 1115 2602; x_wconf 86' lang='lat' dir='ltr'><strong>ecclesiae</strong></span> <span class='ocrx_word' id='word_1_146' title='bbox 1148 2538 1277 2602; x_wconf 86' lang='lat' dir='ltr'><strong>ultionis</strong></span> <span class='ocrx_word' id='word_1_147' title='bbox 1308 2541 1405 2603; x_wconf 88' lang='lat' dir='ltr'><strong>timor</strong></span> <span class='ocrx_word' id='word_1_148' title='bbox 1436 2538 1589 2604; x_wconf 90' lang='lat' dir='ltr'><strong>inhibeat.</strong></span> <span class='ocrx_word' id='word_1_149' title='bbox 1615 2539 1853 2606; x_wconf 74' lang='lat' dir='ltr'><strong>Dilectissimae</strong></span> <span class='ocrx_word' id='word_1_150' title='bbox 1971 2581 1983 2597; x_wconf 53' lang='grc' dir='ltr'>ι</span> 
     </span>
    </p>
   </div>
   <div class='ocr_carea' id='block_1_9' title="bbox 157 2641 1923 5360">
    <p class='ocr_par' dir='ltr' id='par_1_9' title="bbox 157 2641 1923 5360">
     <span class='ocr_line' id='line_1_16' title="bbox 170 2641 1854 2730; baseline 0.002 -24"><span class='ocrx_word' id='word_1_151' title='bbox 170 2641 282 2728; x_wconf 87' lang='lat' dir='ltr'><strong>itaque</strong></span> <span class='ocrx_word' id='word_1_152' title='bbox 299 2641 383 2706; x_wconf 92' lang='lat' dir='ltr'><strong>lator</strong></span> <span class='ocrx_word' id='word_1_153' title='bbox 399 2645 615 2728; x_wconf 87' lang='lat' dir='ltr'><strong>praesentium</strong></span> <span class='ocrx_word' id='word_1_154' title='bbox 634 2643 827 2708; x_wconf 87' lang='lat' dir='ltr'><strong>Nesmesion</strong></span> <span class='ocrx_word' id='word_1_155' title='bbox 846 2644 887 2708; x_wconf 90' lang='lat' dir='ltr'><strong>ad</strong></span> <span class='ocrx_word' id='word_1_156' title='bbox 903 2667 962 2707; x_wconf 91' lang='lat' dir='ltr'><strong>nos</strong></span> <span class='ocrx_word' id='word_1_157' title='bbox 979 2645 1113 2707; x_wconf 90' lang='lat' dir='ltr'><strong>veniens</strong></span> <span class='ocrx_word' id='word_1_158' title='bbox 1131 2643 1285 2708; x_wconf 89' lang='lat' dir='ltr'><strong>indicavit</strong></span> <span class='ocrx_word' id='word_1_159' title='bbox 1309 2645 1392 2708; x_wconf 89' lang='lat' dir='ltr'><strong>sicut</strong></span> <span class='ocrx_word' id='word_1_160' title='bbox 1415 2655 1446 2709; x_wconf 88' lang='lat' dir='ltr'><strong>et</strong></span> <span class='ocrx_word' id='word_1_161' title='bbox 1468 2654 1632 2728; x_wconf 89' lang='lat' dir='ltr'><strong>gestorum</strong></span> <span class='ocrx_word' id='word_1_162' title='bbox 1656 2645 1854 2730; x_wconf 85' lang='lat' dir='ltr'><strong>exemplaria</strong></span> 
     </span>
     <span class='ocr_line' id='line_1_17' title="bbox 166 2746 1852 2836; baseline 0.002 -24"><span class='ocrx_word' id='word_1_163' title='bbox 166 2769 251 2834; x_wconf 90' lang='lat' dir='ltr'><strong>quae</strong></span> <span class='ocrx_word' id='word_1_164' title='bbox 275 2746 339 2812; x_wconf 93' lang='lat' dir='ltr'><strong>huc</strong></span> <span class='ocrx_word' id='word_1_165' title='bbox 363 2747 480 2812; x_wconf 88' lang='lat' dir='ltr'><strong>detulit</strong></span> <span class='ocrx_word' id='word_1_166' title='bbox 502 2748 718 2830; x_wconf 85' lang='lat' dir='ltr'><strong>continebant,</strong></span> <span class='ocrx_word' id='word_1_167' title='bbox 742 2748 879 2813; x_wconf 88' lang='lat' dir='ltr'><strong>Paulum</strong></span> <span class='ocrx_word' id='word_1_168' title='bbox 903 2748 1113 2813; x_wconf 88' lang='lat' dir='ltr'><strong>Docleatinae</strong></span> <span class='ocrx_word' id='word_1_169' title='bbox 1145 2751 1285 2812; x_wconf 90' lang='lat' dir='ltr'><strong>ciuitatis</strong></span> <span class='ocrx_word' id='word_1_170' title='bbox 1310 2751 1499 2836; x_wconf 89' lang='lat' dir='ltr'><strong>episcopam</strong></span> <span class='ocrx_word' id='word_1_171' title='bbox 1523 2753 1608 2814; x_wconf 91' lang='lat' dir='ltr'><strong>inter</strong></span> <span class='ocrx_word' id='word_1_172' title='bbox 1631 2750 1694 2813; x_wconf 92' lang='lat' dir='ltr'><strong>alia</strong></span> <span class='ocrx_word' id='word_1_173' title='bbox 1719 2751 1852 2816; x_wconf 90' lang='lat' dir='ltr'><strong>malain</strong></span> 
     </span>
     <span class='ocr_line' id='line_1_18' title="bbox 165 2846 1852 2940; baseline 0.002 -24"><span class='ocrx_word' id='word_1_174' title='bbox 165 2852 336 2937; x_wconf 90' lang='lat' dir='ltr'><strong>corporale</strong></span> <span class='ocrx_word' id='word_1_175' title='bbox 360 2853 641 2939; x_wconf 78' lang='lat' dir='ltr'><strong>crimen&#39;lapsum,</strong></span> <span class='ocrx_word' id='word_1_176' title='bbox 665 2846 687 2916; x_wconf 79' lang='lat' dir='ltr'><strong>a</strong></span> <span class='ocrx_word' id='word_1_177' title='bbox 708 2855 774 2919; x_wconf 87' lang='lat' dir='ltr'><strong>suis</strong></span> <span class='ocrx_word' id='word_1_178' title='bbox 797 2854 898 2919; x_wconf 87' lang='lat' dir='ltr'><strong>fuisse</strong></span> <span class='ocrx_word' id='word_1_179' title='bbox 928 2853 1055 2918; x_wconf 85' lang='lat' dir='ltr'><strong>clericis</strong></span> <span class='ocrx_word' id='word_1_180' title='bbox 1084 2864 1280 2934; x_wconf 88' lang='lat' dir='ltr'><strong>accusatum,</strong></span> <span class='ocrx_word' id='word_1_181' title='bbox 1304 2865 1400 2940; x_wconf 87' lang='lat' dir='ltr'><strong>atque</strong></span> <span class='ocrx_word' id='word_1_182' title='bbox 1433 2854 1542 2918; x_wconf 90' lang='lat' dir='ltr'><strong>habita</strong></span> <span class='ocrx_word' id='word_1_183' title='bbox 1574 2856 1765 2938; x_wconf 84' lang='lat' dir='ltr'><strong>cognitione,</strong></span> <span class='ocrx_word' id='word_1_184' title='bbox 1798 2859 1852 2939; x_wconf 88' lang='lat' dir='ltr'><strong>ita,</strong></span> 
     </span>
     <span class='ocr_line' id='line_1_19' title="bbox 165 2951 1923 3052; baseline 0.003 -31"><span class='ocrx_word' id='word_1_185' title='bbox 165 2957 254 3044; x_wconf 90' lang='lat' dir='ltr'><strong>quod</strong></span> <span class='ocrx_word' id='word_1_186' title='bbox 277 2960 349 3022; x_wconf 89' lang='lat' dir='ltr'><strong>sine</strong></span> <span class='ocrx_word' id='word_1_187' title='bbox 373 2958 483 3023; x_wconf 91' lang='lat' dir='ltr'><strong>dolore</strong></span> <span class='ocrx_word' id='word_1_188' title='bbox 510 2959 617 3024; x_wconf 89' lang='lat' dir='ltr'><strong>dicere</strong></span> <span class='ocrx_word' id='word_1_189' title='bbox 640 2982 703 3023; x_wconf 91' lang='lat' dir='ltr'><strong>non</strong></span> <span class='ocrx_word' id='word_1_190' title='bbox 728 2981 909 3044; x_wconf 87' lang='lat' dir='ltr'><strong>possumus,</strong></span> <span class='ocrx_word' id='word_1_191' title='bbox 944 2958 1110 3040; x_wconf 81' lang='lat' dir='ltr'><strong>claruisse,</strong></span> <span class='ocrx_word' id='word_1_192' title='bbox 1135 2951 1231 3045; x_wconf 74' lang='lat' dir='ltr'><strong>atque</strong></span> <span class='ocrx_word' id='word_1_193' title='bbox 1256 2961 1396 3046; x_wconf 87' lang='lat' dir='ltr'><strong>insuper,</strong></span> <span class='ocrx_word' id='word_1_194' title='bbox 1420 2969 1590 3047; x_wconf 88' lang='lat' dir='ltr'><strong>postquam</strong></span> <span class='ocrx_word' id='word_1_195' title='bbox 1614 2963 1780 3052; x_wconf 86' lang='lat' dir='ltr'><strong>conuictus</strong></span> <span class='ocrx_word' id='word_1_196' title='bbox 1804 2972 1854 3027; x_wconf 89' lang='lat' dir='ltr'><strong>est</strong></span> <span class='ocrx_word' id='word_1_197' title='bbox 1917 3035 1923 3044; x_wconf 50' lang='grc'><strong><em>,</em></strong></span> 
     </span>
     <span class='ocr_line' id='line_1_20' title="bbox 164 3057 1851 3151; baseline 0.002 -23"><span class='ocrx_word' id='word_1_198' title='bbox 164 3065 264 3128; x_wconf 85' lang='lat' dir='ltr'><strong>etiam</strong></span> <span class='ocrx_word' id='word_1_199' title='bbox 288 3085 362 3128; x_wconf 88' lang='lat' dir='ltr'><strong>eum</strong></span> <span class='ocrx_word' id='word_1_200' title='bbox 386 3062 540 3146; x_wconf 88' lang='lat' dir='ltr'><strong>libellum,</strong></span> <span class='ocrx_word' id='word_1_201' title='bbox 564 3065 596 3128; x_wconf 91' lang='lat' dir='ltr'><strong>in</strong></span> <span class='ocrx_word' id='word_1_202' title='bbox 617 3087 681 3151; x_wconf 89' lang='lat' dir='ltr'><strong>quo</strong></span> <span class='ocrx_word' id='word_1_203' title='bbox 706 3087 745 3128; x_wconf 92' lang='lat' dir='ltr'><strong>ea</strong></span> <span class='ocrx_word' id='word_1_204' title='bbox 767 3065 807 3128; x_wconf 93' lang='lat' dir='ltr'><strong>de</strong></span> <span class='ocrx_word' id='word_1_205' title='bbox 832 3064 949 3150; x_wconf 88' lang='lat' dir='ltr'><strong>quibus</strong></span> <span class='ocrx_word' id='word_1_206' title='bbox 966 3057 1137 3129; x_wconf 88' lang='lat' dir='ltr'><strong>accusatus</strong></span> <span class='ocrx_word' id='word_1_207' title='bbox 1161 3064 1266 3128; x_wconf 87' lang='lat' dir='ltr'><strong>fuerat</strong></span> <span class='ocrx_word' id='word_1_208' title='bbox 1288 3087 1367 3129; x_wconf 89' lang='lat' dir='ltr'><strong>vera</strong></span> <span class='ocrx_word' id='word_1_209' title='bbox 1390 3087 1462 3130; x_wconf 88' lang='lat' dir='ltr'><strong>esse</strong></span> <span class='ocrx_word' id='word_1_210' title='bbox 1485 3063 1652 3144; x_wconf 87' lang='lat' dir='ltr'><strong>confessus</strong></span> <span class='ocrx_word' id='word_1_211' title='bbox 1677 3077 1735 3148; x_wconf 87' lang='lat' dir='ltr'><strong>est,</strong></span> <span class='ocrx_word' id='word_1_212' title='bbox 1760 3065 1851 3131; x_wconf 92' lang='lat' dir='ltr'><strong>obtu-</strong></span> 
     </span>
     <span class='ocr_line' id='line_1_21' title="bbox 162 3165 1851 3256; baseline 0.001 -22"><span class='ocrx_word' id='word_1_213' title='bbox 162 3167 251 3234; x_wconf 85' lang='lat' dir='ltr'><strong>lisse.</strong></span> <span class='ocrx_word' id='word_1_214' title='bbox 275 3165 351 3247; x_wconf 84' lang='lat' dir='ltr'><strong>Qua</strong></span> <span class='ocrx_word' id='word_1_215' title='bbox 372 3167 412 3234; x_wconf 92' lang='lat' dir='ltr'><strong>de</strong></span> <span class='ocrx_word' id='word_1_216' title='bbox 436 3191 470 3234; x_wconf 88' lang='lat' dir='ltr'><strong>re</strong></span> <span class='ocrx_word' id='word_1_217' title='bbox 494 3171 652 3235; x_wconf 88' lang='lat' dir='ltr'><strong>sententia</strong></span> <span class='ocrx_word' id='word_1_218' title='bbox 687 3169 776 3232; x_wconf 88' lang='lat' dir='ltr'><strong>illum</strong></span> <span class='ocrx_word' id='word_1_219' title='bbox 809 3169 985 3256; x_wconf 88' lang='lat' dir='ltr'><strong>episcopali</strong></span> <span class='ocrx_word' id='word_1_220' title='bbox 1018 3170 1208 3256; x_wconf 86' lang='lat' dir='ltr'><strong>depositum,</strong></span> <span class='ocrx_word' id='word_1_221' title='bbox 1234 3171 1358 3235; x_wconf 88' lang='lat' dir='ltr'><strong>eteius</strong></span> <span class='ocrx_word' id='word_1_222' title='bbox 1382 3169 1452 3235; x_wconf 90' lang='lat' dir='ltr'><strong>loco</strong></span> <span class='ocrx_word' id='word_1_223' title='bbox 1477 3193 1511 3234; x_wconf 88' lang='lat' dir='ltr'><strong>se</strong></span> <span class='ocrx_word' id='word_1_224' title='bbox 1535 3193 1607 3234; x_wconf 91' lang='lat' dir='ltr'><strong>cum</strong></span> <span class='ocrx_word' id='word_1_225' title='bbox 1644 3170 1851 3235; x_wconf 82' lang='lat' dir='ltr'><strong>fraternitatis</strong></span> 
     </span>
     <span class='ocr_line' id='line_1_22' title="bbox 162 3273 1850 3362; baseline 0.001 -24"><span class='ocrx_word' id='word_1_226' title='bbox 162 3283 294 3338; x_wconf 86' lang='lat' dir='ltr'><strong>vestrae</strong></span> <span class='ocrx_word' id='word_1_227' title='bbox 324 3296 484 3339; x_wconf 87' lang='lat' dir='ltr'><strong>consensu</strong></span> <span class='ocrx_word' id='word_1_228' title='bbox 506 3297 578 3340; x_wconf 86' lang='lat' dir='ltr'><strong>esse</strong></span> <span class='ocrx_word' id='word_1_229' title='bbox 608 3277 794 3362; x_wconf 90' lang='lat' dir='ltr'><strong>episcopum</strong></span> <span class='ocrx_word' id='word_1_230' title='bbox 833 3274 1025 3339; x_wconf 89' lang='lat' dir='ltr'><strong>ordinatum.</strong></span> <span class='ocrx_word' id='word_1_231' title='bbox 1065 3273 1131 3340; x_wconf 86' lang='lat' dir='ltr'><strong>Sed</strong></span> <span class='ocrx_word' id='word_1_232' title='bbox 1163 3297 1247 3338; x_wconf 88' lang='lat' dir='ltr'><strong>nunc</strong></span> <span class='ocrx_word' id='word_1_233' title='bbox 1279 3273 1426 3338; x_wconf 89' lang='lat' dir='ltr'><strong>eumdem</strong></span> <span class='ocrx_word' id='word_1_234' title='bbox 1458 3273 1593 3338; x_wconf 90' lang='lat' dir='ltr'><strong>Paulum</strong></span> <span class='ocrx_word' id='word_1_235' title='bbox 1626 3297 1699 3340; x_wconf 88' lang='lat' dir='ltr'><strong>cum</strong></span> <span class='ocrx_word' id='word_1_236' title='bbox 1730 3274 1850 3340; x_wconf 84' lang='lat' dir='ltr'><strong>auxilio</strong></span> 
     </span>
     <span class='ocr_line' id='line_1_23' title="bbox 165 3379 1847 3468; baseline 0.001 -24"><span class='ocrx_word' id='word_1_237' title='bbox 165 3379 382 3468; x_wconf 86' lang='lat' dir='ltr'><strong>quorumdam</strong></span> <span class='ocrx_word' id='word_1_238' title='bbox 407 3379 621 3445; x_wconf 87' lang='lat' dir='ltr'><strong>saecularium</strong></span> <span class='ocrx_word' id='word_1_239' title='bbox 645 3380 786 3445; x_wconf 87' lang='lat' dir='ltr'><strong>iudicum</strong></span> <span class='ocrx_word' id='word_1_240' title='bbox 811 3381 993 3444; x_wconf 87' lang='lat' dir='ltr'><strong>venientem</strong></span> <span class='ocrx_word' id='word_1_241' title='bbox 1018 3381 1218 3466; x_wconf 86' lang='lat' dir='ltr'><strong>episcopium</strong></span> <span class='ocrx_word' id='word_1_242' title='bbox 1237 3403 1324 3444; x_wconf 90' lang='lat' dir='ltr'><strong>more</strong></span> <span class='ocrx_word' id='word_1_243' title='bbox 1348 3380 1521 3466; x_wconf 83' lang='lat' dir='ltr'><strong>praedonis</strong></span> <span class='ocrx_word' id='word_1_244' title='bbox 1543 3381 1735 3464; x_wconf 87' lang='lat' dir='ltr'><strong>ingressum,</strong></span> <span class='ocrx_word' id='word_1_245' title='bbox 1759 3379 1847 3445; x_wconf 92' lang='lat' dir='ltr'><strong>abla-</strong></span> 
     </span>
     <span class='ocr_line' id='line_1_24' title="bbox 166 3479 1850 3572; baseline 0.002 -23"><span class='ocrx_word' id='word_1_246' title='bbox 166 3487 274 3572; x_wconf 87' lang='lat' dir='ltr'><strong>tisque</strong></span> <span class='ocrx_word' id='word_1_247' title='bbox 298 3483 459 3550; x_wconf 87' lang='lat' dir='ltr'><strong>violenter</strong></span> <span class='ocrx_word' id='word_1_248' title='bbox 482 3485 578 3551; x_wconf 90' lang='lat' dir='ltr'><strong>rebus</strong></span> <span class='ocrx_word' id='word_1_249' title='bbox 602 3485 758 3550; x_wconf 87' lang='lat' dir='ltr'><strong>ecclesiae</strong></span> <span class='ocrx_word' id='word_1_250' title='bbox 781 3487 823 3550; x_wconf 91' lang='lat' dir='ltr'><strong>ab</strong></span> <span class='ocrx_word' id='word_1_251' title='bbox 848 3509 885 3551; x_wconf 90' lang='lat' dir='ltr'><strong>eo</strong></span> <span class='ocrx_word' id='word_1_252' title='bbox 910 3508 944 3550; x_wconf 87' lang='lat' dir='ltr'><strong>se</strong></span> <span class='ocrx_word' id='word_1_253' title='bbox 972 3489 1160 3571; x_wconf 89' lang='lat' dir='ltr'><strong>proiectum,</strong></span> <span class='ocrx_word' id='word_1_254' title='bbox 1184 3509 1223 3549; x_wconf 92' lang='lat' dir='ltr'><strong>ac</strong></span> <span class='ocrx_word' id='word_1_255' title='bbox 1248 3486 1287 3549; x_wconf 87' lang='lat' dir='ltr'><strong>ad</strong></span> <span class='ocrx_word' id='word_1_256' title='bbox 1312 3479 1470 3550; x_wconf 86' lang='lat' dir='ltr'><strong>summam</strong></span> <span class='ocrx_word' id='word_1_257' title='bbox 1495 3486 1643 3552; x_wconf 88' lang='lat' dir='ltr'><strong>iniuriam</strong></span> <span class='ocrx_word' id='word_1_258' title='bbox 1668 3509 1706 3550; x_wconf 90' lang='lat' dir='ltr'><strong>ac</strong></span> <span class='ocrx_word' id='word_1_259' title='bbox 1738 3509 1850 3552; x_wconf 90' lang='lat' dir='ltr'><strong>necem</strong></span> 
     </span>
     <span class='ocr_line' id='line_1_25' title="bbox 165 3589 1849 3678; baseline 0.001 -23"><span class='ocrx_word' id='word_1_260' title='bbox 165 3614 249 3678; x_wconf 88' lang='lat' dir='ltr'><strong>pene</strong></span> <span class='ocrx_word' id='word_1_261' title='bbox 275 3589 476 3678; x_wconf 87' lang='lat' dir='ltr'><strong>perductum.</strong></span> <span class='ocrx_word' id='word_1_262' title='bbox 501 3590 544 3654; x_wconf 88' lang='lat' dir='ltr'><strong>Et</strong></span> <span class='ocrx_word' id='word_1_263' title='bbox 567 3593 719 3677; x_wconf 89' lang='lat' dir='ltr'><strong>quoniam</strong></span> <span class='ocrx_word' id='word_1_264' title='bbox 743 3599 851 3655; x_wconf 89' lang='lat' dir='ltr'><strong>tantae</strong></span> <span class='ocrx_word' id='word_1_265' title='bbox 872 3591 1035 3676; x_wconf 80' lang='lat' dir='ltr'><strong>nequitiae</strong></span> <span class='ocrx_word' id='word_1_266' title='bbox 1050 3592 1192 3671; x_wconf 90' lang='lat' dir='ltr'><strong>prauitas</strong></span> <span class='ocrx_word' id='word_1_267' title='bbox 1211 3613 1269 3654; x_wconf 89' lang='lat' dir='ltr'><strong>nec</strong></span> <span class='ocrx_word' id='word_1_268' title='bbox 1286 3589 1519 3655; x_wconf 88' lang='lat' dir='ltr'><strong>dissimulanda</strong></span> <span class='ocrx_word' id='word_1_269' title='bbox 1534 3613 1593 3656; x_wconf 88' lang='lat' dir='ltr'><strong>nec</strong></span> <span class='ocrx_word' id='word_1_270' title='bbox 1609 3590 1723 3656; x_wconf 89' lang='lat' dir='ltr'><strong>leuiter</strong></span> <span class='ocrx_word' id='word_1_271' title='bbox 1748 3602 1849 3657; x_wconf 89' lang='lat' dir='ltr'><strong>atten-</strong></span> 
     </span>
     <span class='ocr_line' id='line_1_26' title="bbox 162 3693 1848 3782; baseline -0.001 -19"><span class='ocrx_word' id='word_1_272' title='bbox 162 3697 272 3762; x_wconf 88' lang='lat' dir='ltr'><strong>denda</strong></span> <span class='ocrx_word' id='word_1_273' title='bbox 297 3705 355 3782; x_wconf 88' lang='lat' dir='ltr'><strong>est,</strong></span> <span class='ocrx_word' id='word_1_274' title='bbox 380 3695 564 3761; x_wconf 84' lang='lat' dir='ltr'><strong>fraternitas</strong></span> <span class='ocrx_word' id='word_1_275' title='bbox 588 3705 697 3760; x_wconf 82' lang='lat' dir='ltr'><strong>vestra</strong></span> <span class='ocrx_word' id='word_1_276' title='bbox 719 3695 800 3759; x_wconf 89' lang='lat' dir='ltr'><strong>haec</strong></span> <span class='ocrx_word' id='word_1_277' title='bbox 823 3697 930 3759; x_wconf 91' lang='lat' dir='ltr'><strong>omnia</strong></span> <span class='ocrx_word' id='word_1_278' title='bbox 953 3693 1124 3780; x_wconf 86' lang='lat' dir='ltr'><strong>diligenter</strong></span> <span class='ocrx_word' id='word_1_279' title='bbox 1140 3705 1231 3759; x_wconf 88' lang='lat' dir='ltr'><strong>curet</strong></span> <span class='ocrx_word' id='word_1_280' title='bbox 1255 3695 1431 3777; x_wconf 86' lang='lat' dir='ltr'><strong>addiscere,</strong></span> <span class='ocrx_word' id='word_1_281' title='bbox 1450 3705 1481 3760; x_wconf 89' lang='lat' dir='ltr'><strong>et</strong></span> <span class='ocrx_word' id='word_1_282' title='bbox 1500 3697 1527 3758; x_wconf 88' lang='lat' dir='ltr'><strong>si</strong></span> <span class='ocrx_word' id='word_1_283' title='bbox 1551 3698 1596 3759; x_wconf 88' lang='lat' dir='ltr'><strong>ita</strong></span> <span class='ocrx_word' id='word_1_284' title='bbox 1617 3717 1661 3777; x_wconf 90' lang='lat' dir='ltr'><strong>se,</strong></span> <span class='ocrx_word' id='word_1_285' title='bbox 1687 3705 1721 3759; x_wconf 92' lang='lat' dir='ltr'><strong>ut</strong></span> <span class='ocrx_word' id='word_1_286' title='bbox 1744 3697 1848 3762; x_wconf 87' lang='lat' dir='ltr'><strong>edocti</strong></span> 
     </span>
     <span class='ocr_line' id='line_1_27' title="bbox 163 3799 1849 3890; baseline 0 -23"><span class='ocrx_word' id='word_1_287' title='bbox 163 3824 287 3883; x_wconf 88' lang='lat' dir='ltr'><strong>sumus,</strong></span> <span class='ocrx_word' id='word_1_288' title='bbox 312 3802 435 3866; x_wconf 88' lang='lat' dir='ltr'><strong>veritas</strong></span> <span class='ocrx_word' id='word_1_289' title='bbox 459 3800 564 3883; x_wconf 86' lang='lat' dir='ltr'><strong>habet,</strong></span> <span class='ocrx_word' id='word_1_290' title='bbox 587 3799 788 3886; x_wconf 88' lang='lat' dir='ltr'><strong>praedictum</strong></span> <span class='ocrx_word' id='word_1_291' title='bbox 822 3799 958 3865; x_wconf 90' lang='lat' dir='ltr'><strong>Paulum</strong></span> <span class='ocrx_word' id='word_1_292' title='bbox 981 3800 1127 3864; x_wconf 88' lang='lat' dir='ltr'><strong>districta</strong></span> <span class='ocrx_word' id='word_1_293' title='bbox 1159 3799 1256 3864; x_wconf 86' lang='lat' dir='ltr'><strong>faciat</strong></span> <span class='ocrx_word' id='word_1_294' title='bbox 1284 3803 1474 3866; x_wconf 83' lang='lat' dir='ltr'><strong>executione</strong></span> <span class='ocrx_word' id='word_1_295' title='bbox 1507 3799 1670 3888; x_wconf 92' lang='lat' dir='ltr'><strong>compelli,</strong></span> <span class='ocrx_word' id='word_1_296' title='bbox 1695 3811 1730 3865; x_wconf 86' lang='lat' dir='ltr'><strong>ut</strong></span> <span class='ocrx_word' id='word_1_297' title='bbox 1753 3825 1849 3890; x_wconf 91' lang='lat' dir='ltr'><strong>quae·</strong></span> 
     </span>
     <span class='ocr_line' id='line_1_28' title="bbox 162 3903 1847 3994; baseline 0.001 -24"><span class='ocrx_word' id='word_1_298' title='bbox 162 3929 304 3994; x_wconf 88' lang='lat' dir='ltr'><strong>cumque</strong></span> <span class='ocrx_word' id='word_1_299' title='bbox 328 3904 469 3988; x_wconf 88' lang='lat' dir='ltr'><strong>abstulit,</strong></span> <span class='ocrx_word' id='word_1_300' title='bbox 494 3907 580 3969; x_wconf 91' lang='lat' dir='ltr'><strong>omni</strong></span> <span class='ocrx_word' id='word_1_301' title='bbox 604 3928 694 3969; x_wconf 90' lang='lat' dir='ltr'><strong>mora</strong></span> <span class='ocrx_word' id='word_1_302' title='bbox 719 3903 769 3970; x_wconf 88' lang='lat' dir='ltr'><strong>vel</strong></span> <span class='ocrx_word' id='word_1_303' title='bbox 798 3908 1006 3970; x_wconf 86' lang='lat' dir='ltr'><strong>excusatibne</strong></span> <span class='ocrx_word' id='word_1_304' title='bbox 1027 3914 1174 3970; x_wconf 88' lang='lat' dir='ltr'><strong>cessante</strong></span> <span class='ocrx_word' id='word_1_305' title='bbox 1190 3907 1346 3971; x_wconf 87' lang='lat' dir='ltr'><strong>restituat.</strong></span> <span class='ocrx_word' id='word_1_306' title='bbox 1365 3905 1399 3970; x_wconf 87' lang='lat' dir='ltr'><strong>Si</strong></span> <span class='ocrx_word' id='word_1_307' title='bbox 1417 3927 1493 3970; x_wconf 91' lang='lat' dir='ltr'><strong>vero</strong></span> <span class='ocrx_word' id='word_1_308' title='bbox 1510 3905 1590 3970; x_wconf 92' lang='lat' dir='ltr'><strong>nihil</strong></span> <span class='ocrx_word' id='word_1_309' title='bbox 1608 3905 1774 3988; x_wconf 88' lang='lat' dir='ltr'><strong>ecclesiae,</strong></span> <span class='ocrx_word' id='word_1_310' title='bbox 1790 3908 1847 3972; x_wconf 89' lang='lat' dir='ltr'><strong>sed</strong></span> 
     </span>
     <span class='ocr_line' id='line_1_29' title="bbox 163 4005 1921 4096; baseline 0.001 -21"><span class='ocrx_word' id='word_1_311' title='bbox 163 4032 258 4075; x_wconf 89' lang='lat' dir='ltr'><strong>suum</strong></span> <span class='ocrx_word' id='word_1_312' title='bbox 286 4010 451 4095; x_wconf 90' lang='lat' dir='ltr'><strong>proprium</strong></span> <span class='ocrx_word' id='word_1_313' title='bbox 475 4031 510 4074; x_wconf 88' lang='lat' dir='ltr'><strong>se</strong></span> <span class='ocrx_word' id='word_1_314' title='bbox 533 4008 653 4074; x_wconf 85' lang='lat' dir='ltr'><strong>dixerit</strong></span> <span class='ocrx_word' id='word_1_315' title='bbox 676 4009 860 4088; x_wconf 85' lang='lat' dir='ltr'><strong>abstulisse,</strong></span> <span class='ocrx_word' id='word_1_316' title='bbox 885 4013 1033 4095; x_wconf 86' lang='lat' dir='ltr'><strong>quamuis</strong></span> <span class='ocrx_word' id='word_1_317' title='bbox 1049 4033 1149 4094; x_wconf 89' lang='lat' dir='ltr'><strong>grave</strong></span> <span class='ocrx_word' id='word_1_318' title='bbox 1172 4021 1204 4076; x_wconf 92' lang='lat' dir='ltr'><strong>et</strong></span> <span class='ocrx_word' id='word_1_319' title='bbox 1227 4005 1486 4096; x_wconf 88' lang='lat' dir='ltr'><strong>iniquumfuerit</strong></span> <span class='ocrx_word' id='word_1_320' title='bbox 1503 4021 1616 4076; x_wconf 90' lang='lat' dir='ltr'><strong>utnon</strong></span> <span class='ocrx_word' id='word_1_321' title='bbox 1641 4035 1661 4076; x_wconf 92' lang='lat' dir='ltr'><strong>a</strong></span> <span class='ocrx_word' id='word_1_322' title='bbox 1685 4012 1777 4076; x_wconf 81' lang='lat' dir='ltr'><strong>vobis</strong></span> <span class='ocrx_word' id='word_1_323' title='bbox 1796 4013 1847 4076; x_wconf 84' lang='lat' dir='ltr'><strong>vel</strong></span> <span class='ocrx_word' id='word_1_324' title='bbox 1915 4017 1921 4036; x_wconf 82' lang='lat'><strong><em>‘</em></strong></span> 
     </span>
     <span class='ocr_line' id='line_1_30' title="bbox 162 4113 1847 4202; baseline 0.001 -22"><span class='ocrx_word' id='word_1_325' title='bbox 162 4140 182 4180; x_wconf 89' lang='lat' dir='ltr'><strong>a</strong></span> <span class='ocrx_word' id='word_1_326' title='bbox 206 4113 455 4201; x_wconf 89' lang='lat' dir='ltr'><strong>metropolitano</strong></span> <span class='ocrx_word' id='word_1_327' title='bbox 478 4117 547 4180; x_wconf 88' lang='lat' dir='ltr'><strong>eius</strong></span> <span class='ocrx_word' id='word_1_328' title='bbox 569 4115 630 4180; x_wconf 90' lang='lat' dir='ltr'><strong>boo</strong></span> <span class='ocrx_word' id='word_1_329' title='bbox 661 4125 793 4200; x_wconf 89' lang='lat' dir='ltr'><strong>peteret,</strong></span> <span class='ocrx_word' id='word_1_330' title='bbox 818 4115 874 4180; x_wconf 89' lang='lat' dir='ltr'><strong>sed</strong></span> <span class='ocrx_word' id='word_1_331' title='bbox 907 4117 1076 4193; x_wconf 80' lang='lat' dir='ltr'><strong>temerario</strong></span> <span class='ocrx_word' id='word_1_332' title='bbox 1108 4137 1187 4180; x_wconf 87' lang='lat' dir='ltr'><strong>ausu</strong></span> <span class='ocrx_word' id='word_1_333' title='bbox 1221 4139 1316 4180; x_wconf 89' lang='lat' dir='ltr'><strong>manu</strong></span> <span class='ocrx_word' id='word_1_334' title='bbox 1341 4125 1560 4202; x_wconf 88' lang='lat' dir='ltr'><strong>praesumeret</strong></span> <span class='ocrx_word' id='word_1_335' title='bbox 1582 4139 1695 4202; x_wconf 82' lang='lat' dir='ltr'><strong>agere3</strong></span> <span class='ocrx_word' id='word_1_336' title='bbox 1720 4141 1847 4182; x_wconf 87' lang='lat' dir='ltr'><strong>verum·</strong></span> 
     </span>
     <span class='ocr_line' id='line_1_31' title="bbox 162 4219 1845 4312; baseline 0.001 -26"><span class='ocrx_word' id='word_1_337' title='bbox 162 4232 272 4288; x_wconf 86' lang='lat' dir='ltr'><strong>tamen</strong></span> <span class='ocrx_word' id='word_1_338' title='bbox 296 4223 324 4286; x_wconf 88' lang='lat' dir='ltr'><strong>ai</strong></span> <span class='ocrx_word' id='word_1_339' title='bbox 348 4221 424 4308; x_wconf 92' lang='lat' dir='ltr'><strong>quid</strong></span> <span class='ocrx_word' id='word_1_340' title='bbox 446 4223 609 4308; x_wconf 89' lang='lat' dir='ltr'><strong>proprium</strong></span> <span class='ocrx_word' id='word_1_341' title='bbox 646 4220 726 4294; x_wconf 87' lang='lat' dir='ltr'><strong>tulit,</strong></span> <span class='ocrx_word' id='word_1_342' title='bbox 758 4219 818 4285; x_wconf 89' lang='lat' dir='ltr'><strong>sub</strong></span> <span class='ocrx_word' id='word_1_343' title='bbox 850 4219 1058 4284; x_wconf 84' lang='lat' dir='ltr'><strong>fraternitatis</strong></span> <span class='ocrx_word' id='word_1_344' title='bbox 1094 4231 1220 4286; x_wconf 89' lang='lat' dir='ltr'><strong>vestrae</strong></span> <span class='ocrx_word' id='word_1_345' title='bbox 1252 4221 1349 4286; x_wconf 89' lang='lat' dir='ltr'><strong>debet</strong></span> <span class='ocrx_word' id='word_1_346' title='bbox 1382 4223 1621 4312; x_wconf 81' lang='lat' dir='ltr'><strong>examinatione</strong></span> <span class='ocrx_word' id='word_1_347' title='bbox 1646 4233 1793 4287; x_wconf 87' lang='lat' dir='ltr'><strong>constare</strong></span> <span class='ocrx_word' id='word_1_348' title='bbox 1818 4225 1845 4288; x_wconf 87' lang='lat' dir='ltr'><strong>si</strong></span> 
     </span>
     <span class='ocr_line' id='line_1_32' title="bbox 162 4325 1847 4413; baseline 0.002 -23"><span class='ocrx_word' id='word_1_349' title='bbox 162 4349 277 4392; x_wconf 86' lang='lat' dir='ltr'><strong>verum</strong></span> <span class='ocrx_word' id='word_1_350' title='bbox 303 4338 361 4391; x_wconf 88' lang='lat' dir='ltr'><strong>est.</strong></span> <span class='ocrx_word' id='word_1_351' title='bbox 396 4326 460 4391; x_wconf 86' lang='lat' dir='ltr'><strong>Sed</strong></span> <span class='ocrx_word' id='word_1_352' title='bbox 491 4337 524 4391; x_wconf 89' lang='lat' dir='ltr'><strong>ct</strong></span> <span class='ocrx_word' id='word_1_353' title='bbox 554 4325 633 4391; x_wconf 91' lang='lat' dir='ltr'><strong>illud</strong></span> <span class='ocrx_word' id='word_1_354' title='bbox 666 4325 837 4410; x_wconf 84' lang='lat' dir='ltr'><strong>diligenter</strong></span> <span class='ocrx_word' id='word_1_355' title='bbox 873 4325 1092 4410; x_wconf 87' lang='lat' dir='ltr'><strong>quaerendum</strong></span> <span class='ocrx_word' id='word_1_356' title='bbox 1127 4335 1185 4406; x_wconf 89' lang='lat' dir='ltr'><strong>est,</strong></span> <span class='ocrx_word' id='word_1_357' title='bbox 1210 4330 1236 4390; x_wconf 89' lang='lat' dir='ltr'><strong>si</strong></span> <span class='ocrx_word' id='word_1_358' title='bbox 1261 4327 1339 4412; x_wconf 91' lang='lat' dir='ltr'><strong>quid</strong></span> <span class='ocrx_word' id='word_1_359' title='bbox 1363 4325 1445 4390; x_wconf 86' lang='lat' dir='ltr'><strong>malo</strong></span> <span class='ocrx_word' id='word_1_360' title='bbox 1471 4327 1511 4392; x_wconf 91' lang='lat' dir='ltr'><strong>de</strong></span> <span class='ocrx_word' id='word_1_361' title='bbox 1535 4327 1631 4392; x_wconf 89' lang='lat' dir='ltr'><strong>rebus</strong></span> <span class='ocrx_word' id='word_1_362' title='bbox 1656 4327 1847 4413; x_wconf 86' lang='lat' dir='ltr'><strong>dilapidauit</strong></span> 
     </span>
     <span class='ocr_line' id='line_1_33' title="bbox 160 4427 1847 4517; baseline 0 -21"><span class='ocrx_word' id='word_1_363' title='bbox 160 4432 330 4512; x_wconf 89' lang='lat' dir='ltr'><strong>ecclesiae,</strong></span> <span class='ocrx_word' id='word_1_364' title='bbox 356 4441 390 4495; x_wconf 90' lang='lat' dir='ltr'><strong>ut</strong></span> <span class='ocrx_word' id='word_1_365' title='bbox 413 4455 455 4495; x_wconf 87' lang='lat' dir='ltr'><strong>ex</strong></span> <span class='ocrx_word' id='word_1_366' title='bbox 479 4453 515 4495; x_wconf 92' lang='lat' dir='ltr'><strong>eo</strong></span> <span class='ocrx_word' id='word_1_367' title='bbox 539 4431 625 4517; x_wconf 92' lang='lat' dir='ltr'><strong>quod</strong></span> <span class='ocrx_word' id='word_1_368' title='bbox 649 4453 734 4495; x_wconf 90' lang='lat' dir='ltr'><strong>nunc</strong></span> <span class='ocrx_word' id='word_1_369' title='bbox 756 4429 897 4512; x_wconf 86' lang='lat' dir='ltr'><strong>abstulit,</strong></span> <span class='ocrx_word' id='word_1_370' title='bbox 923 4427 983 4494; x_wconf 91' lang='lat' dir='ltr'><strong>hoc</strong></span> <span class='ocrx_word' id='word_1_371' title='bbox 1006 4429 1182 4495; x_wconf 66' lang='lat' dir='ltr'><strong>reformare</strong></span> <span class='ocrx_word' id='word_1_372' title='bbox 1206 4453 1243 4495; x_wconf 88' lang='lat' dir='ltr'><strong>ac</strong></span> <span class='ocrx_word' id='word_1_373' title='bbox 1260 4431 1447 4496; x_wconf 87' lang='lat' dir='ltr'><strong>satisfacere</strong></span> <span class='ocrx_word' id='word_1_374' title='bbox 1467 4431 1571 4496; x_wconf 87' lang='lat' dir='ltr'><strong>modis</strong></span> <span class='ocrx_word' id='word_1_375' title='bbox 1588 4431 1737 4496; x_wconf 86' lang='lat' dir='ltr'><strong>omnibus</strong></span> <span class='ocrx_word' id='word_1_376' title='bbox 1761 4453 1847 4496; x_wconf 91' lang='lat' dir='ltr'><strong>com·</strong></span> 
     </span>
     <span class='ocr_line' id='line_1_34' title="bbox 161 4535 1847 4623; baseline 0.001 -23"><span class='ocrx_word' id='word_1_377' title='bbox 161 4536 309 4623; x_wconf 78' lang='lat' dir='ltr'><strong>pellatur.</strong></span> <span class='ocrx_word' id='word_1_378' title='bbox 334 4536 369 4602; x_wconf 85' lang='lat' dir='ltr'><strong>Si</strong></span> <span class='ocrx_word' id='word_1_379' title='bbox 393 4549 500 4600; x_wconf 88' lang='lat' dir='ltr'><strong>autem</strong></span> <span class='ocrx_word' id='word_1_380' title='bbox 524 4535 643 4600; x_wconf 89' lang='lat' dir='ltr'><strong>diferre</strong></span> <span class='ocrx_word' id='word_1_381' title='bbox 668 4537 848 4612; x_wconf 88' lang='lat' dir='ltr'><strong>tentauerit,</strong></span> <span class='ocrx_word' id='word_1_382' title='bbox 883 4557 1052 4621; x_wconf 89' lang='lat' dir='ltr'><strong>quousque</strong></span> <span class='ocrx_word' id='word_1_383' title='bbox 1076 4558 1171 4600; x_wconf 87' lang='lat' dir='ltr'><strong>omne</strong></span> <span class='ocrx_word' id='word_1_384' title='bbox 1188 4537 1273 4622; x_wconf 90' lang='lat' dir='ltr'><strong>quod</strong></span> <span class='ocrx_word' id='word_1_385' title='bbox 1299 4536 1497 4622; x_wconf 90' lang='lat' dir='ltr'><strong>dilapidauit,</strong></span> <span class='ocrx_word' id='word_1_386' title='bbox 1526 4535 1577 4600; x_wconf 87' lang='lat' dir='ltr'><strong>vel</strong></span> <span class='ocrx_word' id='word_1_387' title='bbox 1603 4535 1643 4601; x_wconf 91' lang='lat' dir='ltr'><strong>de</strong></span> <span class='ocrx_word' id='word_1_388' title='bbox 1667 4537 1847 4602; x_wconf 88' lang='lat' dir='ltr'><strong>substantia</strong></span> 
     </span>
     <span class='ocr_line' id='line_1_35' title="bbox 161 4639 1887 4728; baseline 0.001 -23"><span class='ocrx_word' id='word_1_389' title='bbox 161 4641 246 4722; x_wconf 88' lang='lat' dir='ltr'><strong>tulit,</strong></span> <span class='ocrx_word' id='word_1_390' title='bbox 270 4641 427 4706; x_wconf 88' lang='lat' dir='ltr'><strong>ecclesiae</strong></span> <span class='ocrx_word' id='word_1_391' title='bbox 448 4643 603 4723; x_wconf 87' lang='lat' dir='ltr'><strong>restituat,</strong></span> <span class='ocrx_word' id='word_1_392' title='bbox 637 4643 671 4705; x_wconf 90' lang='lat' dir='ltr'><strong>in</strong></span> <span class='ocrx_word' id='word_1_393' title='bbox 700 4643 927 4704; x_wconf 85' lang='lat' dir='ltr'><strong>monasterium</strong></span> <span class='ocrx_word' id='word_1_394' title='bbox 961 4639 1135 4705; x_wconf 88' lang='lat' dir='ltr'><strong>mittendus</strong></span> <span class='ocrx_word' id='word_1_395' title='bbox 1165 4652 1223 4720; x_wconf 91' lang='lat' dir='ltr'><strong>est,</strong></span> <span class='ocrx_word' id='word_1_396' title='bbox 1256 4651 1290 4704; x_wconf 92' lang='lat' dir='ltr'><strong>ut</strong></span> <span class='ocrx_word' id='word_1_397' title='bbox 1321 4641 1433 4706; x_wconf 89' lang='lat' dir='ltr'><strong>saltem</strong></span> <span class='ocrx_word' id='word_1_398' title='bbox 1467 4651 1598 4706; x_wconf 84' lang='lat' dir='ltr'><strong>coactus</strong></span> <span class='ocrx_word' id='word_1_399' title='bbox 1622 4641 1736 4706; x_wconf 87' lang='lat' dir='ltr'><strong>reddat</strong></span> <span class='ocrx_word' id='word_1_400' title='bbox 1760 4643 1846 4728; x_wconf 94' lang='lat' dir='ltr'><strong>quod</strong></span> <span class='ocrx_word' id='word_1_401' title='bbox 1875 4682 1887 4722; x_wconf 91' lang='lat'><strong>·.</strong></span> 
     </span>
     <span class='ocr_line' id='line_1_36' title="bbox 160 4744 1846 4831; baseline 0 -19"><span class='ocrx_word' id='word_1_402' title='bbox 160 4747 247 4812; x_wconf 89' lang='lat' dir='ltr'><strong>male</strong></span> <span class='ocrx_word' id='word_1_403' title='bbox 270 4745 398 4812; x_wconf 89' lang='lat' dir='ltr'><strong>auferre</strong></span> <span class='ocrx_word' id='word_1_404' title='bbox 421 4767 485 4811; x_wconf 86' lang='lat' dir='ltr'><strong>non</strong></span> <span class='ocrx_word' id='word_1_405' title='bbox 509 4747 624 4810; x_wconf 88' lang='lat' dir='ltr'><strong>timuit.</strong></span> <span class='ocrx_word' id='word_1_406' title='bbox 650 4744 714 4825; x_wconf 80' lang='lat' dir='ltr'><strong>Qui</strong></span> <span class='ocrx_word' id='word_1_407' title='bbox 739 4746 766 4808; x_wconf 91' lang='lat' dir='ltr'><strong>si</strong></span> <span class='ocrx_word' id='word_1_408' title='bbox 790 4744 882 4826; x_wconf 88' lang='lat' dir='ltr'><strong>forte,</strong></span> <span class='ocrx_word' id='word_1_409' title='bbox 916 4744 1002 4831; x_wconf 89' lang='lat' dir='ltr'><strong>quod</strong></span> <span class='ocrx_word' id='word_1_410' title='bbox 1033 4766 1096 4810; x_wconf 93' lang='lat' dir='ltr'><strong>non</strong></span> <span class='ocrx_word' id='word_1_411' title='bbox 1120 4745 1291 4828; x_wconf 86' lang='lat' dir='ltr'><strong>credimus,</strong></span> <span class='ocrx_word' id='word_1_412' title='bbox 1325 4757 1396 4831; x_wconf 90' lang='lat' dir='ltr'><strong>post</strong></span> <span class='ocrx_word' id='word_1_413' title='bbox 1429 4747 1662 4831; x_wconf 89' lang='lat' dir='ltr'><strong>depositionem</strong></span> <span class='ocrx_word' id='word_1_414' title='bbox 1685 4769 1775 4812; x_wconf 86' lang='lat' dir='ltr'><strong>suam</strong></span> <span class='ocrx_word' id='word_1_415' title='bbox 1799 4750 1846 4812; x_wconf 89' lang='lat' dir='ltr'><strong>in·</strong></span> 
     </span>
     <span class='ocr_line' id='line_1_37' title="bbox 160 4847 1847 4937; baseline 0 -21"><span class='ocrx_word' id='word_1_416' title='bbox 160 4853 347 4918; x_wconf 82' lang='lat' dir='ltr'><strong>verecunde</strong></span> <span class='ocrx_word' id='word_1_417' title='bbox 370 4873 409 4916; x_wconf 87' lang='lat' dir='ltr'><strong>ac</strong></span> <span class='ocrx_word' id='word_1_418' title='bbox 433 4861 539 4917; x_wconf 88' lang='lat' dir='ltr'><strong>mente</strong></span> <span class='ocrx_word' id='word_1_419' title='bbox 563 4872 716 4936; x_wconf 86' lang='lat' dir='ltr'><strong>perversa</strong></span> <span class='ocrx_word' id='word_1_420' title='bbox 739 4847 861 4935; x_wconf 90' lang='lat' dir='ltr'><strong>aliquid</strong></span> <span class='ocrx_word' id='word_1_421' title='bbox 885 4849 925 4915; x_wconf 91' lang='lat' dir='ltr'><strong>de</strong></span> <span class='ocrx_word' id='word_1_422' title='bbox 949 4853 1136 4936; x_wconf 87' lang='lat' dir='ltr'><strong>episcopatu</strong></span> <span class='ocrx_word' id='word_1_423' title='bbox 1160 4850 1257 4936; x_wconf 90' lang='lat' dir='ltr'><strong>loqui,</strong></span> <span class='ocrx_word' id='word_1_424' title='bbox 1281 4860 1390 4936; x_wconf 85' lang='lat' dir='ltr'><strong>atque</strong></span> <span class='ocrx_word' id='word_1_425' title='bbox 1421 4873 1533 4916; x_wconf 86' lang='lat' dir='ltr'><strong>rursus</strong></span> <span class='ocrx_word' id='word_1_426' title='bbox 1557 4852 1597 4916; x_wconf 88' lang='lat' dir='ltr'><strong>ad</strong></span> <span class='ocrx_word' id='word_1_427' title='bbox 1621 4852 1683 4916; x_wconf 91' lang='lat' dir='ltr'><strong>boc</strong></span> <span class='ocrx_word' id='word_1_428' title='bbox 1703 4851 1847 4937; x_wconf 89' lang='lat' dir='ltr'><strong>qualibet</strong></span> 
     </span>
     <span class='ocr_line' id='line_1_38' title="bbox 157 4955 1846 5048; baseline -0.001 -24"><span class='ocrx_word' id='word_1_429' title='bbox 157 4961 304 5048; x_wconf 87' lang='lat' dir='ltr'><strong>aspirare</strong></span> <span class='ocrx_word' id='word_1_430' title='bbox 316 4959 577 5045; x_wconf 88' lang='lat' dir='ltr'><strong>praesumptione</strong></span> <span class='ocrx_word' id='word_1_431' title='bbox 596 4957 776 5038; x_wconf 89' lang='lat' dir='ltr'><strong>tentauerit,</strong></span> <span class='ocrx_word' id='word_1_432' title='bbox 796 4955 1005 5022; x_wconf 88' lang='lat' dir='ltr'><strong>fraternitatis</strong></span> <span class='ocrx_word' id='word_1_433' title='bbox 1023 4967 1148 5021; x_wconf 86' lang='lat' dir='ltr'><strong>vestrae</strong></span> <span class='ocrx_word' id='word_1_434' title='bbox 1165 4979 1199 5020; x_wconf 86' lang='lat' dir='ltr'><strong>se</strong></span> <span class='ocrx_word' id='word_1_435' title='bbox 1216 4967 1326 5021; x_wconf 88' lang='lat' dir='ltr'><strong>contra</strong></span> <span class='ocrx_word' id='word_1_436' title='bbox 1343 4957 1581 5042; x_wconf 79' lang='lat' dir='ltr'><strong>improbitatem</strong></span> <span class='ocrx_word' id='word_1_437' title='bbox 1600 4959 1699 5042; x_wconf 88' lang='lat' dir='ltr'><strong>ipsius</strong></span> <span class='ocrx_word' id='word_1_438' title='bbox 1716 4958 1846 5022; x_wconf 88' lang='lat' dir='ltr'><strong>omnino</strong></span> 
     </span>
     <span class='ocr_line' id='line_1_39' title="bbox 159 5061 1846 5148; baseline -0.001 -20"><span class='ocrx_word' id='word_1_439' title='bbox 159 5065 255 5146; x_wconf 88' lang='lat' dir='ltr'><strong>vigor</strong></span> <span class='ocrx_word' id='word_1_440' title='bbox 270 5061 437 5144; x_wconf 85' lang='lat' dir='ltr'><strong>accendat,</strong></span> <span class='ocrx_word' id='word_1_441' title='bbox 450 5071 547 5148; x_wconf 88' lang='lat' dir='ltr'><strong>atque</strong></span> <span class='ocrx_word' id='word_1_442' title='bbox 570 5061 722 5126; x_wconf 89' lang='lat' dir='ltr'><strong>dominici</strong></span> <span class='ocrx_word' id='word_1_443' title='bbox 747 5062 890 5146; x_wconf 90' lang='lat' dir='ltr'><strong>corporis</strong></span> <span class='ocrx_word' id='word_1_444' title='bbox 910 5083 949 5126; x_wconf 87' lang='lat' dir='ltr'><strong>ac</strong></span> <span class='ocrx_word' id='word_1_445' title='bbox 981 5062 1148 5145; x_wconf 87' lang='lat' dir='ltr'><strong>sanguinis</strong></span> <span class='ocrx_word' id='word_1_446' title='bbox 1161 5063 1385 5148; x_wconf 86' lang='lat' dir='ltr'><strong>communione</strong></span> <span class='ocrx_word' id='word_1_447' title='bbox 1399 5065 1558 5148; x_wconf 87' lang='lat' dir='ltr'><strong>priuatum</strong></span> <span class='ocrx_word' id='word_1_448' title='bbox 1572 5063 1603 5125; x_wconf 93' lang='lat' dir='ltr'><strong>in</strong></span> <span class='ocrx_word' id='word_1_449' title='bbox 1618 5065 1846 5128; x_wconf 87' lang='lat' dir='ltr'><strong>monasterium</strong></span> 
     </span>
     <span class='ocr_line' id='line_1_40' title="bbox 160 5165 1847 5254; baseline 0 -22"><span class='ocrx_word' id='word_1_450' title='bbox 160 5189 237 5233; x_wconf 88' lang='lat' dir='ltr'><strong>eum</strong></span> <span class='ocrx_word' id='word_1_451' title='bbox 267 5189 370 5254; x_wconf 85' lang='lat' dir='ltr'><strong>usque</strong></span> <span class='ocrx_word' id='word_1_452' title='bbox 399 5166 441 5232; x_wconf 92' lang='lat' dir='ltr'><strong>ad</strong></span> <span class='ocrx_word' id='word_1_453' title='bbox 472 5165 558 5232; x_wconf 89' lang='lat' dir='ltr'><strong>diem</strong></span> <span class='ocrx_word' id='word_1_454' title='bbox 593 5167 700 5231; x_wconf 89' lang='lat' dir='ltr'><strong>obitus</strong></span> <span class='ocrx_word' id='word_1_455' title='bbox 732 5168 789 5230; x_wconf 84' lang='lat' dir='ltr'><strong>sui</strong></span> <span class='ocrx_word' id='word_1_456' title='bbox 813 5166 854 5231; x_wconf 90' lang='lat' dir='ltr'><strong>ad</strong></span> <span class='ocrx_word' id='word_1_457' title='bbox 885 5165 1152 5250; x_wconf 86' lang='lat' dir='ltr'><strong>agendamcaret</strong></span> <span class='ocrx_word' id='word_1_458' title='bbox 1174 5170 1401 5252; x_wconf 88' lang='lat' dir='ltr'><strong>poenitentiam</strong></span> <span class='ocrx_word' id='word_1_459' title='bbox 1425 5167 1664 5249; x_wconf 88' lang='lat' dir='ltr'><strong>retrudendum,</strong></span> <span class='ocrx_word' id='word_1_460' title='bbox 1689 5175 1847 5252; x_wconf 84' lang='lat' dir='ltr'><strong>quatenus</strong></span> 
     </span>
     <span class='ocr_line' id='line_1_41' title="bbox 160 5269 1846 5360; baseline -0.001 -23"><span class='ocrx_word' id='word_1_461' title='bbox 160 5275 337 5360; x_wconf 89' lang='lat' dir='ltr'><strong>perpetrati</strong></span> <span class='ocrx_word' id='word_1_462' title='bbox 363 5271 496 5337; x_wconf 88' lang='lat' dir='ltr'><strong>sceleris</strong></span> <span class='ocrx_word' id='word_1_463' title='bbox 513 5271 655 5336; x_wconf 85' lang='lat' dir='ltr'><strong>maculas</strong></span> <span class='ocrx_word' id='word_1_464' title='bbox 672 5270 779 5356; x_wconf 90' lang='lat' dir='ltr'><strong>dignis</strong></span> <span class='ocrx_word' id='word_1_465' title='bbox 795 5269 899 5336; x_wconf 87' lang='lat' dir='ltr'><strong>discat</strong></span> <span class='ocrx_word' id='word_1_466' title='bbox 913 5269 1043 5336; x_wconf 88' lang='lat' dir='ltr'><strong>fletibus</strong></span> <span class='ocrx_word' id='word_1_467' title='bbox 1067 5271 1251 5353; x_wconf 82' lang='lat' dir='ltr'><strong>emundare,</strong></span> <span class='ocrx_word' id='word_1_468' title='bbox 1275 5294 1355 5356; x_wconf 84' lang='lat' dir='ltr'><strong>quas</strong></span> <span class='ocrx_word' id='word_1_469' title='bbox 1381 5273 1484 5356; x_wconf 86' lang='lat' dir='ltr'><strong>magis</strong></span> <span class='ocrx_word' id='word_1_470' title='bbox 1511 5275 1542 5335; x_wconf 91' lang='lat' dir='ltr'><strong>in</strong></span> <span class='ocrx_word' id='word_1_471' title='bbox 1567 5272 1695 5335; x_wconf 88' lang='lat' dir='ltr'><strong>interitu</strong></span> <span class='ocrx_word' id='word_1_472' title='bbox 1719 5273 1846 5336; x_wconf 86' lang='lat' dir='ltr'><strong>animae</strong></span> 
     </span>
    </p>
   </div>
   <div class='ocr_carea' id='block_1_10' title="bbox 158 5369 1845 5544">
    <p class='ocr_par' dir='ltr' id='par_1_10' title="bbox 158 5369 1845 5544">
     <span class='ocr_line' id='line_1_42' title="bbox 158 5369 1845 5465; baseline -0.002 -23"><span class='ocrx_word' id='word_1_473' title='bbox 158 5401 238 5443; x_wconf 89' lang='lat' dir='ltr'><strong>snae</strong></span> <span class='ocrx_word' id='word_1_474' title='bbox 255 5381 403 5465; x_wconf 88' lang='lat' dir='ltr'><strong>nequiter</strong></span> <span class='ocrx_word' id='word_1_475' title='bbox 418 5399 538 5462; x_wconf 84' lang='lat' dir='ltr'><strong>augere</strong></span> <span class='ocrx_word' id='word_1_476' title='bbox 553 5378 725 5444; x_wconf 86' lang='lat' dir='ltr'><strong>desiderat.</strong></span> <span class='ocrx_word' id='word_1_477' title='bbox 751 5376 996 5464; x_wconf 74' lang='lat' dir='ltr'><strong>suprascriptus</strong></span> <span class='ocrx_word' id='word_1_478' title='bbox 1019 5369 1126 5441; x_wconf 80' lang='lat' dir='ltr'><strong>autem</strong></span> <span class='ocrx_word' id='word_1_479' title='bbox 1146 5376 1374 5441; x_wconf 84' lang='lat' dir='ltr'><strong>dilectissimus</strong></span> <span class='ocrx_word' id='word_1_480' title='bbox 1397 5376 1497 5441; x_wconf 89' lang='lat' dir='ltr'><strong>frater</strong></span> <span class='ocrx_word' id='word_1_481' title='bbox 1519 5385 1628 5440; x_wconf 88' lang='lat' dir='ltr'><strong>noster</strong></span> <span class='ocrx_word' id='word_1_482' title='bbox 1651 5374 1845 5440; x_wconf 87' lang='lat' dir='ltr'><strong>Neemesion</strong></span> 
     </span>
     <span class='ocr_line' id='line_1_43' title="bbox 1721 5481 1741 5544; baseline 0 0"><span class='ocrx_word' id='word_1_483' title='bbox 1721 5481 1741 5544; x_wconf 89' lang='lat'><strong>3</strong></span> 
     </span>
    </p>
   </div>
   <div class='ocr_carea' id='block_1_11' title="bbox 0 0 2180 5930">
    <p class='ocr_par' dir='ltr' id='par_1_11' title="bbox 0 0 2180 5930">
     <span class='ocr_line' id='line_1_44' title="bbox 0 0 2180 5930; baseline 0 0"><span class='ocrx_word' id='word_1_484' title='bbox 0 0 2180 5930; x_wconf 95' lang='lat' dir='ltr'><strong> </strong></span> 
     </span>
    </p>
   </div>
  </div>
 </body>
</html>
