<?xml version="1.0" encoding="UTF-8"?>
<!DOCTYPE html PUBLIC "-//W3C//DTD XHTML 1.0 Transitional//EN"
    "http://www.w3.org/TR/xhtml1/DTD/xhtml1-transitional.dtd">
<html xmlns="http://www.w3.org/1999/xhtml" xml:lang="en" lang="en">
 <head>
  <title>
</title>
<meta http-equiv="Content-Type" content="text/html;charset=utf-8" />
  <meta name='ocr-system' content='tesseract 3.04.00' />
  <meta name='ocr-capabilities' content='ocr_page ocr_carea ocr_par ocr_line ocrx_word'/>
</head>
<body>
  <div class='ocr_page' id='page_1' title='image "./codexdiplomatic00unkngoog_0078.png"; bbox 0 0 4350 5932; ppageno 0'>
   <div class='ocr_carea' id='block_1_1' title="bbox 187 361 485 482">
    <p class='ocr_par' dir='ltr' id='par_1_1' title="bbox 187 361 485 482">
     <span class='ocr_line' id='line_1_1' title="bbox 187 361 485 482; baseline -0.007 -4"><span class='ocrx_word' id='word_1_1' title='bbox 187 361 237 374; x_wconf 5' lang='grc' dir='ltr'><strong>’Ὺ</strong></span> <span class='ocrx_word' id='word_1_2' title='bbox 325 413 368 478; x_wconf 86' lang='lat' dir='ltr'><strong>aa</strong></span> <span class='ocrx_word' id='word_1_3' title='bbox 460 469 485 482; x_wconf 88' lang='grc'><strong>,.</strong></span> 
     </span>
    </p>
   </div>
   <div class='ocr_carea' id='block_1_2' title="bbox 315 603 2002 1216">
    <p class='ocr_par' dir='ltr' id='par_1_2' title="bbox 315 603 2002 1216">
     <span class='ocr_line' id='line_1_2' title="bbox 315 603 2000 690; baseline 0 -22"><span class='ocrx_word' id='word_1_4' title='bbox 315 603 431 690; x_wconf 89' lang='lat' dir='ltr'><strong>Ypato.</strong></span> <span class='ocrx_word' id='word_1_5' title='bbox 458 604 537 668; x_wconf 90' lang='lat' dir='ltr'><strong>Item</strong></span> <span class='ocrx_word' id='word_1_6' title='bbox 562 605 807 689; x_wconf 89' lang='lat' dir='ltr'><strong>possessionem,</strong></span> <span class='ocrx_word' id='word_1_7' title='bbox 824 627 920 690; x_wconf 90' lang='lat' dir='ltr'><strong>quam</strong></span> <span class='ocrx_word' id='word_1_8' title='bbox 938 615 1024 670; x_wconf 88' lang='lat' dir='ltr'><strong>tenet</strong></span> <span class='ocrx_word' id='word_1_9' title='bbox 1040 607 1071 668; x_wconf 89' lang='lat' dir='ltr'><strong>in</strong></span> <span class='ocrx_word' id='word_1_10' title='bbox 1096 604 1246 670; x_wconf 86' lang='lat' dir='ltr'><strong>Priatello</strong></span> <span class='ocrx_word' id='word_1_11' title='bbox 1271 627 1341 668; x_wconf 90' lang='lat' dir='ltr'><strong>cum</strong></span> <span class='ocrx_word' id='word_1_12' title='bbox 1374 607 1477 685; x_wconf 87' lang='lat' dir='ltr'><strong>terris,</strong></span> <span class='ocrx_word' id='word_1_13' title='bbox 1496 607 1608 684; x_wconf 89' lang='lat' dir='ltr'><strong>vineis,</strong></span> <span class='ocrx_word' id='word_1_14' title='bbox 1639 616 1671 668; x_wconf 90' lang='lat' dir='ltr'><strong>et</strong></span> <span class='ocrx_word' id='word_1_15' title='bbox 1695 604 1830 686; x_wconf 88' lang='lat' dir='ltr'><strong>oliuetis,</strong></span> <span class='ocrx_word' id='word_1_16' title='bbox 1856 615 1888 668; x_wconf 84' lang='lat' dir='ltr'><strong>et</strong></span> <span class='ocrx_word' id='word_1_17' title='bbox 1912 604 2000 688; x_wconf 88' lang='lat' dir='ltr'><strong>plura</strong></span> 
     </span>
     <span class='ocr_line' id='line_1_3' title="bbox 316 708 2002 795; baseline -0.001 -21"><span class='ocrx_word' id='word_1_18' title='bbox 316 708 380 774; x_wconf 88' lang='lat' dir='ltr'><strong>alia</strong></span> <span class='ocrx_word' id='word_1_19' title='bbox 403 708 483 774; x_wconf 88' lang='lat' dir='ltr'><strong>loca.</strong></span> <span class='ocrx_word' id='word_1_20' title='bbox 505 710 543 773; x_wconf 95' lang='lat' dir='ltr'><strong>In</strong></span> <span class='ocrx_word' id='word_1_21' title='bbox 575 709 667 773; x_wconf 91' lang='lat' dir='ltr'><strong>Noua</strong></span> <span class='ocrx_word' id='word_1_22' title='bbox 692 712 824 774; x_wconf 91' lang='lat' dir='ltr'><strong>ciuitate</strong></span> <span class='ocrx_word' id='word_1_23' title='bbox 859 710 956 775; x_wconf 87' lang='lat' dir='ltr'><strong>habet</strong></span> <span class='ocrx_word' id='word_1_24' title='bbox 987 711 1065 774; x_wconf 88' lang='lat' dir='ltr'><strong>fisco</strong></span> <span class='ocrx_word' id='word_1_25' title='bbox 1090 710 1228 795; x_wconf 89' lang='lat' dir='ltr'><strong>publico,</strong></span> <span class='ocrx_word' id='word_1_26' title='bbox 1263 710 1317 774; x_wconf 89' lang='lat' dir='ltr'><strong>ubi</strong></span> <span class='ocrx_word' id='word_1_27' title='bbox 1350 719 1540 789; x_wconf 88' lang='lat' dir='ltr'><strong>commanet,</strong></span> <span class='ocrx_word' id='word_1_28' title='bbox 1576 712 1661 772; x_wconf 89' lang='lat' dir='ltr'><strong>intus</strong></span> <span class='ocrx_word' id='word_1_29' title='bbox 1697 719 1728 772; x_wconf 91' lang='lat' dir='ltr'><strong>et</strong></span> <span class='ocrx_word' id='word_1_30' title='bbox 1762 708 1847 772; x_wconf 87' lang='lat' dir='ltr'><strong>foras</strong></span> <span class='ocrx_word' id='word_1_31' title='bbox 1883 710 2002 772; x_wconf 86' lang='lat' dir='ltr'><strong>ciuitati</strong></span> 
     </span>
     <span class='ocr_line' id='line_1_4' title="bbox 315 813 1999 900; baseline -0.001 -22"><span class='ocrx_word' id='word_1_32' title='bbox 315 813 452 900; x_wconf 90' lang='lat' dir='ltr'><strong>amplius</strong></span> <span class='ocrx_word' id='word_1_33' title='bbox 476 836 571 899; x_wconf 89' lang='lat' dir='ltr'><strong>quam</strong></span> <span class='ocrx_word' id='word_1_34' title='bbox 596 813 677 878; x_wconf 90' lang='lat' dir='ltr'><strong>duos</strong></span> <span class='ocrx_word' id='word_1_35' title='bbox 709 826 835 879; x_wconf 89' lang='lat' dir='ltr'><strong>centum</strong></span> <span class='ocrx_word' id='word_1_36' title='bbox 869 814 1020 897; x_wconf 90' lang='lat' dir='ltr'><strong>colonos,</strong></span> <span class='ocrx_word' id='word_1_37' title='bbox 1053 837 1110 900; x_wconf 87' lang='lat' dir='ltr'><strong>per</strong></span> <span class='ocrx_word' id='word_1_38' title='bbox 1147 815 1263 878; x_wconf 92' lang='lat' dir='ltr'><strong>bonum</strong></span> <span class='ocrx_word' id='word_1_39' title='bbox 1299 824 1425 899; x_wconf 88' lang='lat' dir='ltr'><strong>tempus</strong></span> <span class='ocrx_word' id='word_1_40' title='bbox 1456 814 1595 878; x_wconf 88' lang='lat' dir='ltr'><strong>reddunt</strong></span> <span class='ocrx_word' id='word_1_41' title='bbox 1630 813 1700 877; x_wconf 92' lang='lat' dir='ltr'><strong>oleo</strong></span> <span class='ocrx_word' id='word_1_42' title='bbox 1735 813 1873 898; x_wconf 90' lang='lat' dir='ltr'><strong>amplius</strong></span> <span class='ocrx_word' id='word_1_43' title='bbox 1904 835 1999 898; x_wconf 83' lang='lat' dir='ltr'><strong>quam</strong></span> 
     </span>
     <span class='ocr_line' id='line_1_5' title="bbox 315 917 2002 1006; baseline -0.002 -23"><span class='ocrx_word' id='word_1_44' title='bbox 315 929 443 984; x_wconf 87' lang='lat' dir='ltr'><strong>eentum</strong></span> <span class='ocrx_word' id='word_1_45' title='bbox 475 919 598 1001; x_wconf 87' lang='lat' dir='ltr'><strong>modia,</strong></span> <span class='ocrx_word' id='word_1_46' title='bbox 633 921 709 983; x_wconf 82' lang='lat' dir='ltr'><strong>vino</strong></span> <span class='ocrx_word' id='word_1_47' title='bbox 741 923 843 1004; x_wconf 89' lang='lat' dir='ltr'><strong>magis</strong></span> <span class='ocrx_word' id='word_1_48' title='bbox 877 943 971 1006; x_wconf 88' lang='lat' dir='ltr'><strong>quam</strong></span> <span class='ocrx_word' id='word_1_49' title='bbox 1005 920 1176 1005; x_wconf 77' lang='lat' dir='ltr'><strong>amphoras</strong></span> <span class='ocrx_word' id='word_1_50' title='bbox 1214 919 1425 996; x_wconf 86' lang='lat' dir='ltr'><strong>duocentnm,</strong></span> <span class='ocrx_word' id='word_1_51' title='bbox 1464 917 1598 982; x_wconf 89' lang='lat' dir='ltr'><strong>alnonas</strong></span> <span class='ocrx_word' id='word_1_52' title='bbox 1637 941 1694 982; x_wconf 92' lang='lat' dir='ltr'><strong>seu</strong></span> <span class='ocrx_word' id='word_1_53' title='bbox 1732 930 1900 982; x_wconf 79' lang='lat' dir='ltr'><strong>castaneas</strong></span> <span class='ocrx_word' id='word_1_54' title='bbox 1940 917 2002 982; x_wconf 86' lang='lat' dir='ltr'><strong>suf-</strong></span> 
     </span>
     <span class='ocr_line' id='line_1_6' title="bbox 316 1023 2000 1110; baseline -0.002 -21"><span class='ocrx_word' id='word_1_55' title='bbox 316 1024 471 1106; x_wconf 87' lang='lat' dir='ltr'><strong>ficienter,</strong></span> <span class='ocrx_word' id='word_1_56' title='bbox 496 1025 689 1110; x_wconf 81' lang='lat' dir='ltr'><strong>piscationes</strong></span> <span class='ocrx_word' id='word_1_57' title='bbox 713 1048 790 1088; x_wconf 90' lang='lat' dir='ltr'><strong>vero</strong></span> <span class='ocrx_word' id='word_1_58' title='bbox 816 1024 921 1106; x_wconf 88' lang='lat' dir='ltr'><strong>habet,</strong></span> <span class='ocrx_word' id='word_1_59' title='bbox 943 1024 1027 1088; x_wconf 85' lang='lat' dir='ltr'><strong>unde</strong></span> <span class='ocrx_word' id='word_1_60' title='bbox 1044 1025 1091 1087; x_wconf 90' lang='lat' dir='ltr'><strong>illi</strong></span> <span class='ocrx_word' id='word_1_61' title='bbox 1109 1027 1243 1087; x_wconf 86' lang='lat' dir='ltr'><strong>veniunt</strong></span> <span class='ocrx_word' id='word_1_62' title='bbox 1259 1045 1316 1108; x_wconf 87' lang='lat' dir='ltr'><strong>per</strong></span> <span class='ocrx_word' id='word_1_63' title='bbox 1339 1045 1459 1087; x_wconf 90' lang='lat' dir='ltr'><strong>annum</strong></span> <span class='ocrx_word' id='word_1_64' title='bbox 1482 1023 1621 1108; x_wconf 89' lang='lat' dir='ltr'><strong>amplius</strong></span> <span class='ocrx_word' id='word_1_65' title='bbox 1646 1045 1743 1108; x_wconf 89' lang='lat' dir='ltr'><strong>quam</strong></span> <span class='ocrx_word' id='word_1_66' title='bbox 1768 1025 2000 1108; x_wconf 80' lang='lat' dir='ltr'><strong>quinquaginta</strong></span> 
     </span>
     <span class='ocr_line' id='line_1_7' title="bbox 315 1127 1998 1216; baseline -0.001 -22"><span class='ocrx_word' id='word_1_67' title='bbox 315 1129 406 1194; x_wconf 91' lang='lat' dir='ltr'><strong>solidi</strong></span> <span class='ocrx_word' id='word_1_68' title='bbox 433 1131 576 1194; x_wconf 90' lang='lat' dir='ltr'><strong>mancosi</strong></span> <span class='ocrx_word' id='word_1_69' title='bbox 600 1129 723 1216; x_wconf 86' lang='lat' dir='ltr'><strong>absque</strong></span> <span class='ocrx_word' id='word_1_70' title='bbox 747 1153 805 1193; x_wconf 89' lang='lat' dir='ltr'><strong>sua</strong></span> <span class='ocrx_word' id='word_1_71' title='bbox 829 1153 938 1194; x_wconf 88' lang='lat' dir='ltr'><strong>measa</strong></span> <span class='ocrx_word' id='word_1_72' title='bbox 970 1130 1010 1193; x_wconf 90' lang='lat' dir='ltr'><strong>ad</strong></span> <span class='ocrx_word' id='word_1_73' title='bbox 1036 1133 1235 1195; x_wconf 88' lang='lat' dir='ltr'><strong>sacietatem.</strong></span> <span class='ocrx_word' id='word_1_74' title='bbox 1260 1127 1379 1193; x_wconf 90' lang='lat' dir='ltr'><strong>Omnia</strong></span> <span class='ocrx_word' id='word_1_75' title='bbox 1401 1131 1462 1191; x_wconf 89' lang='lat' dir='ltr'><strong>ista</strong></span> <span class='ocrx_word' id='word_1_76' title='bbox 1485 1128 1553 1192; x_wconf 86' lang='lat' dir='ltr'><strong>dux</strong></span> <span class='ocrx_word' id='word_1_77' title='bbox 1577 1129 1617 1192; x_wconf 91' lang='lat' dir='ltr'><strong>ad</strong></span> <span class='ocrx_word' id='word_1_78' title='bbox 1635 1151 1724 1192; x_wconf 90' lang='lat' dir='ltr'><strong>suam</strong></span> <span class='ocrx_word' id='word_1_79' title='bbox 1750 1136 1837 1194; x_wconf 84' lang='lat' dir='ltr'><strong>tenet</strong></span> <span class='ocrx_word' id='word_1_80' title='bbox 1861 1151 1998 1207; x_wconf 89' lang='lat' dir='ltr'><strong>manum,</strong></span> 
     </span>
    </p>
   </div>
   <div class='ocr_carea' id='block_1_3' title="bbox 316 1232 2052 1322">
    <p class='ocr_par' dir='ltr' id='par_1_3' title="bbox 316 1232 2052 1322">
     <span class='ocr_line' id='line_1_8' title="bbox 316 1232 2052 1322; baseline -0.002 -22"><span class='ocrx_word' id='word_1_81' title='bbox 316 1236 461 1320; x_wconf 86' lang='lat' dir='ltr'><strong>exceptis</strong></span> <span class='ocrx_word' id='word_1_82' title='bbox 483 1234 546 1298; x_wconf 89' lang='lat' dir='ltr'><strong>illis</strong></span> <span class='ocrx_word' id='word_1_83' title='bbox 565 1235 631 1302; x_wconf 81' lang='lat'><strong>344</strong></span> <span class='ocrx_word' id='word_1_84' title='bbox 655 1234 766 1298; x_wconf 89' lang='lat' dir='ltr'><strong>solidis</strong></span> <span class='ocrx_word' id='word_1_85' title='bbox 790 1237 874 1300; x_wconf 91' lang='lat' dir='ltr'><strong>sicut</strong></span> <span class='ocrx_word' id='word_1_86' title='bbox 897 1258 995 1320; x_wconf 88' lang='lat' dir='ltr'><strong>supra</strong></span> <span class='ocrx_word' id='word_1_87' title='bbox 1030 1237 1185 1320; x_wconf 89' lang='lat' dir='ltr'><strong>scriptum</strong></span> <span class='ocrx_word' id='word_1_88' title='bbox 1210 1245 1267 1314; x_wconf 89' lang='lat' dir='ltr'><strong>est,</strong></span> <span class='ocrx_word' id='word_1_89' title='bbox 1292 1232 1377 1319; x_wconf 90' lang='lat' dir='ltr'><strong>quod</strong></span> <span class='ocrx_word' id='word_1_90' title='bbox 1403 1235 1433 1295; x_wconf 93' lang='lat' dir='ltr'><strong>in</strong></span> <span class='ocrx_word' id='word_1_91' title='bbox 1459 1233 1578 1318; x_wconf 89' lang='lat' dir='ltr'><strong>palatio</strong></span> <span class='ocrx_word' id='word_1_92' title='bbox 1603 1233 1725 1296; x_wconf 83' lang='lat' dir='ltr'><strong>debent</strong></span> <span class='ocrx_word' id='word_1_93' title='bbox 1748 1232 1926 1297; x_wconf 88' lang='lat' dir='ltr'><strong>ambulare.</strong></span> <span class='ocrx_word' id='word_1_94' title='bbox 1952 1233 2000 1298; x_wconf 89' lang='lat' dir='ltr'><strong>De</strong></span> <span class='ocrx_word' id='word_1_95' title='bbox 2050 1319 2052 1322; x_wconf 16' lang='grc' dir='ltr'>Ι</span> 
     </span>
    </p>
   </div>
   <div class='ocr_carea' id='block_1_4' title="bbox 312 1337 2001 3000">
    <p class='ocr_par' dir='ltr' id='par_1_4' title="bbox 312 1337 2001 3000">
     <span class='ocr_line' id='line_1_9' title="bbox 314 1337 1999 1426; baseline -0.001 -23"><span class='ocrx_word' id='word_1_96' title='bbox 314 1339 424 1423; x_wconf 87' lang='lat' dir='ltr'><strong>forcia,</strong></span> <span class='ocrx_word' id='word_1_97' title='bbox 449 1340 533 1404; x_wconf 89' lang='lat' dir='ltr'><strong>uude</strong></span> <span class='ocrx_word' id='word_1_98' title='bbox 558 1363 616 1405; x_wconf 89' lang='lat' dir='ltr'><strong>nos</strong></span> <span class='ocrx_word' id='word_1_99' title='bbox 639 1342 871 1423; x_wconf 82' lang='lat' dir='ltr'><strong>interrogastis,</strong></span> <span class='ocrx_word' id='word_1_100' title='bbox 906 1363 986 1426; x_wconf 87' lang='lat' dir='ltr'><strong>quas</strong></span> <span class='ocrx_word' id='word_1_101' title='bbox 1010 1340 1152 1404; x_wconf 89' lang='lat' dir='ltr'><strong>Joannes</strong></span> <span class='ocrx_word' id='word_1_102' title='bbox 1178 1339 1246 1402; x_wconf 81' lang='lat' dir='ltr'><strong>dux</strong></span> <span class='ocrx_word' id='word_1_103' title='bbox 1279 1339 1371 1402; x_wconf 91' lang='lat' dir='ltr'><strong>nobis</strong></span> <span class='ocrx_word' id='word_1_104' title='bbox 1388 1338 1472 1410; x_wconf 84' lang='lat' dir='ltr'><strong>fecit,</strong></span> <span class='ocrx_word' id='word_1_105' title='bbox 1489 1339 1575 1424; x_wconf 91' lang='lat' dir='ltr'><strong>quod</strong></span> <span class='ocrx_word' id='word_1_106' title='bbox 1601 1339 1731 1418; x_wconf 90' lang='lat' dir='ltr'><strong>scimus,</strong></span> <span class='ocrx_word' id='word_1_107' title='bbox 1756 1337 1894 1402; x_wconf 83' lang='lat' dir='ltr'><strong>dicimus</strong></span> <span class='ocrx_word' id='word_1_108' title='bbox 1918 1339 1999 1402; x_wconf 88' lang='lat' dir='ltr'><strong>veri·</strong></span> 
     </span>
     <span class='ocr_line' id='line_1_10' title="bbox 315 1443 1998 1531; baseline -0.001 -22"><span class='ocrx_word' id='word_1_109' title='bbox 315 1453 424 1509; x_wconf 85' lang='lat' dir='ltr'><strong>tatem.</strong></span> <span class='ocrx_word' id='word_1_110' title='bbox 457 1445 482 1510; x_wconf 92' lang='lat' dir='ltr'><strong>I.</strong></span> <span class='ocrx_word' id='word_1_111' title='bbox 516 1444 676 1531; x_wconf 81' lang='lat' dir='ltr'><strong>Capitale.</strong></span> <span class='ocrx_word' id='word_1_112' title='bbox 708 1444 797 1508; x_wconf 83' lang='lat' dir='ltr'><strong>Tulit</strong></span> <span class='ocrx_word' id='word_1_113' title='bbox 826 1455 952 1509; x_wconf 88' lang='lat' dir='ltr'><strong>nostras</strong></span> <span class='ocrx_word' id='word_1_114' title='bbox 985 1444 1100 1524; x_wconf 89' lang='lat' dir='ltr'><strong>siluas,</strong></span> <span class='ocrx_word' id='word_1_115' title='bbox 1135 1443 1221 1508; x_wconf 92' lang='lat' dir='ltr'><strong>unde</strong></span> <span class='ocrx_word' id='word_1_116' title='bbox 1247 1445 1346 1508; x_wconf 87' lang='lat' dir='ltr'><strong>nostri</strong></span> <span class='ocrx_word' id='word_1_117' title='bbox 1378 1455 1526 1529; x_wconf 89' lang='lat' dir='ltr'><strong>parentes</strong></span> <span class='ocrx_word' id='word_1_118' title='bbox 1561 1443 1736 1526; x_wconf 88' lang='lat' dir='ltr'><strong>herbatico,</strong></span> <span class='ocrx_word' id='word_1_119' title='bbox 1762 1453 1793 1507; x_wconf 90' lang='lat' dir='ltr'><strong>et</strong></span> <span class='ocrx_word' id='word_1_120' title='bbox 1816 1443 1998 1527; x_wconf 79' lang='lat' dir='ltr'><strong>glandatico</strong></span> 
     </span>
     <span class='ocr_line' id='line_1_11' title="bbox 316 1547 1999 1633; baseline -0.004 -18"><span class='ocrx_word' id='word_1_121' title='bbox 316 1547 489 1628; x_wconf 80' lang='lat' dir='ltr'><strong>tollebant3</strong></span> <span class='ocrx_word' id='word_1_122' title='bbox 515 1552 590 1614; x_wconf 88' lang='lat' dir='ltr'><strong>item</strong></span> <span class='ocrx_word' id='word_1_123' title='bbox 615 1549 688 1614; x_wconf 91' lang='lat' dir='ltr'><strong>tulit</strong></span> <span class='ocrx_word' id='word_1_124' title='bbox 712 1550 805 1614; x_wconf 91' lang='lat' dir='ltr'><strong>nobis</strong></span> <span class='ocrx_word' id='word_1_125' title='bbox 830 1549 935 1613; x_wconf 87' lang='lat' dir='ltr'><strong>casale</strong></span> <span class='ocrx_word' id='word_1_126' title='bbox 960 1549 1122 1629; x_wconf 87' lang='lat' dir='ltr'><strong>inferiore,</strong></span> <span class='ocrx_word' id='word_1_127' title='bbox 1141 1548 1225 1612; x_wconf 87' lang='lat' dir='ltr'><strong>unde</strong></span> <span class='ocrx_word' id='word_1_128' title='bbox 1244 1558 1393 1633; x_wconf 86' lang='lat' dir='ltr'><strong>parentes</strong></span> <span class='ocrx_word' id='word_1_129' title='bbox 1418 1550 1527 1631; x_wconf 87' lang='lat' dir='ltr'><strong>nostri,</strong></span> <span class='ocrx_word' id='word_1_130' title='bbox 1553 1557 1588 1612; x_wconf 92' lang='lat' dir='ltr'><strong>ut</strong></span> <span class='ocrx_word' id='word_1_131' title='bbox 1612 1571 1711 1633; x_wconf 90' lang='lat' dir='ltr'><strong>supra</strong></span> <span class='ocrx_word' id='word_1_132' title='bbox 1735 1549 1888 1629; x_wconf 82' lang='lat' dir='ltr'><strong>diximus,</strong></span> <span class='ocrx_word' id='word_1_133' title='bbox 1915 1549 1999 1610; x_wconf 90' lang='lat' dir='ltr'><strong>simi-</strong></span> 
     </span>
     <span class='ocr_line' id='line_1_12' title="bbox 318 1653 1999 1738; baseline -0.002 -18"><span class='ocrx_word' id='word_1_134' title='bbox 318 1654 391 1720; x_wconf 87' lang='lat' dir='ltr'><strong>liter</strong></span> <span class='ocrx_word' id='word_1_135' title='bbox 421 1654 586 1720; x_wconf 87' lang='lat' dir='ltr'><strong>tollebant.</strong></span> <span class='ocrx_word' id='word_1_136' title='bbox 619 1656 716 1720; x_wconf 88' lang='lat' dir='ltr'><strong>Modo</strong></span> <span class='ocrx_word' id='word_1_137' title='bbox 748 1655 938 1720; x_wconf 85' lang='lat' dir='ltr'><strong>contradicit</strong></span> <span class='ocrx_word' id='word_1_138' title='bbox 968 1655 1061 1720; x_wconf 89' lang='lat' dir='ltr'><strong>nobis</strong></span> <span class='ocrx_word' id='word_1_139' title='bbox 1093 1655 1246 1718; x_wconf 89' lang='lat' dir='ltr'><strong>Joannos.</strong></span> <span class='ocrx_word' id='word_1_140' title='bbox 1281 1653 1418 1738; x_wconf 83' lang='lat' dir='ltr'><strong>Insuper</strong></span> <span class='ocrx_word' id='word_1_141' title='bbox 1442 1653 1576 1718; x_wconf 87' lang='lat' dir='ltr'><strong>Sclauos</strong></span> <span class='ocrx_word' id='word_1_142' title='bbox 1611 1675 1707 1738; x_wconf 89' lang='lat' dir='ltr'><strong>super</strong></span> <span class='ocrx_word' id='word_1_143' title='bbox 1739 1663 1840 1718; x_wconf 89' lang='lat' dir='ltr'><strong>terras</strong></span> <span class='ocrx_word' id='word_1_144' title='bbox 1873 1666 1999 1716; x_wconf 87' lang='lat' dir='ltr'><strong>nostras</strong></span> 
     </span>
     <span class='ocr_line' id='line_1_13' title="bbox 315 1758 2001 1846; baseline 0 -24"><span class='ocrx_word' id='word_1_145' title='bbox 315 1762 431 1846; x_wconf 87' lang='lat' dir='ltr'><strong>posuit,</strong></span> <span class='ocrx_word' id='word_1_146' title='bbox 458 1761 518 1844; x_wconf 90' lang='lat' dir='ltr'><strong>ipsi</strong></span> <span class='ocrx_word' id='word_1_147' title='bbox 536 1769 629 1824; x_wconf 85' lang='lat' dir='ltr'><strong>arant</strong></span> <span class='ocrx_word' id='word_1_148' title='bbox 646 1769 771 1824; x_wconf 88' lang='lat' dir='ltr'><strong>nostras</strong></span> <span class='ocrx_word' id='word_1_149' title='bbox 788 1769 900 1842; x_wconf 88' lang='lat' dir='ltr'><strong>terras,</strong></span> <span class='ocrx_word' id='word_1_150' title='bbox 918 1770 949 1823; x_wconf 91' lang='lat' dir='ltr'><strong>et</strong></span> <span class='ocrx_word' id='word_1_151' title='bbox 967 1771 1091 1842; x_wconf 81' lang='lat' dir='ltr'><strong>nostras</strong></span> <span class='ocrx_word' id='word_1_152' title='bbox 1108 1781 1271 1836; x_wconf 86' lang='lat' dir='ltr'><strong>runcoras,</strong></span> <span class='ocrx_word' id='word_1_153' title='bbox 1289 1768 1426 1842; x_wconf 88' lang='lat' dir='ltr'><strong>segnant</strong></span> <span class='ocrx_word' id='word_1_154' title='bbox 1443 1767 1568 1822; x_wconf 88' lang='lat' dir='ltr'><strong>nostras</strong></span> <span class='ocrx_word' id='word_1_155' title='bbox 1586 1758 1713 1843; x_wconf 81' lang='lat' dir='ltr'><strong>prades,</strong></span> <span class='ocrx_word' id='word_1_156' title='bbox 1732 1768 1868 1842; x_wconf 87' lang='lat' dir='ltr'><strong>pascunt</strong></span> <span class='ocrx_word' id='word_1_157' title='bbox 1890 1769 2001 1822; x_wconf 85' lang='lat' dir='ltr'><strong>nostra</strong></span> 
     </span>
     <span class='ocr_line' id='line_1_14' title="bbox 314 1862 1999 1950; baseline -0.001 -23"><span class='ocrx_word' id='word_1_158' title='bbox 314 1863 442 1950; x_wconf 84' lang='lat' dir='ltr'><strong>pascua,</strong></span> <span class='ocrx_word' id='word_1_159' title='bbox 468 1873 500 1928; x_wconf 89' lang='lat' dir='ltr'><strong>et</strong></span> <span class='ocrx_word' id='word_1_160' title='bbox 523 1864 564 1928; x_wconf 85' lang='lat' dir='ltr'><strong>de</strong></span> <span class='ocrx_word' id='word_1_161' title='bbox 584 1867 672 1950; x_wconf 85' lang='lat' dir='ltr'><strong>ipsas</strong></span> <span class='ocrx_word' id='word_1_162' title='bbox 689 1875 815 1928; x_wconf 91' lang='lat' dir='ltr'><strong>nostras</strong></span> <span class='ocrx_word' id='word_1_163' title='bbox 838 1874 942 1929; x_wconf 88' lang='lat' dir='ltr'><strong>terras</strong></span> <span class='ocrx_word' id='word_1_164' title='bbox 959 1863 1101 1933; x_wconf 81' lang='lat' dir='ltr'><strong>reddunt</strong></span> <span class='ocrx_word' id='word_1_165' title='bbox 1118 1865 1305 1949; x_wconf 81' lang='lat' dir='ltr'><strong>pensionem</strong></span> <span class='ocrx_word' id='word_1_166' title='bbox 1329 1862 1459 1928; x_wconf 87' lang='lat' dir='ltr'><strong>Joanni.</strong></span> <span class='ocrx_word' id='word_1_167' title='bbox 1482 1862 1619 1947; x_wconf 86' lang='lat' dir='ltr'><strong>Insuper</strong></span> <span class='ocrx_word' id='word_1_168' title='bbox 1644 1887 1705 1927; x_wconf 91' lang='lat' dir='ltr'><strong>non</strong></span> <span class='ocrx_word' id='word_1_169' title='bbox 1723 1875 1889 1926; x_wconf 87' lang='lat' dir='ltr'><strong>remanent</strong></span> <span class='ocrx_word' id='word_1_170' title='bbox 1906 1863 1999 1926; x_wconf 91' lang='lat' dir='ltr'><strong>nobis</strong></span> 
     </span>
     <span class='ocr_line' id='line_1_15' title="bbox 315 1967 1999 2055; baseline -0.001 -23"><span class='ocrx_word' id='word_1_171' title='bbox 315 1968 425 2050; x_wconf 88' lang='lat' dir='ltr'><strong>boues,</strong></span> <span class='ocrx_word' id='word_1_172' title='bbox 459 1991 564 2054; x_wconf 89' lang='lat' dir='ltr'><strong>neque</strong></span> <span class='ocrx_word' id='word_1_173' title='bbox 588 1968 714 2051; x_wconf 89' lang='lat' dir='ltr'><strong>caballi,</strong></span> <span class='ocrx_word' id='word_1_174' title='bbox 740 1973 765 2031; x_wconf 90' lang='lat' dir='ltr'><strong>si</strong></span> <span class='ocrx_word' id='word_1_175' title='bbox 790 1969 913 2055; x_wconf 87' lang='lat' dir='ltr'><strong>aliquid</strong></span> <span class='ocrx_word' id='word_1_176' title='bbox 945 1969 1093 2048; x_wconf 92' lang='lat' dir='ltr'><strong>dicimus,</strong></span> <span class='ocrx_word' id='word_1_177' title='bbox 1118 1971 1301 2032; x_wconf 85' lang='lat' dir='ltr'><strong>interimere</strong></span> <span class='ocrx_word' id='word_1_178' title='bbox 1326 1991 1384 2032; x_wconf 89' lang='lat' dir='ltr'><strong>nos</strong></span> <span class='ocrx_word' id='word_1_179' title='bbox 1407 1969 1528 2032; x_wconf 89' lang='lat' dir='ltr'><strong>dicunt.</strong></span> <span class='ocrx_word' id='word_1_180' title='bbox 1555 1967 1698 2032; x_wconf 88' lang='lat' dir='ltr'><strong>Abstulit</strong></span> <span class='ocrx_word' id='word_1_181' title='bbox 1721 1983 1847 2031; x_wconf 87' lang='lat' dir='ltr'><strong>nostros</strong></span> <span class='ocrx_word' id='word_1_182' title='bbox 1871 1969 1999 2032; x_wconf 87' lang='lat' dir='ltr'><strong>casinas</strong></span> 
     </span>
     <span class='ocr_line' id='line_1_16' title="bbox 315 2071 1997 2159; baseline -0.002 -22"><span class='ocrx_word' id='word_1_183' title='bbox 315 2095 395 2159; x_wconf 91' lang='lat' dir='ltr'><strong>quos</strong></span> <span class='ocrx_word' id='word_1_184' title='bbox 419 2076 536 2138; x_wconf 91' lang='lat' dir='ltr'><strong>nostris</strong></span> <span class='ocrx_word' id='word_1_185' title='bbox 561 2085 711 2159; x_wconf 89' lang='lat' dir='ltr'><strong>parentes</strong></span> <span class='ocrx_word' id='word_1_186' title='bbox 736 2076 912 2138; x_wconf 89' lang='lat' dir='ltr'><strong>secundum</strong></span> <span class='ocrx_word' id='word_1_187' title='bbox 934 2075 1099 2158; x_wconf 90' lang='lat' dir='ltr'><strong>antiquam</strong></span> <span class='ocrx_word' id='word_1_188' title='bbox 1125 2073 1368 2138; x_wconf 85' lang='lat' dir='ltr'><strong>cosuetudinem</strong></span> <span class='ocrx_word' id='word_1_189' title='bbox 1385 2073 1586 2138; x_wconf 84' lang='lat' dir='ltr'><strong>ordinabant.</strong></span> <span class='ocrx_word' id='word_1_190' title='bbox 1612 2073 1655 2137; x_wconf 91' lang='lat' dir='ltr'><strong>Il.</strong></span> <span class='ocrx_word' id='word_1_191' title='bbox 1682 2071 1831 2158; x_wconf 80' lang='lat' dir='ltr'><strong>Capitale</strong></span> <span class='ocrx_word' id='word_1_192' title='bbox 1865 2073 1918 2137; x_wconf 92' lang='lat' dir='ltr'><strong>Ab</strong></span> <span class='ocrx_word' id='word_1_193' title='bbox 1943 2096 1997 2135; x_wconf 90' lang='lat' dir='ltr'><strong>an·</strong></span> 
     </span>
     <span class='ocr_line' id='line_1_17' title="bbox 313 2164 1998 2264; baseline 0 -22"><span class='ocrx_word' id='word_1_194' title='bbox 313 2181 402 2263; x_wconf 87' lang='lat' dir='ltr'><strong>tique</strong></span> <span class='ocrx_word' id='word_1_195' title='bbox 426 2187 570 2262; x_wconf 87' lang='lat' dir='ltr'><strong>tempore</strong></span> <span class='ocrx_word' id='word_1_196' title='bbox 594 2179 670 2242; x_wconf 88' lang='lat' dir='ltr'><strong>dum</strong></span> <span class='ocrx_word' id='word_1_197' title='bbox 700 2178 818 2242; x_wconf 84' lang='lat' dir='ltr'><strong>fuirnus</strong></span> <span class='ocrx_word' id='word_1_198' title='bbox 850 2178 910 2243; x_wconf 90' lang='lat' dir='ltr'><strong>sub</strong></span> <span class='ocrx_word' id='word_1_199' title='bbox 947 2189 1104 2264; x_wconf 89' lang='lat' dir='ltr'><strong>potestate</strong></span> <span class='ocrx_word' id='word_1_200' title='bbox 1136 2177 1313 2242; x_wconf 85' lang='lat' dir='ltr'><strong>Greoorum</strong></span> <span class='ocrx_word' id='word_1_201' title='bbox 1348 2179 1471 2263; x_wconf 88' lang='lat' dir='ltr'><strong>imperii</strong></span> <span class='ocrx_word' id='word_1_202' title='bbox 1504 2177 1684 2242; x_wconf 91' lang='lat' dir='ltr'><strong>habuerunt</strong></span> <span class='ocrx_word' id='word_1_203' title='bbox 1722 2191 1871 2263; x_wconf 86' lang='lat' dir='ltr'><strong>parentes</strong></span> <span class='ocrx_word' id='word_1_204' title='bbox 1897 2164 1998 2242; x_wconf 91' lang='lat' dir='ltr'><strong>nostri</strong></span> 
     </span>
     <span class='ocr_line' id='line_1_18' title="bbox 315 2282 1997 2364; baseline -0.001 -16"><span class='ocrx_word' id='word_1_205' title='bbox 315 2283 579 2348; x_wconf 86' lang='lat' dir='ltr'><strong>consuetudinem</strong></span> <span class='ocrx_word' id='word_1_206' title='bbox 604 2283 742 2347; x_wconf 89' lang='lat' dir='ltr'><strong>habendi</strong></span> <span class='ocrx_word' id='word_1_207' title='bbox 775 2295 875 2363; x_wconf 91' lang='lat' dir='ltr'><strong>actus,</strong></span> <span class='ocrx_word' id='word_1_208' title='bbox 907 2285 1061 2349; x_wconf 88' lang='lat' dir='ltr'><strong>tribunati</strong></span> <span class='ocrx_word' id='word_1_209' title='bbox 1094 2286 1297 2364; x_wconf 89' lang='lat' dir='ltr'><strong>domesticos,</strong></span> <span class='ocrx_word' id='word_1_210' title='bbox 1334 2306 1390 2347; x_wconf 91' lang='lat' dir='ltr'><strong>seu</strong></span> <span class='ocrx_word' id='word_1_211' title='bbox 1419 2285 1565 2363; x_wconf 86' lang='lat' dir='ltr'><strong>uicarios,</strong></span> <span class='ocrx_word' id='word_1_212' title='bbox 1593 2305 1651 2347; x_wconf 90' lang='lat' dir='ltr'><strong>nec</strong></span> <span class='ocrx_word' id='word_1_213' title='bbox 1678 2304 1740 2346; x_wconf 91' lang='lat' dir='ltr'><strong>non</strong></span> <span class='ocrx_word' id='word_1_214' title='bbox 1768 2282 1997 2364; x_wconf 87' lang='lat' dir='ltr'><strong>locoseruatos,</strong></span> 
     </span>
     <span class='ocr_line' id='line_1_19' title="bbox 314 2387 1999 2480; baseline 0 -28"><span class='ocrx_word' id='word_1_215' title='bbox 314 2398 346 2452; x_wconf 87' lang='lat' dir='ltr'><strong>et</strong></span> <span class='ocrx_word' id='word_1_216' title='bbox 366 2410 424 2474; x_wconf 89' lang='lat' dir='ltr'><strong>per</strong></span> <span class='ocrx_word' id='word_1_217' title='bbox 446 2389 533 2472; x_wconf 87' lang='lat' dir='ltr'><strong>ipsos</strong></span> <span class='ocrx_word' id='word_1_218' title='bbox 558 2387 694 2480; x_wconf 77' lang='lat' dir='ltr'><strong>bonores</strong></span> <span class='ocrx_word' id='word_1_219' title='bbox 718 2388 905 2454; x_wconf 88' lang='lat' dir='ltr'><strong>ambulabat</strong></span> <span class='ocrx_word' id='word_1_220' title='bbox 926 2391 967 2453; x_wconf 88' lang='lat' dir='ltr'><strong>ad</strong></span> <span class='ocrx_word' id='word_1_221' title='bbox 996 2391 1264 2466; x_wconf 79' lang='lat' dir='ltr'><strong>communionem,</strong></span> <span class='ocrx_word' id='word_1_222' title='bbox 1296 2405 1328 2452; x_wconf 86' lang='lat' dir='ltr'><strong>et</strong></span> <span class='ocrx_word' id='word_1_223' title='bbox 1345 2387 1502 2452; x_wconf 89' lang='lat' dir='ltr'><strong>sedebant</strong></span> <span class='ocrx_word' id='word_1_224' title='bbox 1534 2392 1566 2451; x_wconf 90' lang='lat' dir='ltr'><strong>in</strong></span> <span class='ocrx_word' id='word_1_225' title='bbox 1595 2410 1759 2469; x_wconf 87' lang='lat' dir='ltr'><strong>consessu,</strong></span> <span class='ocrx_word' id='word_1_226' title='bbox 1777 2391 1999 2474; x_wconf 87' lang='lat' dir='ltr'><strong>unusquisque</strong></span> 
     </span>
     <span class='ocr_line' id='line_1_20' title="bbox 313 2492 1998 2580; baseline -0.001 -23"><span class='ocrx_word' id='word_1_227' title='bbox 313 2515 372 2580; x_wconf 89' lang='lat' dir='ltr'><strong>pro</strong></span> <span class='ocrx_word' id='word_1_228' title='bbox 395 2515 454 2558; x_wconf 88' lang='lat' dir='ltr'><strong>suo</strong></span> <span class='ocrx_word' id='word_1_229' title='bbox 477 2492 608 2575; x_wconf 87' lang='lat' dir='ltr'><strong>honore,</strong></span> <span class='ocrx_word' id='word_1_230' title='bbox 633 2495 742 2578; x_wconf 90' lang='lat' dir='ltr'><strong>etqui</strong></span> <span class='ocrx_word' id='word_1_231' title='bbox 766 2493 896 2559; x_wconf 86' lang='lat' dir='ltr'><strong>volebat</strong></span> <span class='ocrx_word' id='word_1_232' title='bbox 919 2495 1083 2560; x_wconf 89' lang='lat' dir='ltr'><strong>meliorem</strong></span> <span class='ocrx_word' id='word_1_233' title='bbox 1112 2495 1267 2560; x_wconf 90' lang='lat' dir='ltr'><strong>honorem</strong></span> <span class='ocrx_word' id='word_1_234' title='bbox 1296 2494 1427 2574; x_wconf 87' lang='lat' dir='ltr'><strong>habere,</strong></span> <span class='ocrx_word' id='word_1_235' title='bbox 1444 2493 1484 2556; x_wconf 92' lang='lat' dir='ltr'><strong>de</strong></span> <span class='ocrx_word' id='word_1_236' title='bbox 1509 2492 1636 2557; x_wconf 88' lang='lat' dir='ltr'><strong>tribuno</strong></span> <span class='ocrx_word' id='word_1_237' title='bbox 1666 2492 1853 2558; x_wconf 84' lang='lat' dir='ltr'><strong>ambulabat</strong></span> <span class='ocrx_word' id='word_1_238' title='bbox 1874 2495 1916 2558; x_wconf 87' lang='lat' dir='ltr'><strong>ad</strong></span> <span class='ocrx_word' id='word_1_239' title='bbox 1940 2497 1998 2556; x_wconf 89' lang='lat' dir='ltr'><strong>im·</strong></span> 
     </span>
     <span class='ocr_line' id='line_1_21' title="bbox 315 2597 1998 2686; baseline 0.001 -25"><span class='ocrx_word' id='word_1_240' title='bbox 315 2599 450 2684; x_wconf 87' lang='lat' dir='ltr'><strong>perium,</strong></span> <span class='ocrx_word' id='word_1_241' title='bbox 470 2597 557 2683; x_wconf 83' lang='lat' dir='ltr'><strong>quod</strong></span> <span class='ocrx_word' id='word_1_242' title='bbox 580 2597 753 2663; x_wconf 86' lang='lat' dir='ltr'><strong>ordinabat</strong></span> <span class='ocrx_word' id='word_1_243' title='bbox 775 2598 864 2663; x_wconf 93' lang='lat' dir='ltr'><strong>illum</strong></span> <span class='ocrx_word' id='word_1_244' title='bbox 892 2599 1009 2686; x_wconf 90' lang='lat' dir='ltr'><strong>Ypato.</strong></span> <span class='ocrx_word' id='word_1_245' title='bbox 1034 2601 1127 2664; x_wconf 84' lang='lat' dir='ltr'><strong>Tunc</strong></span> <span class='ocrx_word' id='word_1_246' title='bbox 1150 2601 1213 2681; x_wconf 92' lang='lat' dir='ltr'><strong>ille,</strong></span> <span class='ocrx_word' id='word_1_247' title='bbox 1239 2603 1293 2686; x_wconf 91' lang='lat' dir='ltr'><strong>qui</strong></span> <span class='ocrx_word' id='word_1_248' title='bbox 1319 2597 1495 2684; x_wconf 84' lang='lat' dir='ltr'><strong>imperialis</strong></span> <span class='ocrx_word' id='word_1_249' title='bbox 1520 2598 1753 2684; x_wconf 87' lang='lat' dir='ltr'><strong>erathypatus,</strong></span> <span class='ocrx_word' id='word_1_250' title='bbox 1771 2601 1907 2664; x_wconf 90' lang='lat' dir='ltr'><strong>inomni</strong></span> <span class='ocrx_word' id='word_1_251' title='bbox 1927 2599 1998 2664; x_wconf 92' lang='lat' dir='ltr'><strong>loco</strong></span> 
     </span>
     <span class='ocr_line' id='line_1_22' title="bbox 314 2703 2001 2793; baseline -0.001 -25"><span class='ocrx_word' id='word_1_252' title='bbox 314 2703 491 2768; x_wconf 90' lang='lat' dir='ltr'><strong>secundum</strong></span> <span class='ocrx_word' id='word_1_253' title='bbox 510 2703 598 2767; x_wconf 92' lang='lat' dir='ltr'><strong>illum</strong></span> <span class='ocrx_word' id='word_1_254' title='bbox 616 2708 806 2790; x_wconf 86' lang='lat' dir='ltr'><strong>magistrum</strong></span> <span class='ocrx_word' id='word_1_255' title='bbox 822 2706 959 2771; x_wconf 90' lang='lat' dir='ltr'><strong>militum</strong></span> <span class='ocrx_word' id='word_1_256' title='bbox 978 2706 1183 2793; x_wconf 82' lang='lat' dir='ltr'><strong>procedebat.</strong></span> <span class='ocrx_word' id='word_1_257' title='bbox 1202 2706 1298 2769; x_wconf 87' lang='lat' dir='ltr'><strong>Modo</strong></span> <span class='ocrx_word' id='word_1_258' title='bbox 1322 2717 1429 2768; x_wconf 87' lang='lat' dir='ltr'><strong>autem</strong></span> <span class='ocrx_word' id='word_1_259' title='bbox 1447 2704 1515 2768; x_wconf 85' lang='lat' dir='ltr'><strong>dux</strong></span> <span class='ocrx_word' id='word_1_260' title='bbox 1532 2703 1639 2768; x_wconf 79' lang='lat' dir='ltr'><strong>nostor</strong></span> <span class='ocrx_word' id='word_1_261' title='bbox 1667 2706 1807 2770; x_wconf 89' lang='lat' dir='ltr'><strong>loannes</strong></span> <span class='ocrx_word' id='word_1_262' title='bbox 1832 2707 2001 2769; x_wconf 87' lang='lat' dir='ltr'><strong>constituit</strong></span> 
     </span>
     <span class='ocr_line' id='line_1_23' title="bbox 314 2808 1998 2896; baseline 0.001 -23"><span class='ocrx_word' id='word_1_263' title='bbox 314 2808 408 2874; x_wconf 83' lang='lat' dir='ltr'><strong>nobis</strong></span> <span class='ocrx_word' id='word_1_264' title='bbox 432 2808 629 2891; x_wconf 85' lang='lat' dir='ltr'><strong>centarclros,</strong></span> <span class='ocrx_word' id='word_1_265' title='bbox 654 2811 765 2874; x_wconf 89' lang='lat' dir='ltr'><strong>diuisit</strong></span> <span class='ocrx_word' id='word_1_266' title='bbox 799 2810 962 2896; x_wconf 82' lang='lat' dir='ltr'><strong>populum¹</strong></span> <span class='ocrx_word' id='word_1_267' title='bbox 983 2815 1067 2875; x_wconf 87' lang='lat' dir='ltr'><strong>iuter</strong></span> <span class='ocrx_word' id='word_1_268' title='bbox 1089 2811 1181 2892; x_wconf 91' lang='lat' dir='ltr'><strong>filios,</strong></span> <span class='ocrx_word' id='word_1_269' title='bbox 1216 2821 1247 2874; x_wconf 92' lang='lat' dir='ltr'><strong>et</strong></span> <span class='ocrx_word' id='word_1_270' title='bbox 1271 2809 1352 2872; x_wconf 84' lang='lat' dir='ltr'><strong>tiliae</strong></span> <span class='ocrx_word' id='word_1_271' title='bbox 1378 2809 1429 2871; x_wconf 87' lang='lat' dir='ltr'><strong>vel</strong></span> <span class='ocrx_word' id='word_1_272' title='bbox 1454 2829 1607 2893; x_wconf 87' lang='lat' dir='ltr'><strong>generum</strong></span> <span class='ocrx_word' id='word_1_273' title='bbox 1633 2832 1734 2890; x_wconf 84' lang='lat' dir='ltr'><strong>suurn,</strong></span> <span class='ocrx_word' id='word_1_274' title='bbox 1760 2820 1886 2874; x_wconf 85' lang='lat' dir='ltr'><strong>etcum</strong></span> <span class='ocrx_word' id='word_1_275' title='bbox 1910 2811 1998 2894; x_wconf 85' lang='lat' dir='ltr'><strong>ipsos</strong></span> 
     </span>
     <span class='ocr_line' id='line_1_24' title="bbox 312 2912 1997 3000; baseline 0 -22"><span class='ocrx_word' id='word_1_276' title='bbox 312 2935 469 3000; x_wconf 89' lang='lat' dir='ltr'><strong>pauperes</strong></span> <span class='ocrx_word' id='word_1_277' title='bbox 504 2913 655 2978; x_wconf 89' lang='lat' dir='ltr'><strong>edificant</strong></span> <span class='ocrx_word' id='word_1_278' title='bbox 690 2916 749 2978; x_wconf 91' lang='lat' dir='ltr'><strong>sibi</strong></span> <span class='ocrx_word' id='word_1_279' title='bbox 770 2915 900 2999; x_wconf 90' lang='lat' dir='ltr'><strong>palatio.</strong></span> <span class='ocrx_word' id='word_1_280' title='bbox 918 2915 1114 2979; x_wconf 82' lang='lat' dir='ltr'><strong>Tribunatos</strong></span> <span class='ocrx_word' id='word_1_281' title='bbox 1138 2916 1228 2979; x_wconf 91' lang='lat' dir='ltr'><strong>nobis</strong></span> <span class='ocrx_word' id='word_1_282' title='bbox 1246 2915 1385 2994; x_wconf 88' lang='lat' dir='ltr'><strong>abstulit,</strong></span> <span class='ocrx_word' id='word_1_283' title='bbox 1404 2912 1523 2977; x_wconf 89' lang='lat' dir='ltr'><strong>liberos</strong></span> <span class='ocrx_word' id='word_1_284' title='bbox 1540 2913 1686 2978; x_wconf 90' lang='lat' dir='ltr'><strong>homines</strong></span> <span class='ocrx_word' id='word_1_285' title='bbox 1712 2937 1775 2978; x_wconf 92' lang='lat' dir='ltr'><strong>non</strong></span> <span class='ocrx_word' id='word_1_286' title='bbox 1794 2937 1852 2978; x_wconf 87' lang='lat' dir='ltr'><strong>nos</strong></span> <span class='ocrx_word' id='word_1_287' title='bbox 1877 2915 1997 2978; x_wconf 89' lang='lat' dir='ltr'><strong>habere</strong></span> 
     </span>
    </p>
   </div>
   <div class='ocr_carea' id='block_1_5' title="bbox 203 3016 1995 3104">
    <p class='ocr_par' dir='ltr' id='par_1_5' title="bbox 203 3016 1995 3104">
     <span class='ocr_line' id='line_1_25' title="bbox 203 3016 1995 3104; baseline 0.001 -22"><span class='ocrx_word' id='word_1_288' title='bbox 203 3095 205 3100; x_wconf 17' lang='grc' dir='ltr'>ι</span> <span class='ocrx_word' id='word_1_289' title='bbox 234 3068 238 3076; x_wconf 75' lang='grc'><em>,</em></span> <span class='ocrx_word' id='word_1_290' title='bbox 259 3018 263 3025; x_wconf 83' lang='grc'><strong>’</strong></span> <span class='ocrx_word' id='word_1_291' title='bbox 313 3019 478 3104; x_wconf 81' lang='lat' dir='ltr'><strong>permittit,</strong></span> <span class='ocrx_word' id='word_1_292' title='bbox 491 3016 663 3084; x_wconf 87' lang='lat' dir='ltr'><strong>sedtamen</strong></span> <span class='ocrx_word' id='word_1_293' title='bbox 682 3027 898 3098; x_wconf 81' lang='lat' dir='ltr'><strong>cumnostros</strong></span> <span class='ocrx_word' id='word_1_294' title='bbox 916 3040 990 3082; x_wconf 89' lang='lat' dir='ltr'><strong>suos</strong></span> <span class='ocrx_word' id='word_1_295' title='bbox 1009 3018 1086 3082; x_wconf 87' lang='lat' dir='ltr'><strong>facit</strong></span> <span class='ocrx_word' id='word_1_296' title='bbox 1103 3041 1160 3083; x_wconf 92' lang='lat' dir='ltr'><strong>nos</strong></span> <span class='ocrx_word' id='word_1_297' title='bbox 1178 3021 1209 3082; x_wconf 92' lang='lat' dir='ltr'><strong>in</strong></span> <span class='ocrx_word' id='word_1_298' title='bbox 1226 3019 1334 3083; x_wconf 89' lang='lat' dir='ltr'><strong>hostes</strong></span> <span class='ocrx_word' id='word_1_299' title='bbox 1358 3019 1533 3100; x_wconf 88' lang='lat' dir='ltr'><strong>ambulare,</strong></span> <span class='ocrx_word' id='word_1_300' title='bbox 1551 3018 1685 3084; x_wconf 91' lang='lat' dir='ltr'><strong>libertos</strong></span> <span class='ocrx_word' id='word_1_301' title='bbox 1703 3031 1829 3083; x_wconf 91' lang='lat' dir='ltr'><strong>nostros</strong></span> <span class='ocrx_word' id='word_1_302' title='bbox 1851 3019 1995 3084; x_wconf 88' lang='lat' dir='ltr'><strong>abstulit·</strong></span> 
     </span>
    </p>
   </div>
   <div class='ocr_carea' id='block_1_6' title="bbox 309 3122 1997 4048">
    <p class='ocr_par' dir='ltr' id='par_1_6' title="bbox 309 3122 1997 4048">
     <span class='ocr_line' id='line_1_26' title="bbox 313 3122 1987 3209; baseline 0.001 -22"><span class='ocrx_word' id='word_1_303' title='bbox 313 3122 467 3187; x_wconf 90' lang='lat' dir='ltr'><strong>Aduenas</strong></span> <span class='ocrx_word' id='word_1_304' title='bbox 484 3122 628 3187; x_wconf 89' lang='lat' dir='ltr'><strong>homines</strong></span> <span class='ocrx_word' id='word_1_305' title='bbox 645 3123 793 3209; x_wconf 84' lang='lat' dir='ltr'><strong>ponimus</strong></span> <span class='ocrx_word' id='word_1_306' title='bbox 812 3145 913 3204; x_wconf 89' lang='lat' dir='ltr'><strong>casas,</strong></span> <span class='ocrx_word' id='word_1_307' title='bbox 939 3123 990 3188; x_wconf 90' lang='lat' dir='ltr'><strong>vel</strong></span> <span class='ocrx_word' id='word_1_308' title='bbox 1008 3135 1115 3188; x_wconf 86' lang='lat' dir='ltr'><strong>ortora</strong></span> <span class='ocrx_word' id='word_1_309' title='bbox 1131 3137 1247 3206; x_wconf 90' lang='lat' dir='ltr'><strong>nostra,</strong></span> <span class='ocrx_word' id='word_1_310' title='bbox 1266 3147 1325 3188; x_wconf 90' lang='lat' dir='ltr'><strong>nec</strong></span> <span class='ocrx_word' id='word_1_311' title='bbox 1348 3127 1380 3188; x_wconf 94' lang='lat' dir='ltr'><strong>in</strong></span> <span class='ocrx_word' id='word_1_312' title='bbox 1405 3127 1491 3209; x_wconf 89' lang='lat' dir='ltr'><strong>ipsos</strong></span> <span class='ocrx_word' id='word_1_313' title='bbox 1516 3135 1705 3209; x_wconf 89' lang='lat' dir='ltr'><strong>potestatem</strong></span> <span class='ocrx_word' id='word_1_314' title='bbox 1730 3123 1897 3188; x_wconf 87' lang='lat' dir='ltr'><strong>babemus.</strong></span> <span class='ocrx_word' id='word_1_315' title='bbox 1919 3123 1987 3190; x_wconf 85' lang='lat' dir='ltr'><strong>Gra</strong></span> 
     </span>
     <span class='ocr_line' id='line_1_27' title="bbox 309 3227 1995 3316; baseline 0.001 -24"><span class='ocrx_word' id='word_1_316' title='bbox 309 3249 419 3292; x_wconf 87' lang='lat' dir='ltr'><strong>corum</strong></span> <span class='ocrx_word' id='word_1_317' title='bbox 433 3237 576 3312; x_wconf 90' lang='lat' dir='ltr'><strong>tempure</strong></span> <span class='ocrx_word' id='word_1_318' title='bbox 592 3229 695 3292; x_wconf 90' lang='lat' dir='ltr'><strong>omnis</strong></span> <span class='ocrx_word' id='word_1_319' title='bbox 708 3227 855 3292; x_wconf 86' lang='lat' dir='ltr'><strong>tribunus</strong></span> <span class='ocrx_word' id='word_1_320' title='bbox 872 3229 1012 3293; x_wconf 88' lang='lat' dir='ltr'><strong>habebat</strong></span> <span class='ocrx_word' id='word_1_321' title='bbox 1029 3230 1189 3314; x_wconf 86' lang='lat' dir='ltr'><strong>sciphatos</strong></span> <span class='ocrx_word' id='word_1_322' title='bbox 1206 3232 1357 3316; x_wconf 90' lang='lat' dir='ltr'><strong>quinque,</strong></span> <span class='ocrx_word' id='word_1_323' title='bbox 1375 3241 1406 3293; x_wconf 90' lang='lat' dir='ltr'><strong>ct</strong></span> <span class='ocrx_word' id='word_1_324' title='bbox 1419 3229 1563 3314; x_wconf 75' lang='lat' dir='ltr'><strong>amplius,</strong></span> <span class='ocrx_word' id='word_1_325' title='bbox 1579 3241 1611 3293; x_wconf 87' lang='lat' dir='ltr'><strong>et</strong></span> <span class='ocrx_word' id='word_1_326' title='bbox 1626 3231 1714 3314; x_wconf 91' lang='lat' dir='ltr'><strong>ipsos</strong></span> <span class='ocrx_word' id='word_1_327' title='bbox 1738 3230 1829 3294; x_wconf 89' lang='lat' dir='ltr'><strong>nobis</strong></span> <span class='ocrx_word' id='word_1_328' title='bbox 1852 3229 1995 3294; x_wconf 85' lang='lat' dir='ltr'><strong>abstulit.</strong></span> 
     </span>
     <span class='ocr_line' id='line_1_28' title="bbox 310 3331 1996 3420; baseline 0.001 -24"><span class='ocrx_word' id='word_1_329' title='bbox 310 3331 436 3396; x_wconf 80' lang='lat' dir='ltr'><strong>Fodera</strong></span> <span class='ocrx_word' id='word_1_330' title='bbox 463 3356 635 3418; x_wconf 88' lang='lat' dir='ltr'><strong>numquam</strong></span> <span class='ocrx_word' id='word_1_331' title='bbox 660 3332 822 3412; x_wconf 90' lang='lat' dir='ltr'><strong>dedimus,</strong></span> <span class='ocrx_word' id='word_1_332' title='bbox 848 3335 879 3396; x_wconf 90' lang='lat' dir='ltr'><strong>in</strong></span> <span class='ocrx_word' id='word_1_333' title='bbox 903 3345 991 3396; x_wconf 87' lang='lat' dir='ltr'><strong>curte</strong></span> <span class='ocrx_word' id='word_1_334' title='bbox 1016 3357 1189 3420; x_wconf 87' lang='lat' dir='ltr'><strong>numquam</strong></span> <span class='ocrx_word' id='word_1_335' title='bbox 1209 3335 1434 3414; x_wconf 90' lang='lat' dir='ltr'><strong>laborauimus,</strong></span> <span class='ocrx_word' id='word_1_336' title='bbox 1453 3337 1562 3398; x_wconf 90' lang='lat' dir='ltr'><strong>vineas</strong></span> <span class='ocrx_word' id='word_1_337' title='bbox 1587 3356 1761 3420; x_wconf 84' lang='lat' dir='ltr'><strong>numquam</strong></span> <span class='ocrx_word' id='word_1_338' title='bbox 1778 3334 1996 3398; x_wconf 89' lang='lat' dir='ltr'><strong>laborauimus</strong></span> 
     </span>
     <span class='ocr_line' id='line_1_29' title="bbox 313 3434 1996 3524; baseline 0.002 -24"><span class='ocrx_word' id='word_1_339' title='bbox 313 3434 468 3500; x_wconf 81' lang='lat' dir='ltr'><strong>calcarias</strong></span> <span class='ocrx_word' id='word_1_340' title='bbox 489 3459 662 3521; x_wconf 85' lang='lat' dir='ltr'><strong>numquam</strong></span> <span class='ocrx_word' id='word_1_341' title='bbox 677 3435 820 3517; x_wconf 87' lang='lat' dir='ltr'><strong>fecimus,</strong></span> <span class='ocrx_word' id='word_1_342' title='bbox 845 3459 936 3500; x_wconf 90' lang='lat' dir='ltr'><strong>casas</strong></span> <span class='ocrx_word' id='word_1_343' title='bbox 955 3461 1125 3523; x_wconf 84' lang='lat' dir='ltr'><strong>numquam</strong></span> <span class='ocrx_word' id='word_1_344' title='bbox 1141 3439 1371 3520; x_wconf 86' lang='lat' dir='ltr'><strong>edificauimus,</strong></span> <span class='ocrx_word' id='word_1_345' title='bbox 1390 3441 1530 3524; x_wconf 72' lang='lat' dir='ltr'><strong>tegorias</strong></span> <span class='ocrx_word' id='word_1_346' title='bbox 1544 3459 1717 3524; x_wconf 87' lang='lat' dir='ltr'><strong>numquam</strong></span> <span class='ocrx_word' id='word_1_347' title='bbox 1735 3439 1878 3513; x_wconf 87' lang='lat' dir='ltr'><strong>fecimus,</strong></span> <span class='ocrx_word' id='word_1_348' title='bbox 1900 3463 1996 3504; x_wconf 86' lang='lat' dir='ltr'><strong>canes</strong></span> 
     </span>
     <span class='ocr_line' id='line_1_30' title="bbox 312 3541 1995 3630; baseline 0.002 -26"><span class='ocrx_word' id='word_1_349' title='bbox 312 3561 476 3626; x_wconf 89' lang='lat' dir='ltr'><strong>nunquam</strong></span> <span class='ocrx_word' id='word_1_350' title='bbox 496 3544 650 3624; x_wconf 91' lang='lat' dir='ltr'><strong>pauimus,</strong></span> <span class='ocrx_word' id='word_1_351' title='bbox 673 3541 823 3606; x_wconf 89' lang='lat' dir='ltr'><strong>collectas</strong></span> <span class='ocrx_word' id='word_1_352' title='bbox 849 3564 1022 3628; x_wconf 91' lang='lat' dir='ltr'><strong>numquam</strong></span> <span class='ocrx_word' id='word_1_353' title='bbox 1042 3543 1186 3621; x_wconf 88' lang='lat' dir='ltr'><strong>fecimus,</strong></span> <span class='ocrx_word' id='word_1_354' title='bbox 1212 3547 1294 3608; x_wconf 91' lang='lat' dir='ltr'><strong>sicut</strong></span> <span class='ocrx_word' id='word_1_355' title='bbox 1312 3567 1395 3608; x_wconf 87' lang='lat' dir='ltr'><strong>nunc</strong></span> <span class='ocrx_word' id='word_1_356' title='bbox 1430 3545 1581 3622; x_wconf 73' lang='lat' dir='ltr'><strong>facimus,</strong></span> <span class='ocrx_word' id='word_1_357' title='bbox 1607 3566 1664 3627; x_wconf 90' lang='lat' dir='ltr'><strong>pro</strong></span> <span class='ocrx_word' id='word_1_358' title='bbox 1698 3567 1889 3630; x_wconf 89' lang='lat' dir='ltr'><strong>unoquoque</strong></span> <span class='ocrx_word' id='word_1_359' title='bbox 1913 3546 1995 3610; x_wconf 90' lang='lat' dir='ltr'><strong>boue</strong></span> 
     </span>
     <span class='ocr_line' id='line_1_31' title="bbox 316 3645 1997 3734; baseline 0.004 -26"><span class='ocrx_word' id='word_1_360' title='bbox 316 3665 413 3710; x_wconf 89' lang='lat' dir='ltr'><strong>unum</strong></span> <span class='ocrx_word' id='word_1_361' title='bbox 441 3645 581 3710; x_wconf 89' lang='lat' dir='ltr'><strong>modium</strong></span> <span class='ocrx_word' id='word_1_362' title='bbox 607 3646 731 3728; x_wconf 89' lang='lat' dir='ltr'><strong>damus,</strong></span> <span class='ocrx_word' id='word_1_363' title='bbox 756 3647 907 3712; x_wconf 90' lang='lat' dir='ltr'><strong>collectas</strong></span> <span class='ocrx_word' id='word_1_364' title='bbox 931 3649 971 3712; x_wconf 93' lang='lat' dir='ltr'><strong>de</strong></span> <span class='ocrx_word' id='word_1_365' title='bbox 987 3651 1101 3712; x_wconf 89' lang='lat' dir='ltr'><strong>ouibus</strong></span> <span class='ocrx_word' id='word_1_366' title='bbox 1123 3645 1291 3734; x_wconf 85' lang='lat' dir='ltr'><strong>nunquam¹</strong></span> <span class='ocrx_word' id='word_1_367' title='bbox 1303 3649 1447 3730; x_wconf 89' lang='lat' dir='ltr'><strong>fecimus,</strong></span> <span class='ocrx_word' id='word_1_368' title='bbox 1466 3647 1629 3734; x_wconf 88' lang='lat' dir='ltr'><strong>quomodo</strong></span> <span class='ocrx_word' id='word_1_369' title='bbox 1646 3671 1730 3712; x_wconf 90' lang='lat' dir='ltr'><strong>nunc</strong></span> <span class='ocrx_word' id='word_1_370' title='bbox 1747 3648 1895 3730; x_wconf 75' lang='lat' dir='ltr'><strong>iacintus,</strong></span> <span class='ocrx_word' id='word_1_371' title='bbox 1920 3673 1997 3714; x_wconf 94' lang='lat' dir='ltr'><strong>uno·</strong></span> 
     </span>
     <span class='ocr_line' id='line_1_32' title="bbox 316 3750 1996 3838; baseline 0.003 -25"><span class='ocrx_word' id='word_1_372' title='bbox 316 3772 445 3836; x_wconf 91' lang='lat' dir='ltr'><strong>quoque</strong></span> <span class='ocrx_word' id='word_1_373' title='bbox 469 3769 562 3815; x_wconf 86' lang='lat' dir='ltr'><strong>anno·</strong></span> <span class='ocrx_word' id='word_1_374' title='bbox 577 3750 691 3816; x_wconf 90' lang='lat' dir='ltr'><strong>damus</strong></span> <span class='ocrx_word' id='word_1_375' title='bbox 716 3776 840 3838; x_wconf 90' lang='lat' dir='ltr'><strong>pecora,</strong></span> <span class='ocrx_word' id='word_1_376' title='bbox 868 3763 899 3816; x_wconf 91' lang='lat' dir='ltr'><strong>et</strong></span> <span class='ocrx_word' id='word_1_377' title='bbox 920 3776 1030 3837; x_wconf 90' lang='lat' dir='ltr'><strong>agnos.</strong></span> <span class='ocrx_word' id='word_1_378' title='bbox 1058 3752 1271 3816; x_wconf 86' lang='lat' dir='ltr'><strong>Ambulamus</strong></span> <span class='ocrx_word' id='word_1_379' title='bbox 1295 3756 1426 3837; x_wconf 91' lang='lat' dir='ltr'><strong>nauigio</strong></span> <span class='ocrx_word' id='word_1_380' title='bbox 1451 3755 1481 3816; x_wconf 93' lang='lat' dir='ltr'><strong>in</strong></span> <span class='ocrx_word' id='word_1_381' title='bbox 1507 3753 1670 3833; x_wconf 83' lang='lat' dir='ltr'><strong>Venetiae,</strong></span> <span class='ocrx_word' id='word_1_382' title='bbox 1696 3753 1893 3836; x_wconf 85' lang='lat' dir='ltr'><strong>Ravennam,</strong></span> <span class='ocrx_word' id='word_1_383' title='bbox 1921 3755 1996 3818; x_wconf 90' lang='lat' dir='ltr'><strong>Dal·</strong></span> 
     </span>
     <span class='ocr_line' id='line_1_33' title="bbox 315 3857 1995 3944; baseline 0.004 -27"><span class='ocrx_word' id='word_1_384' title='bbox 315 3857 457 3938; x_wconf 87' lang='lat' dir='ltr'><strong>matiam,</strong></span> <span class='ocrx_word' id='word_1_385' title='bbox 483 3868 514 3920; x_wconf 89' lang='lat' dir='ltr'><strong>et</strong></span> <span class='ocrx_word' id='word_1_386' title='bbox 538 3879 596 3942; x_wconf 90' lang='lat' dir='ltr'><strong>per</strong></span> <span class='ocrx_word' id='word_1_387' title='bbox 630 3857 772 3934; x_wconf 87' lang='lat' dir='ltr'><strong>flumina,</strong></span> <span class='ocrx_word' id='word_1_388' title='bbox 798 3859 882 3943; x_wconf 90' lang='lat' dir='ltr'><strong>quod</strong></span> <span class='ocrx_word' id='word_1_389' title='bbox 917 3881 1078 3944; x_wconf 91' lang='lat' dir='ltr'><strong>nunquam</strong></span> <span class='ocrx_word' id='word_1_390' title='bbox 1109 3858 1256 3922; x_wconf 78' lang='lat' dir='ltr'><strong>fecimus.</strong></span> <span class='ocrx_word' id='word_1_391' title='bbox 1290 3859 1361 3924; x_wconf 88' lang='lat' dir='ltr'><strong>Non</strong></span> <span class='ocrx_word' id='word_1_392' title='bbox 1395 3860 1497 3923; x_wconf 89' lang='lat' dir='ltr'><strong>solum</strong></span> <span class='ocrx_word' id='word_1_393' title='bbox 1528 3859 1647 3923; x_wconf 88' lang='lat' dir='ltr'><strong>Joanni</strong></span> <span class='ocrx_word' id='word_1_394' title='bbox 1685 3859 1745 3924; x_wconf 82' lang='lat' dir='ltr'><strong>lioc</strong></span> <span class='ocrx_word' id='word_1_395' title='bbox 1767 3860 1912 3939; x_wconf 87' lang='lat' dir='ltr'><strong>facimus,</strong></span> <span class='ocrx_word' id='word_1_396' title='bbox 1939 3861 1995 3924; x_wconf 86' lang='lat' dir='ltr'><strong>sad</strong></span> 
     </span>
     <span class='ocr_line' id='line_1_34' title="bbox 316 3959 1995 4048; baseline 0.005 -27"><span class='ocrx_word' id='word_1_397' title='bbox 316 3959 414 4022; x_wconf 85' lang='lat' dir='ltr'><strong>etiam</strong></span> <span class='ocrx_word' id='word_1_398' title='bbox 437 3959 478 4023; x_wconf 91' lang='lat' dir='ltr'><strong>ad</strong></span> <span class='ocrx_word' id='word_1_399' title='bbox 502 3959 594 4042; x_wconf 87' lang='lat' dir='ltr'><strong>filios,</strong></span> <span class='ocrx_word' id='word_1_400' title='bbox 620 3973 651 4025; x_wconf 89' lang='lat' dir='ltr'><strong>et</strong></span> <span class='ocrx_word' id='word_1_401' title='bbox 674 3961 765 4044; x_wconf 86' lang='lat' dir='ltr'><strong>filias,</strong></span> <span class='ocrx_word' id='word_1_402' title='bbox 799 3985 854 4026; x_wconf 91' lang='lat' dir='ltr'><strong>seu</strong></span> <span class='ocrx_word' id='word_1_403' title='bbox 879 3986 1033 4048; x_wconf 86' lang='lat' dir='ltr'><strong>generum</strong></span> <span class='ocrx_word' id='word_1_404' title='bbox 1064 3987 1167 4027; x_wconf 87' lang='lat' dir='ltr'><strong>suurn.</strong></span> <span class='ocrx_word' id='word_1_405' title='bbox 1202 3963 1339 4045; x_wconf 79' lang='lat' dir='ltr'><strong>Quando</strong></span> <span class='ocrx_word' id='word_1_406' title='bbox 1372 3965 1424 4029; x_wconf 92' lang='lat' dir='ltr'><strong>ille</strong></span> <span class='ocrx_word' id='word_1_407' title='bbox 1456 3968 1581 4029; x_wconf 75' lang='lat' dir='ltr'><strong>verterit</strong></span> <span class='ocrx_word' id='word_1_408' title='bbox 1605 3969 1636 4028; x_wconf 90' lang='lat' dir='ltr'><strong>in</strong></span> <span class='ocrx_word' id='word_1_409' title='bbox 1661 3966 1841 4030; x_wconf 87' lang='lat' dir='ltr'><strong>districtum</strong></span> <span class='ocrx_word' id='word_1_410' title='bbox 1874 3967 1995 4029; x_wconf 89' lang='lat' dir='ltr'><strong>domini</strong></span> 
     </span>
    </p>
   </div>
   <div class='ocr_carea' id='block_1_7' title="bbox 312 4062 2046 4153">
    <p class='ocr_par' dir='ltr' id='par_1_7' title="bbox 312 4062 2046 4153">
     <span class='ocr_line' id='line_1_35' title="bbox 312 4062 2046 4153; baseline 0.005 -25"><span class='ocrx_word' id='word_1_411' title='bbox 312 4062 522 4149; x_wconf 89' lang='lat' dir='ltr'><strong>Imperatoris</strong></span> <span class='ocrx_word' id='word_1_412' title='bbox 546 4064 712 4130; x_wconf 90' lang='lat' dir='ltr'><strong>ambulare</strong></span> <span class='ocrx_word' id='word_1_413' title='bbox 744 4077 799 4130; x_wconf 92' lang='lat' dir='ltr'><strong>aut</strong></span> <span class='ocrx_word' id='word_1_414' title='bbox 823 4090 897 4131; x_wconf 90' lang='lat' dir='ltr'><strong>suos</strong></span> <span class='ocrx_word' id='word_1_415' title='bbox 922 4068 1062 4152; x_wconf 86' lang='lat' dir='ltr'><strong>dirigere</strong></span> <span class='ocrx_word' id='word_1_416' title='bbox 1086 4068 1241 4150; x_wconf 90' lang='lat' dir='ltr'><strong>homines,</strong></span> <span class='ocrx_word' id='word_1_417' title='bbox 1265 4069 1354 4132; x_wconf 90' lang='lat' dir='ltr'><strong>tollet</strong></span> <span class='ocrx_word' id='word_1_418' title='bbox 1381 4081 1506 4134; x_wconf 86' lang='lat' dir='ltr'><strong>nostros</strong></span> <span class='ocrx_word' id='word_1_419' title='bbox 1530 4070 1683 4153; x_wconf 89' lang='lat' dir='ltr'><strong>caballos,</strong></span> <span class='ocrx_word' id='word_1_420' title='bbox 1708 4081 1739 4134; x_wconf 91' lang='lat' dir='ltr'><strong>et</strong></span> <span class='ocrx_word' id='word_1_421' title='bbox 1764 4080 1889 4136; x_wconf 86' lang='lat' dir='ltr'><strong>nostros</strong></span> <span class='ocrx_word' id='word_1_422' title='bbox 1911 4071 1996 4136; x_wconf 88' lang='lat' dir='ltr'><strong>filios</strong></span> <span class='ocrx_word' id='word_1_423' title='bbox 2043 4071 2046 4084; x_wconf 77' lang='lat'>&#39;</span> 
     </span>
    </p>
   </div>
   <div class='ocr_carea' id='block_1_8' title="bbox 246 4167 1995 5428">
    <p class='ocr_par' dir='ltr' id='par_1_8' title="bbox 246 4167 1995 5428">
     <span class='ocr_line' id='line_1_36' title="bbox 314 4167 1995 4260; baseline 0.006 -29"><span class='ocrx_word' id='word_1_424' title='bbox 314 4191 386 4232; x_wconf 88' lang='lat' dir='ltr'><strong>eum</strong></span> <span class='ocrx_word' id='word_1_425' title='bbox 411 4167 512 4232; x_wconf 87' lang='lat' dir='ltr'><strong>forcia</strong></span> <span class='ocrx_word' id='word_1_426' title='bbox 536 4192 643 4234; x_wconf 91' lang='lat' dir='ltr'><strong>secum</strong></span> <span class='ocrx_word' id='word_1_427' title='bbox 670 4172 769 4251; x_wconf 72' lang='lat' dir='ltr'><strong>ducit,</strong></span> <span class='ocrx_word' id='word_1_428' title='bbox 791 4183 823 4236; x_wconf 91' lang='lat' dir='ltr'><strong>et</strong></span> <span class='ocrx_word' id='word_1_429' title='bbox 845 4172 922 4237; x_wconf 90' lang='lat' dir='ltr'><strong>facit</strong></span> <span class='ocrx_word' id='word_1_430' title='bbox 942 4197 996 4238; x_wconf 91' lang='lat' dir='ltr'><strong>eos</strong></span> <span class='ocrx_word' id='word_1_431' title='bbox 1021 4176 1082 4238; x_wconf 91' lang='lat' dir='ltr'><strong>sibi</strong></span> <span class='ocrx_word' id='word_1_432' title='bbox 1108 4175 1234 4239; x_wconf 84' lang='lat' dir='ltr'><strong>trahere</strong></span> <span class='ocrx_word' id='word_1_433' title='bbox 1268 4175 1409 4238; x_wconf 85' lang='lat' dir='ltr'><strong>farcinas</strong></span> <span class='ocrx_word' id='word_1_434' title='bbox 1434 4175 1544 4260; x_wconf 91' lang='lat' dir='ltr'><strong>procul</strong></span> <span class='ocrx_word' id='word_1_435' title='bbox 1570 4175 1635 4240; x_wconf 86' lang='lat' dir='ltr'><strong>fere</strong></span> <span class='ocrx_word' id='word_1_436' title='bbox 1660 4177 1791 4258; x_wconf 87' lang='lat' dir='ltr'><strong>triginta</strong></span> <span class='ocrx_word' id='word_1_437' title='bbox 1809 4187 1840 4238; x_wconf 82' lang='lat' dir='ltr'><strong>tt</strong></span> <span class='ocrx_word' id='word_1_438' title='bbox 1856 4199 1917 4254; x_wconf 77' lang='lat' dir='ltr'><strong>arn¹</strong></span> <span class='ocrx_word' id='word_1_439' title='bbox 1934 4177 1995 4241; x_wconf 90' lang='lat' dir='ltr'><strong>lius</strong></span> 
     </span>
     <span class='ocr_line' id='line_1_37' title="bbox 314 4273 1993 4367; baseline 0.004 -29"><span class='ocrx_word' id='word_1_440' title='bbox 314 4273 423 4358; x_wconf 89' lang='lat' dir='ltr'><strong>millia,</strong></span> <span class='ocrx_word' id='word_1_441' title='bbox 447 4273 531 4338; x_wconf 91' lang='lat' dir='ltr'><strong>tollit</strong></span> <span class='ocrx_word' id='word_1_442' title='bbox 547 4278 653 4338; x_wconf 91' lang='lat' dir='ltr'><strong>omnia</strong></span> <span class='ocrx_word' id='word_1_443' title='bbox 677 4279 722 4340; x_wconf 92' lang='lat' dir='ltr'><strong>eis</strong></span> <span class='ocrx_word' id='word_1_444' title='bbox 748 4281 888 4364; x_wconf 83' lang='lat' dir='ltr'><strong>quitquit</strong></span> <span class='ocrx_word' id='word_1_445' title='bbox 918 4279 1046 4362; x_wconf 88' lang='lat' dir='ltr'><strong>babent,</strong></span> <span class='ocrx_word' id='word_1_446' title='bbox 1071 4279 1173 4343; x_wconf 90' lang='lat' dir='ltr'><strong>solum</strong></span> <span class='ocrx_word' id='word_1_447' title='bbox 1198 4305 1217 4344; x_wconf 91' lang='lat' dir='ltr'><strong>a</strong></span> <span class='ocrx_word' id='word_1_448' title='bbox 1239 4283 1309 4364; x_wconf 90' lang='lat' dir='ltr'><strong>ipsa</strong></span> <span class='ocrx_word' id='word_1_449' title='bbox 1332 4303 1469 4365; x_wconf 87' lang='lat' dir='ltr'><strong>persona</strong></span> <span class='ocrx_word' id='word_1_450' title='bbox 1499 4282 1539 4344; x_wconf 91' lang='lat' dir='ltr'><strong>ad</strong></span> <span class='ocrx_word' id='word_1_451' title='bbox 1575 4281 1657 4367; x_wconf 86' lang='lat' dir='ltr'><strong>pede</strong></span> <span class='ocrx_word' id='word_1_452' title='bbox 1682 4303 1823 4346; x_wconf 89' lang='lat' dir='ltr'><strong>remeare</strong></span> <span class='ocrx_word' id='word_1_453' title='bbox 1855 4281 1933 4346; x_wconf 87' lang='lat' dir='ltr'><strong>facit</strong></span> <span class='ocrx_word' id='word_1_454' title='bbox 1964 4285 1993 4344; x_wconf 89' lang='lat' dir='ltr'><strong>in</strong></span> 
     </span>
     <span class='ocr_line' id='line_1_38' title="bbox 315 4381 1994 4471; baseline 0.005 -29"><span class='ocrx_word' id='word_1_455' title='bbox 315 4381 452 4465; x_wconf 90' lang='lat' dir='ltr'><strong>propria.</strong></span> <span class='ocrx_word' id='word_1_456' title='bbox 477 4381 612 4445; x_wconf 88' lang='lat' dir='ltr'><strong>Nostros</strong></span> <span class='ocrx_word' id='word_1_457' title='bbox 633 4393 739 4446; x_wconf 89' lang='lat' dir='ltr'><strong>autem</strong></span> <span class='ocrx_word' id='word_1_458' title='bbox 775 4383 916 4448; x_wconf 86' lang='lat' dir='ltr'><strong>caballos</strong></span> <span class='ocrx_word' id='word_1_459' title='bbox 942 4397 997 4448; x_wconf 88' lang='lat' dir='ltr'><strong>aut</strong></span> <span class='ocrx_word' id='word_1_460' title='bbox 1019 4387 1051 4448; x_wconf 93' lang='lat' dir='ltr'><strong>in</strong></span> <span class='ocrx_word' id='word_1_461' title='bbox 1075 4384 1215 4448; x_wconf 81' lang='lat' dir='ltr'><strong>Francia</strong></span> <span class='ocrx_word' id='word_1_462' title='bbox 1239 4405 1293 4447; x_wconf 91' lang='lat' dir='ltr'><strong>eos</strong></span> <span class='ocrx_word' id='word_1_463' title='bbox 1321 4384 1462 4467; x_wconf 87' lang='lat' dir='ltr'><strong>dimittit,</strong></span> <span class='ocrx_word' id='word_1_464' title='bbox 1487 4397 1542 4450; x_wconf 89' lang='lat' dir='ltr'><strong>aut</strong></span> <span class='ocrx_word' id='word_1_465' title='bbox 1568 4411 1623 4471; x_wconf 88' lang='lat' dir='ltr'><strong>per</strong></span> <span class='ocrx_word' id='word_1_466' title='bbox 1647 4409 1722 4450; x_wconf 91' lang='lat' dir='ltr'><strong>suus</strong></span> <span class='ocrx_word' id='word_1_467' title='bbox 1742 4387 1889 4452; x_wconf 87' lang='lat' dir='ltr'><strong>homines</strong></span> <span class='ocrx_word' id='word_1_468' title='bbox 1923 4387 1994 4452; x_wconf 87' lang='lat' dir='ltr'><strong>illus</strong></span> 
     </span>
     <span class='ocr_line' id='line_1_39' title="bbox 246 4477 1994 4578; baseline 0.007 -33"><span class='ocrx_word' id='word_1_469' title='bbox 246 4477 249 4482; x_wconf 69' lang='grc'><strong>’</strong></span> <span class='ocrx_word' id='word_1_470' title='bbox 313 4483 419 4548; x_wconf 88' lang='lat' dir='ltr'><strong>donat.</strong></span> <span class='ocrx_word' id='word_1_471' title='bbox 439 4483 533 4549; x_wconf 89' lang='lat' dir='ltr'><strong>Dicit</strong></span> <span class='ocrx_word' id='word_1_472' title='bbox 552 4487 584 4548; x_wconf 88' lang='lat' dir='ltr'><strong>in</strong></span> <span class='ocrx_word' id='word_1_473' title='bbox 608 4487 748 4571; x_wconf 91' lang='lat' dir='ltr'><strong>populo:</strong></span> <span class='ocrx_word' id='word_1_474' title='bbox 774 4488 963 4572; x_wconf 86' lang='lat' dir='ltr'><strong>colligemus</strong></span> <span class='ocrx_word' id='word_1_475' title='bbox 993 4491 1110 4553; x_wconf 87' lang='lat' dir='ltr'><strong>exenia</strong></span> <span class='ocrx_word' id='word_1_476' title='bbox 1135 4489 1175 4553; x_wconf 87' lang='lat' dir='ltr'><strong>ad</strong></span> <span class='ocrx_word' id='word_1_477' title='bbox 1204 4490 1369 4554; x_wconf 89' lang='lat' dir='ltr'><strong>dominum</strong></span> <span class='ocrx_word' id='word_1_478' title='bbox 1390 4493 1614 4576; x_wconf 85' lang='lat' dir='ltr'><strong>imperatorem</strong></span> <span class='ocrx_word' id='word_1_479' title='bbox 1640 4495 1723 4556; x_wconf 88' lang='lat' dir='ltr'><strong>sicut</strong></span> <span class='ocrx_word' id='word_1_480' title='bbox 1746 4503 1889 4578; x_wconf 90' lang='lat' dir='ltr'><strong>ternpore</strong></span> <span class='ocrx_word' id='word_1_481' title='bbox 1914 4492 1994 4556; x_wconf 89' lang='lat' dir='ltr'><strong>Gre-</strong></span> 
     </span>
     <span class='ocr_line' id='line_1_40' title="bbox 314 4589 1992 4683; baseline 0.007 -32"><span class='ocrx_word' id='word_1_482' title='bbox 314 4609 424 4652; x_wconf 90' lang='lat' dir='ltr'><strong>corum</strong></span> <span class='ocrx_word' id='word_1_483' title='bbox 450 4589 659 4670; x_wconf 88' lang='lat' dir='ltr'><strong>faciebamus,</strong></span> <span class='ocrx_word' id='word_1_484' title='bbox 691 4603 723 4654; x_wconf 90' lang='lat' dir='ltr'><strong>et</strong></span> <span class='ocrx_word' id='word_1_485' title='bbox 754 4595 863 4656; x_wconf 89' lang='lat' dir='ltr'><strong>veniat</strong></span> <span class='ocrx_word' id='word_1_486' title='bbox 895 4596 1011 4658; x_wconf 88' lang='lat' dir='ltr'><strong>missus</strong></span> <span class='ocrx_word' id='word_1_487' title='bbox 1034 4595 1073 4658; x_wconf 94' lang='lat' dir='ltr'><strong>de</strong></span> <span class='ocrx_word' id='word_1_488' title='bbox 1107 4595 1223 4680; x_wconf 86' lang='lat' dir='ltr'><strong>populo</strong></span> <span class='ocrx_word' id='word_1_489' title='bbox 1256 4618 1318 4659; x_wconf 91' lang='lat' dir='ltr'><strong>una</strong></span> <span class='ocrx_word' id='word_1_490' title='bbox 1341 4619 1477 4676; x_wconf 89' lang='lat' dir='ltr'><strong>mecum,</strong></span> <span class='ocrx_word' id='word_1_491' title='bbox 1502 4608 1534 4660; x_wconf 86' lang='lat' dir='ltr'><strong>et</strong></span> <span class='ocrx_word' id='word_1_492' title='bbox 1555 4597 1668 4661; x_wconf 85' lang='lat' dir='ltr'><strong>offerat</strong></span> <span class='ocrx_word' id='word_1_493' title='bbox 1692 4599 1778 4683; x_wconf 89' lang='lat' dir='ltr'><strong>ipsos</strong></span> <span class='ocrx_word' id='word_1_494' title='bbox 1802 4599 1919 4662; x_wconf 84' lang='lat' dir='ltr'><strong>exenio</strong></span> <span class='ocrx_word' id='word_1_495' title='bbox 1952 4598 1992 4662; x_wconf 90' lang='lat' dir='ltr'><strong>ad</strong></span> 
     </span>
     <span class='ocr_line' id='line_1_41' title="bbox 315 4691 1992 4788; baseline 0.008 -32"><span class='ocrx_word' id='word_1_496' title='bbox 315 4691 480 4757; x_wconf 90' lang='lat' dir='ltr'><strong>dominum</strong></span> <span class='ocrx_word' id='word_1_497' title='bbox 512 4695 746 4780; x_wconf 87' lang='lat' dir='ltr'><strong>imperatorem.</strong></span> <span class='ocrx_word' id='word_1_498' title='bbox 782 4697 848 4761; x_wconf 89' lang='lat' dir='ltr'><strong>Nos</strong></span> <span class='ocrx_word' id='word_1_499' title='bbox 879 4721 957 4763; x_wconf 84' lang='lat' dir='ltr'><strong>reru</strong></span> <span class='ocrx_word' id='word_1_500' title='bbox 990 4723 1062 4764; x_wconf 90' lang='lat' dir='ltr'><strong>cum</strong></span> <span class='ocrx_word' id='word_1_501' title='bbox 1094 4723 1210 4784; x_wconf 85' lang='lat' dir='ltr'><strong>magno</strong></span> <span class='ocrx_word' id='word_1_502' title='bbox 1239 4701 1357 4786; x_wconf 85' lang='lat' dir='ltr'><strong>gaudio</strong></span> <span class='ocrx_word' id='word_1_503' title='bbox 1390 4701 1588 4784; x_wconf 89' lang='lat' dir='ltr'><strong>collegimus,</strong></span> <span class='ocrx_word' id='word_1_504' title='bbox 1620 4704 1814 4788; x_wconf 89' lang='lat' dir='ltr'><strong>quaudoque</strong></span> <span class='ocrx_word' id='word_1_505' title='bbox 1838 4705 1927 4768; x_wconf 84' lang='lat' dir='ltr'><strong>venit</strong></span> <span class='ocrx_word' id='word_1_506' title='bbox 1950 4703 1992 4768; x_wconf 91' lang='lat' dir='ltr'><strong>ad</strong></span> 
     </span>
     <span class='ocr_line' id='line_1_42' title="bbox 315 4795 1993 4893; baseline 0.007 -31"><span class='ocrx_word' id='word_1_507' title='bbox 315 4795 492 4876; x_wconf 88' lang='lat' dir='ltr'><strong>ambulare,</strong></span> <span class='ocrx_word' id='word_1_508' title='bbox 518 4798 605 4880; x_wconf 89' lang='lat' dir='ltr'><strong>dicit,</strong></span> <span class='ocrx_word' id='word_1_509' title='bbox 631 4823 694 4864; x_wconf 92' lang='lat' dir='ltr'><strong>non</strong></span> <span class='ocrx_word' id='word_1_510' title='bbox 719 4801 812 4864; x_wconf 83' lang='lat' dir='ltr'><strong>vobis</strong></span> <span class='ocrx_word' id='word_1_511' title='bbox 835 4813 961 4888; x_wconf 90' lang='lat' dir='ltr'><strong>oportet</strong></span> <span class='ocrx_word' id='word_1_512' title='bbox 983 4806 1103 4888; x_wconf 87' lang='lat' dir='ltr'><strong>venire,</strong></span> <span class='ocrx_word' id='word_1_513' title='bbox 1127 4827 1185 4890; x_wconf 87' lang='lat' dir='ltr'><strong>ego</strong></span> <span class='ocrx_word' id='word_1_514' title='bbox 1210 4829 1264 4871; x_wconf 89' lang='lat' dir='ltr'><strong>ero</strong></span> <span class='ocrx_word' id='word_1_515' title='bbox 1289 4829 1346 4893; x_wconf 87' lang='lat' dir='ltr'><strong>pro</strong></span> <span class='ocrx_word' id='word_1_516' title='bbox 1370 4807 1463 4870; x_wconf 85' lang='lat' dir='ltr'><strong>vobis</strong></span> <span class='ocrx_word' id='word_1_517' title='bbox 1481 4809 1674 4872; x_wconf 85' lang='lat' dir='ltr'><strong>intercessor</strong></span> <span class='ocrx_word' id='word_1_518' title='bbox 1689 4808 1729 4872; x_wconf 91' lang='lat' dir='ltr'><strong>ad</strong></span> <span class='ocrx_word' id='word_1_519' title='bbox 1747 4809 1910 4873; x_wconf 91' lang='lat' dir='ltr'><strong>dominum</strong></span> <span class='ocrx_word' id='word_1_520' title='bbox 1936 4811 1993 4874; x_wconf 90' lang='lat' dir='ltr'><strong>im·</strong></span> 
     </span>
     <span class='ocr_line' id='line_1_43' title="bbox 314 4902 1991 5000; baseline 0.008 -34"><span class='ocrx_word' id='word_1_521' title='bbox 314 4912 516 4987; x_wconf 81' lang='lat' dir='ltr'><strong>peratoretn3</strong></span> <span class='ocrx_word' id='word_1_522' title='bbox 540 4902 595 4968; x_wconf 92' lang='lat' dir='ltr'><strong>ille</strong></span> <span class='ocrx_word' id='word_1_523' title='bbox 618 4913 726 4969; x_wconf 89' lang='lat' dir='ltr'><strong>autem</strong></span> <span class='ocrx_word' id='word_1_524' title='bbox 751 4929 824 4969; x_wconf 91' lang='lat' dir='ltr'><strong>cum</strong></span> <span class='ocrx_word' id='word_1_525' title='bbox 849 4909 966 4971; x_wconf 90' lang='lat' dir='ltr'><strong>nostris</strong></span> <span class='ocrx_word' id='word_1_526' title='bbox 990 4909 1082 4973; x_wconf 87' lang='lat' dir='ltr'><strong>donis</strong></span> <span class='ocrx_word' id='word_1_527' title='bbox 1107 4911 1196 4974; x_wconf 84' lang='lat' dir='ltr'><strong>radit</strong></span> <span class='ocrx_word' id='word_1_528' title='bbox 1226 4913 1267 4976; x_wconf 93' lang='lat' dir='ltr'><strong>ad</strong></span> <span class='ocrx_word' id='word_1_529' title='bbox 1300 4912 1463 4977; x_wconf 89' lang='lat' dir='ltr'><strong>dominum</strong></span> <span class='ocrx_word' id='word_1_530' title='bbox 1488 4915 1724 5000; x_wconf 87' lang='lat' dir='ltr'><strong>imperatorem,</strong></span> <span class='ocrx_word' id='word_1_531' title='bbox 1756 4914 1889 4999; x_wconf 89' lang='lat' dir='ltr'><strong>placitat</strong></span> <span class='ocrx_word' id='word_1_532' title='bbox 1920 4916 1991 4996; x_wconf 90' lang='lat' dir='ltr'><strong>sibi,</strong></span> 
     </span>
     <span class='ocr_line' id='line_1_44' title="bbox 313 5005 1989 5105; baseline 0.01 -37"><span class='ocrx_word' id='word_1_533' title='bbox 313 5005 366 5070; x_wconf 87' lang='lat' dir='ltr'><strong>vel</strong></span> <span class='ocrx_word' id='word_1_534' title='bbox 383 5006 458 5070; x_wconf 89' lang='lat' dir='ltr'><strong>filiis</strong></span> <span class='ocrx_word' id='word_1_535' title='bbox 480 5011 546 5071; x_wconf 83' lang='lat' dir='ltr'><strong>suis</strong></span> <span class='ocrx_word' id='word_1_536' title='bbox 571 5008 735 5091; x_wconf 90' lang='lat' dir='ltr'><strong>honorem,</strong></span> <span class='ocrx_word' id='word_1_537' title='bbox 754 5021 785 5074; x_wconf 84' lang='lat' dir='ltr'><strong>ct</strong></span> <span class='ocrx_word' id='word_1_538' title='bbox 807 5035 864 5075; x_wconf 90' lang='lat' dir='ltr'><strong>nos</strong></span> <span class='ocrx_word' id='word_1_539' title='bbox 881 5035 991 5078; x_wconf 87' lang='lat' dir='ltr'><strong>sumus</strong></span> <span class='ocrx_word' id='word_1_540' title='bbox 1008 5015 1039 5077; x_wconf 90' lang='lat' dir='ltr'><strong>in</strong></span> <span class='ocrx_word' id='word_1_541' title='bbox 1057 5015 1170 5098; x_wconf 91' lang='lat' dir='ltr'><strong>grandi</strong></span> <span class='ocrx_word' id='word_1_542' title='bbox 1200 5020 1415 5101; x_wconf 87' lang='lat' dir='ltr'><strong>oppressione,</strong></span> <span class='ocrx_word' id='word_1_543' title='bbox 1436 5029 1467 5082; x_wconf 89' lang='lat' dir='ltr'><strong>et</strong></span> <span class='ocrx_word' id='word_1_544' title='bbox 1483 5019 1603 5086; x_wconf 87' lang='lat' dir='ltr'><strong>dolore.</strong></span> <span class='ocrx_word' id='word_1_545' title='bbox 1633 5019 1792 5105; x_wconf 88' lang='lat' dir='ltr'><strong>Tempore</strong></span> <span class='ocrx_word' id='word_1_546' title='bbox 1820 5043 1989 5104; x_wconf 72' lang='lat' dir='ltr'><strong>grecorum</strong></span> 
     </span>
     <span class='ocr_line' id='line_1_45' title="bbox 313 5109 1990 5211; baseline 0.009 -36"><span class='ocrx_word' id='word_1_547' title='bbox 313 5109 546 5195; x_wconf 87' lang='lat' dir='ltr'><strong>colligebamus</strong></span> <span class='ocrx_word' id='word_1_548' title='bbox 571 5113 670 5177; x_wconf 90' lang='lat' dir='ltr'><strong>semel</strong></span> <span class='ocrx_word' id='word_1_549' title='bbox 695 5117 726 5176; x_wconf 92' lang='lat' dir='ltr'><strong>in</strong></span> <span class='ocrx_word' id='word_1_550' title='bbox 751 5139 844 5196; x_wconf 91' lang='lat' dir='ltr'><strong>anno,</strong></span> <span class='ocrx_word' id='word_1_551' title='bbox 871 5119 897 5180; x_wconf 93' lang='lat' dir='ltr'><strong>si</strong></span> <span class='ocrx_word' id='word_1_552' title='bbox 927 5140 1059 5182; x_wconf 88' lang='lat' dir='ltr'><strong>necesse</strong></span> <span class='ocrx_word' id='word_1_553' title='bbox 1076 5132 1153 5200; x_wconf 90' lang='lat' dir='ltr'><strong>erat,</strong></span> <span class='ocrx_word' id='word_1_554' title='bbox 1172 5131 1301 5207; x_wconf 87' lang='lat' dir='ltr'><strong>propter</strong></span> <span class='ocrx_word' id='word_1_555' title='bbox 1318 5125 1432 5188; x_wconf 89' lang='lat' dir='ltr'><strong>missos</strong></span> <span class='ocrx_word' id='word_1_556' title='bbox 1449 5125 1642 5210; x_wconf 89' lang='lat' dir='ltr'><strong>imperiales.</strong></span> <span class='ocrx_word' id='word_1_557' title='bbox 1661 5125 1710 5188; x_wconf 90' lang='lat' dir='ltr'><strong>De</strong></span> <span class='ocrx_word' id='word_1_558' title='bbox 1735 5136 1860 5191; x_wconf 88' lang='lat' dir='ltr'><strong>eentum</strong></span> <span class='ocrx_word' id='word_1_559' title='bbox 1885 5129 1990 5211; x_wconf 86' lang='lat' dir='ltr'><strong>capita</strong></span> 
     </span>
     <span class='ocr_line' id='line_1_46' title="bbox 313 5217 1990 5314; baseline 0.008 -32"><span class='ocrx_word' id='word_1_560' title='bbox 313 5217 431 5296; x_wconf 90' lang='lat' dir='ltr'><strong>ouium,</strong></span> <span class='ocrx_word' id='word_1_561' title='bbox 456 5241 519 5303; x_wconf 89' lang='lat' dir='ltr'><strong>que</strong></span> <span class='ocrx_word' id='word_1_562' title='bbox 554 5217 701 5298; x_wconf 83' lang='lat' dir='ltr'><strong>habebat,</strong></span> <span class='ocrx_word' id='word_1_563' title='bbox 739 5242 854 5302; x_wconf 87' lang='lat' dir='ltr'><strong>unum;</strong></span> <span class='ocrx_word' id='word_1_564' title='bbox 879 5222 1111 5294; x_wconf 86' lang='lat' dir='ltr'><strong>modoautem</strong></span> <span class='ocrx_word' id='word_1_565' title='bbox 1145 5229 1199 5312; x_wconf 90' lang='lat' dir='ltr'><strong>qui</strong></span> <span class='ocrx_word' id='word_1_566' title='bbox 1230 5227 1376 5291; x_wconf 89' lang='lat' dir='ltr'><strong>ultimum</strong></span> <span class='ocrx_word' id='word_1_567' title='bbox 1412 5247 1483 5294; x_wconf 87' lang='lat' dir='ltr'><strong>nos·</strong></span> <span class='ocrx_word' id='word_1_568' title='bbox 1505 5231 1610 5314; x_wconf 90' lang='lat' dir='ltr'><strong>habet,</strong></span> <span class='ocrx_word' id='word_1_569' title='bbox 1635 5255 1734 5297; x_wconf 89' lang='lat' dir='ltr'><strong>unum</strong></span> <span class='ocrx_word' id='word_1_570' title='bbox 1759 5233 1877 5296; x_wconf 85' lang='lat' dir='ltr'><strong>exinde</strong></span> <span class='ocrx_word' id='word_1_571' title='bbox 1900 5233 1990 5314; x_wconf 88' lang='lat' dir='ltr'><strong>tollit,</strong></span> 
     </span>
     <span class='ocr_line' id='line_1_47' title="bbox 312 5326 1993 5428; baseline 0.007 -36"><span class='ocrx_word' id='word_1_572' title='bbox 312 5333 345 5392; x_wconf 79' lang='lat' dir='ltr'><strong>et</strong></span> <span class='ocrx_word' id='word_1_573' title='bbox 366 5326 528 5390; x_wconf 81' lang='lat' dir='ltr'><strong>nescimus</strong></span> <span class='ocrx_word' id='word_1_574' title='bbox 552 5327 677 5411; x_wconf 89' lang='lat' dir='ltr'><strong>intueri,</strong></span> <span class='ocrx_word' id='word_1_575' title='bbox 694 5349 752 5416; x_wconf 88' lang='lat' dir='ltr'><strong>per</strong></span> <span class='ocrx_word' id='word_1_576' title='bbox 774 5331 966 5393; x_wconf 81' lang='lat' dir='ltr'><strong>annum‘sui</strong></span> <span class='ocrx_word' id='word_1_577' title='bbox 989 5339 1136 5394; x_wconf 88' lang='lat' dir='ltr'><strong>auctores</strong></span> <span class='ocrx_word' id='word_1_578' title='bbox 1168 5333 1285 5397; x_wconf 84' lang='lat' dir='ltr'><strong>exinde</strong></span> <span class='ocrx_word' id='word_1_579' title='bbox 1310 5333 1470 5420; x_wconf 87' lang='lat' dir='ltr'><strong>prendunt</strong></span> <span class='ocrx_word' id='word_1_580' title='bbox 1494 5337 1555 5400; x_wconf 88' lang='lat' dir='ltr'><strong>ista</strong></span> <span class='ocrx_word' id='word_1_581' title='bbox 1578 5340 1694 5400; x_wconf 88' lang='lat' dir='ltr'><strong>omnia.</strong></span> <span class='ocrx_word' id='word_1_582' title='bbox 1718 5337 1771 5402; x_wconf 90' lang='lat' dir='ltr'><strong>Ad</strong></span> <span class='ocrx_word' id='word_1_583' title='bbox 1796 5361 1888 5404; x_wconf 90' lang='lat' dir='ltr'><strong>suum</strong></span> <span class='ocrx_word' id='word_1_584' title='bbox 1914 5361 1993 5428; x_wconf 84' lang='lat' dir='ltr'><strong>opus</strong></span> 
     </span>
    </p>
   </div>
   <div class='ocr_carea' id='block_1_9' title="bbox 2076 2631 2090 2660">
    <p class='ocr_par' dir='ltr' id='par_1_9' title="bbox 2076 2631 2090 2660">
     <span class='ocr_line' id='line_1_48' title="bbox 2076 2631 2090 2660; baseline 0 -2"><span class='ocrx_word' id='word_1_585' title='bbox 2076 2631 2090 2660; x_wconf 71' lang='grc' dir='ltr'>Ι</span> 
     </span>
    </p>
   </div>
   <div class='ocr_carea' id='block_1_10' title="bbox 0 0 2180 5926">
    <p class='ocr_par' dir='ltr' id='par_1_10' title="bbox 0 0 2180 5926">
     <span class='ocr_line' id='line_1_49' title="bbox 0 0 2180 5926; baseline 0 0"><span class='ocrx_word' id='word_1_586' title='bbox 0 0 2180 5926; x_wconf 95' lang='lat' dir='ltr'><strong> </strong></span> 
     </span>
    </p>
   </div>
  </div>
 </body>
</html>
