4300 5930
342 603 577 692 presbyterum,
601 617 724 691 patrem
749 625 856 668 meum
877 603 1086 690 spiritualem,
1114 603 1252 670 Cernam
1285 604 1421 688 Oncille,
1454 605 1649 696 aduocatum
1686 607 1787 694 ipsius
1823 609 2027 688 monasterii,
2128 577 2130 668 l

340 733 401 777 neo
424 733 487 778 non
511 721 543 776 et
564 709 736 775 Matbeum·
754 719 863 775 sancte
887 708 1059 776 Anastasia
1081 710 1324 792 subdiaconum,
1350 712 1530 777 iadrensem
1555 716 1724 790 notarium,
1747 723 1778 777 at
1794 713 1875 778 alios
1900 713 2026 778 nobiles

346 818 443 900 viros,
467 839 602 904 quorum
627 818 758 882 nomina
781 816 963 904 subscripta
986 825 1070 894 sunt,
1095 839 1211 882 vocare
1233 817 1306 882 feci.
1337 817 1374 882 ln
1398 820 1511 884 notitia
1532 829 1564 884 et
1587 822 1773 884 testimonio
1790 841 1926 906 qnorum
1953 817 2029 883 volo

341 933 373 990 et
395 922 533 1007 stabilio,
558 932 593 988 ut
615 925 724 989 omnia
747 922 832 989 bona
856 945 936 1007 mea,
961 922 1138 1004 domorum,
1169 925 1346 1005 vinearum,
1363 945 1513 1010 agrorum
1531 934 1562 988 et
1581 926 1892 990 omniummearum
1917 947 2028 988 rerum
2129 943 2130 946 ’

339 1027 506 1096 mobilium
532 1039 565 1095 et
587 1028 808 1110 immobilium,
832 1031 864 1093 in
888 1051 1080 1116 quocunque
1102 1028 1171 1094 loco
1195 1038 1278 1112 sunt,
1301 1039 1333 1094 et
1355 1053 1482 1096 omnem
1507 1029 1654 1096 ordinem
1682 1031 1796 1096 domus
1813 1053 1893 1114 mee,
1911 1053 2026 1118 perue-

339 1137 407 1200 niat
429 1137 462 1200 in
485 1143 643 1224 potestate
667 1143 700 1200 et
723 1134 941 1200 dominatione
967 1135 1101 1221 predicti
1136 1133 1230 1199 huius
1254 1137 1356 1200 sancti
1381 1139 1578 1214 monasterii,
1602 1135 1703 1201 beate
1737 1135 1841 1200 Maria
1878 1136 2030 1220 virginis,

338 1249 448 1328 pretor
466 1251 584 1326 vestes,
618 1265 681 1328 que
716 1249 790 1307 sunt
824 1243 856 1305 in
890 1263 966 1306 arca
1003 1263 1083 1322 mea,
1119 1249 1151 1304 et
1180 1239 1362 1328 aliquantos
1398 1265 1560 1329 perperos,
1600 1265 1680 1328 quos
1721 1253 1899 1307 memorata
1938 1263 2028 1306 uxor

316 1369 411 1413 mea
433 1347 475 1413 ad
498 1349 674 1417 remedium
700 1370 757 1412 sue
780 1358 812 1413 et
835 1348 940 1411 anime
964 1364 1033 1410 mee
1054 1345 1269 1432 pertractabit,
1301 1370 1373 1412 oum
1397 1350 1429 1412 in
1454 1347 1600 1434 predicto
1625 1371 1719 1414 sacro
1754 1347 1890 1413 cenobio
1924 1346 2026 1411 inerit

338 1453 493 1540 ingressa.
518 1454 591 1520 Hoc
613 1477 719 1520 meum
743 1462 970 1520 testamentum
1007 1451 1122 1518 stabile
1146 1453 1178 1516 in
1202 1461 1390 1540 perpetuom
1416 1453 1495 1536 fors,
1524 1475 1584 1538 ego
1608 1452 1777 1518 Prodamus
1801 1452 1919 1518 Gudici
1944 1473 2020 1517 cnm

336 1580 497 1625 consensu
520 1561 631 1626 uxoris
657 1581 727 1624 mee
750 1558 846 1624 Slaue
869 1557 964 1623 lando
999 1567 1031 1622 et
1054 1557 1218 1623 confirmo.
1541 1633 1543 1638 ¹

496 1665 622 1732 Statuta
644 1674 718 1730 sunt
741 1663 800 1730 hec
814 1665 921 1728 omnia
937 1674 969 1728 et
984 1665 1110 1730 firmata
1135 1665 1167 1728 in
1186 1675 1320 1752 aspectu
1336 1675 1367 1730 et
1383 1666 1565 1730 testimonie
1587 1663 1718 1728 Andros
1733 1663 2021 1752 archipresbyteri,

336 1771 468 1836 Martini
495 1769 711 1854 Scanderelle,
736 1769 852 1853 Cerne,
869 1768 928 1834 filii
944 1767 1078 1848 Cucille,
1097 1769 1197 1832 Medii
1225 1757 1329 1834 Oeace
1345 1770 1544 1866 presbyteri,
1556 1769 1717 1835 Prononie
1734 1769 1891 1856 capellani
1918 1773 2025 1856 ipsius

336 1879 532 1958 monasterii,
557 1876 743 1942 Trunaanni
768 1876 825 1940 filii
849 1873 1017 1940 Michaelis
1053 1876 1169 1959 Panse,
1194 1884 1227 1941 et
1248 1874 1467 1940 Manchiauini
1491 1877 1532 1941 ad
1557 1875 1617 1942 hec
1641 1889 1889 1942 conuocatorum
1915 1889 1950 1940 et
1973 1897 2025 1940 ro·

337 1991 485 2066 gaiorum
508 1984 649 2048 testium.

493 2087 566 2173 Ego
589 2087 738 2153 Matheus
762 2098 872 2152 sancte
893 2089 1066 2152 Anastasia
1087 2088 1304 2152 subdiaconus
1327 2098 1360 2152 et
1383 2087 1539 2154 ledrensis
1565 2091 1725 2169 notarius,
1749 2087 1927 2174 apredicto
1944 2086 2025 2152 Pro-

336 2193 420 2260 dano
444 2193 563 2260 Gudini
586 2203 619 2260 et
642 2191 740 2259 Slana
763 2195 832 2259 sius
851 2217 951 2259 uxore
983 2203 1125 2278 rogatus,
1148 2203 1182 2258 ut
1204 2193 1314 2260 audini
1338 2194 1462 2279 scripsi,
1487 2193 1638 2258 roboraui
1662 2203 1695 2256 et
1718 2193 1812 2258 solito
1837 2195 1931 2277 signo
1956 2195 2024 2276 sig·
2128 2221 2129 2224 ¹

336 2302 411 2367 naui
435 2299 579 2366 feliciter.

493 2501 523 2555 la
546 2507 642 2572 starog
664 2501 814 2573 aspisnika
835 2508 997 2558 samostana
1019 2501 1214 2574 kalndjericab
1237 2521 1278 2560 av.
1303 2501 1405 2571 Marije
1426 2517 1445 2555 ιι
1470 2500 1573 2557 Zadru.

656 2792 887 2876 unxxrv.
915 2793 1028 2878 1184.
1057 2793 1443 2922 mascaronem.
1470 2743 1688 2876 [treanta.

336 2972 485 3034 Mirosloo
517 2973 618 3048 sapae
652 2974 800 3044 bribirslri,
835 2973 891 3032 tao
921 2973 1042 3046 pristas
1071 2973 1151 3031 bono
1176 2967 1317 3040 Discite,
1342 2973 1474 3046 pooroda
1495 2978 1669 3034 comesione
1691 2991 1735 3034 aa.
1765 2975 1925 3035 Krteoaoo
1956 2976 2020 3034 selo

1020 3078 1108 3138 Brdo
1129 3096 1151 3138 o
1173 3076 1323 3138 Siiooilru.

484 3267 521 3332 Iu
546 3265 668 3332 Christi
685 3269 824 3332 nomine.
840 3266 935 3330 Anno
952 3267 1183 3332 incarnationis
1201 3239 1371 3333 millesimo
1388 3269 1563 3333 centesimo
1580 3270 1776 3354 octogesimo
1794 3267 1879 3351 llll,
1899 3291 2012 3334 mense

336 3375 467 3455 marcio,
490 3373 664 3437 indictione
689 3372 841 3437 secunda.
866 3371 993 3437 dedere.
1018 3371 1186 3456 Regnante
1205 3373 1334 3438 domino
1370 3384 1479 3438 nostro
1515 3373 1595 3438 Bela
1628 3373 1679 3437 dei
1714 3375 1819 3458 gratia
1854 3373 2015 3459 Vagarie,
2113 3455 2119 3468 Ι

335 3477 509 3558 Dalmatio,
535 3477 695 3559 Obroatie,
716 3476 882 3564 Rameque
907 3480 1115 3543 serenissimo
1137 3501 1223 3563 rege,
1251 3488 1283 3542 at
1313 3481 1345 3542 in
1380 3480 1510 3543 ciuitate
1543 3479 1700 3544 iadertina
1724 3479 1909 3566 presidente
1947 3481 2016 3546 Da·

336 3587 443 3650 miano
466 3584 611 3649 Desinne
634 3585 760 3666 comite,
785 3583 934 3650 omnibus
958 3595 1022 3649 tam
1047 3584 1260 3671 presentibus,
1285 3607 1380 3669 quam
1405 3585 1505 3648 eciam
1538 3595 1570 3648 et
1601 3584 1717 3649 futuris
1744 3588 1909 3670 cognitum
1941 3587 2016 3652 fieri

335 3690 419 3772 volo,
443 3691 528 3776 quod
553 3710 613 3774 ego
636 3690 773 3774 iupanus
797 3688 968 3754 Miroslaus
992 3690 1200 3771 brebi-iensis,
1224 3689 1309 3754 filius
1333 3689 1522 3775 Bogdaniai,
1547 3713 1695 3754 veneram
1728 3690 1770 3772 ad
1793 3694 1916 3758 coriam
1943 3714 2014 3777 pre·

335 3796 412 3861 dicti
436 3794 556 3860 domini
582 3795 666 3878 regis
691 3803 723 3858 et
744 3793 877 3859 illustris
901 3797 960 3858 viri
986 3793 1126 3859 Dionisii
1149 3793 1307 3859 maritime
1331 3797 1497 3880 prouincia
1520 3794 1606 3876 bani,
1632 3796 1686 3860 ubi
1712 3797 1821 3861 inueni
1850 3796 2014 3862 Merinum

334 3899 552 3965 venerabilem
577 3900 726 3964 abbatem
751 3921 776 3964 s.
804 3897 976 3982 Grisogoni
1000 3899 1038 3963 de
1060 3899 1191 3982 Jodera,
1208 3901 1263 3984 qui
1283 3898 1359 3964 illuc
1376 3909 1509 3964 venerat
1535 3900 1576 3964 ad
1594 3900 1893 3966 determinationem
1915 3923 2014 3988 quam

334 4007 457 4071 fecerat
478 4004 627 4070 Zudonia
649 4003 810 4068 Kerboaic
832 4025 929 4090 super
952 4004 1113 4089 quandam
1138 4003 1248 4068 villam
1285 4003 1326 4068 ad
1362 4003 1511 4086 Berdam,
1541 4007 1572 4068 in
1604 4004 1674 4070 loco
1698 4007 1753 4091 qui
1785 4007 1905 4071 dicitur
1940 4007 2013 4072 Slu-

334 4113 447 4177 unicus
472 4117 662 4192 manentem,
682 4122 795 4196 'qnam
821 4108 983 4194 predictus
1018 4109 1119 4174 abbas
1148 4133 1207 4195 par
1238 4112 1370 4196 antiqua
1402 4110 1570 4195 priuilegia
1600 4119 1785 4176 constanter
1817 4112 2013 4178 ostendebat

333 4216 402 4283 sore
421 4219 606 4282 monasterii
625 4217 655 4283 b.
673 4214 845 4300 Orisogoni
865 4216 1013 4280 martiris.
1035 4215 1084 4278 De
1109 4237 1173 4302 qua
1195 4226 1390 4281 memoratus
1406 4215 1554 4281 Zudonia
1579 4215 1810 4282 molestabatur
1827 4215 2009 4302 predictum

334 4325 574 4405 monasterIum‚
599 4345 659 4387 nec
678 4321 805 4386 sinebat
828 4321 915 4385 illam
940 4320 1077 4386 eundem
1102 4323 1333 4387 monesterium
1358 4324 1389 4386 in
1415 4345 1492 4408 pace
1516 4322 1674 4388 detinere.
1709 4321 1829 4387 Sedet
1861 4332 2010 4410 tempore

333 4429 398 4511 illo,
422 4451 486 4516 quo
511 4430 574 4493 iam
598 4427 702 4493 dictus
729 4427 832 4493 banus
855 4427 1007 4491 Jaderam
1034 4437 1174 4508 venerat,
1208 4427 1386 4492 rationibus
1416 4426 1543 4492 abbatis
1566 4427 1693 4514 plenius
1717 4427 1902 4509 intellectis,
1933 4427 2013 4494 data

334 4534 599 4600 determinatione
616 4557 681 4621 per
705 4533 821 4599 multos
844 4535 998 4597 terminos
1020 4532 1178 4613 Zudonia,
1204 4543 1236 4598 et
1259 4556 1316 4619 par
1340 4535 1426 4599 viros
1440 4535 1557 4598 citatus
1574 4533 1616 4598 ad
1633 4533 1780 4599 ultimum
1798 4545 1830 4600 et
1846 4535 2009 4622 prefixum

334 4641 396 4706 sibi
416 4642 587 4706 terminum
612 4643 722 4706 venire
746 4639 869 4721 nolens,
894 4639 1041 4703 dominus
1065 4639 1169 4704 banus
1194 4638 1234 4704 de
1256 4639 1393 4704 consilio
1426 4642 1614 4726 iupanorum
1640 4638 1811 4705 Solanonia
1847 4663 1905 4726 per
1937 4661 2011 4706 sen·

333 4748 465 4812 tentiam
490 4745 666 4832 predictam
692 4744 801 4810 villam
827 4746 1022 4838 monasterio
1043 4767 1068 4808 s.
1094 4743 1265 4830 Crisogoni
1290 4745 1495 4827 adiudicauit,
1531 4757 1562 4810 et
1585 4745 1809 4811 ‘Dedomirum
1845 4744 2008 4812 Sramleni

332 4852 443 4918 abbati
469 4851 658 4940 pristaldum
683 4850 780 4932 dedit,
807 4853 862 4937 qui
887 4853 978 4914 iuxta
1002 4848 1123 4914 domini
1148 4850 1222 4914 bani
1259 4850 1454 4931 mandatum,
1490 4853 1747 4937 prenominatum
1784 4850 1935 4918 abbatom
1973 4851 2010 4916 in

331 4959 396 5022 iam
420 4957 508 5022 diota
532 4956 608 5021 villa
631 4957 747 5042 posuit.
772 4955 877 5043 Super
903 4979 999 5042 quam
1024 4967 1218 5021 memoratus
1241 4955 1389 5024 Zudonia
1415 4958 1553 5042 priorem
1585 4979 1707 5022 morem
1731 4979 1883 5044 sequens,
1920 4957 2008 5022 nite·

332 5064 428 5130 batur
450 5085 569 5150 ponere
593 5063 787 5148 questiones.
811 5061 908 5126 Unde
926 5061 1075 5127 dominus
1100 5061 1203 5127 banus
1226 5061 1305 5126 mibi
1327 5063 1462 5128 firmiter
1485 5064 1629 5150 precepit
1652 5059 1867 5149 postmodum,
1890 5071 1926 5128 ut
1943 5083 2010 5148 ego

331 5189 437 5234 essem
459 5167 636 5255 pristoldus
659 5167 768 5232 abbati
792 5167 833 5231 de
857 5166 917 5231 bac
941 5167 1027 5248 villa,
1047 5188 1143 5252 quarn
1168 5189 1228 5252 ego
1252 5189 1311 5254 per
1334 5167 1519 5234 mandatum
1544 5167 1717 5233 etfirmum
1741 5165 1895 5232 iudicium
1922 5164 2003 5232 bani

328 5271 455 5348 affirmo
480 5295 550 5340 asse
572 5295 596 5338 s.
619 5271 791 5367 Grisogoni
816 5275 849 5338 in
874 5273 1113 5360 sempiternum,
1139 5283 1169 5337 et
1181 5274 1214 5338 in
1231 5272 1301 5339 loco
1318 5275 1380 5338 mei
1397 5271 1438 5339 do
1456 5271 1646 5360 pristoldum
1665 5271 1873 5363 Gregorium,
1893 5269 2001 5344 filiun
