4300 5930
1754 453 1815 518 111

146 641 281 708 llaniea
303 643 397 725 Boni,
422 640 595 710 Zuanellus
620 645 741 730 Sergie,
766 645 947 732 Stephanus
970 647 1101 729 Metine,
1119 655 1149 712 et
1172 647 1268 712 ceteri
1292 646 1345 710 alii
1363 645 1530 712 dixerunt:
1548 645 1753 712 Consuetudo
1770 647 1816 710 vi-

147 749 289 815 duarum
315 751 374 815 hec
398 761 462 816 est:
485 751 518 816 Si
543 753 641 817 vidua
663 753 723 817 snb
747 775 781 817 se
803 733 900 818 filiurn
924 753 1021 818 hahet
1042 754 1205 833 clericum,
1229 755 1283 838 qui
1312 755 1412 822 maior
1446 753 1518 816 aliis
1552 763 1611 834 set,
1645 763 1748 818 mater
1782 763 1815 818 et

143 877 261 920 omnes
286 859 339 943 qui
364 857 423 922 sub
448 881 482 921 se
506 871 587 940 sunt,
612 863 762 945 episeopo
786 859 962 938 subiacent,
987 862 1027 924 de
1051 859 1199 926 omnibus
1233 859 1411 924 rationibus
1450 881 1530 946 quas
1566 861 1674 924 comiti
1710 843 1817 924 facere

142 959 339 1027 debuerunt.
365 962 519 1028 Similiter
541 963 688 1046 dicimus,
709 964 795 1051 quod
819 966 988 1050 episcopus
1012 963 1108 1030 debet
1129 986 1285 1028 excusare
1309 973 1374 1028 tres
1408 963 1562 1046 homines,
1596 979 1817 1052 quoscumque

142 1065 296 1150 voluerit,
320 1067 381 1132 hoc
403 1071 532 1152 seimus,
558 1079 589 1134 st
613 1093 669 1156 per
688 1092 801 1136 verum
826 1071 962 1136 dicimus
985 1073 1184 1136 testimoniis.
1208 1071 1280 1155 Ego
1304 1069 1485 1156 Stephanus
1510 1071 1657 1136 arbensis
1681 1068 1817 1135 ecclesie

141 1173 303 1238 diaconus
327 1184 359 1238 et
383 1177 523 1240 notarius
547 1174 687 1254 interfui,
712 1177 825 1261 scripsi
849 1187 880 1241 et
903 1175 1064 1243 roboraui.
1090 1175 1161 1262 Ego
1182 1175 1320 1240 Michael
1344 1175 1492 1242 Federici
1517 1177 1629 1263 Dragi,
1656 1177 1737 1241 sacri
1763 1199 1816 1262 pa-

142 1278 215 1342 latii
242 1283 384 1345 uomrius
405 1280 466 1346 hoc
488 1281 680 1368 exemplaui,
706 1281 784 1346 nihil
808 1281 931 1348 addens
951 1282 1004 1346 vel
1024 1284 1172 1348 minuens
1196 1283 1227 1346 in
1244 1305 1292 1364 eo,
1316 1283 1403 1369 quod
1435 1307 1593 1348 summam
1624 1293 1733 1365 mutet,
1766 1279 1818 1348 vel

141 1383 301 1468 valorem,
326 1398 357 1452 et
380 1398 568 1453 consuetum
589 1411 695 1453 meum
719 1390 847 1473 signum
871 1390 1018 1475 imposui.

295 1587 325 1642 la
347 1585 460 1660 norijsg
482 1588 597 1658 prcpisa
618 1587 754 1660 rabskog.

866 1881 971 1964 CLI.
999 1884 1105 1966 1179.

143 2075 250 2154 (ἔτ-ραν
270 2079 443 2154 nudht‘skup
466 2081 577 2150 baratri,
602 2081 718 2154 obsculo
738 2079 923 2154 posloaikom
945 2081 1135 2155 aodbiskupu
1157 2082 1324 2156 solinshopu
1347 2082 1445 2142 Ferre
1468 2083 1480 2140 ι’
1502 2080 1648 2154 Rajners,
1672 2081 1711 2140 da
1727 2079 1757 2140 ts
1773 2080 1820 2140 do·

336 2214 426 2272 skura
446 2213 516 2286 poa
536 2232 556 2272 u
579 2213 657 2284 Rim,
679 2214 787 2286 sprec
802 2231 913 2287 pupom
931 2215 1070 2288 primati
1086 2220 1245 2287 pruenstuo
1266 2215 1477 2288 nadbislrups'je
1499 2215 1635 2275 soliaaltc.

299 2418 505 2507 G(regorius)
528 2422 740 2486 antiuarensis
762 2420 891 2485 humilis
915 2421 1185 2507 archiepiscopus,
1223 2421 1375 2504 magistro
1411 2419 1574 2506 Raynerio
1604 2429 1636 2484 et
1667 2419 1821 2505 magistro

142 2523 249 2590 Ferro
277 2529 342 2590 suis
367 2528 398 2589 in
423 2524 551 2591 Christo
571 2527 694 2592 dilectis
718 2527 794 2591 filiis
814 2526 947 2592 salutem
972 2537 1004 2592 et
1026 2528 1151 2591 sincere
1177 2525 1362 2590 dilectionis
1382 2524 1558 2590 vinculum.
1576 2523 1679 2590 Vobis
1695 2521 1823 2590 demum

143 2632 317 2696 nobiscum
342 2635 611 2697 commorantibus
634 2655 837 2719 quecumque
862 2635 985 2699 locutus
1021 2632 1076 2714 fui,
1114 2655 1165 2697 me
1199 2632 1336 2696 firmiter
1372 2633 1556 2698 obseruare
1593 2633 1720 2713 sciatis3
1754 2651 1826 2696 cum

141 2739 229 2802 enim
257 2749 381 2824 tempus
404 2751 436 2802 et
457 2739 536 2804 hora
557 2739 662 2820 fuerit,
683 2741 812 2826 quando
835 2741 877 2804 ad
901 2741 1022 2803 domiui
1048 2762 1129 2824 pape
1153 2740 1350 2824 presentiam
1383 2761 1433 2802 me
1459 2747 1644 2824 presentare
1675 2737 1735 2802 deo
1768 2759 1827 2801 vc-

141 2844 231 2907 lente
256 2855 376 2929 potero,
394 2845 441 2908 ‘ad
464 2845 548 2930 quod
576 2849 607 2908 in
628 2849 777 2932 proximo
802 2871 870 2912 sum
896 2847 1037 2911 facturus
1062 2845 1168 2928 crede,
1199 2847 1305 2910 omnia
1329 2867 1394 2930 que
1419 2845 1460 2909 ad
1477 2843 1631 2909 honorem
1649 2854 1680 2910 et
1696 2842 1830 2912 laudem.

16 2951 18 2962 ’
119 2950 340 3044 ΙεριιΙιιῑειιεὶι
364 2951 596 3037 archiepiscopi
623 2956 794 3037 pertinent,
827 2953 1033 3017 deuotissime
1067 2974 1164 3035 agere
1206 2951 1336 3034 curabo,
1376 2961 1485 3038 utpote
1522 2949 1681 3014 nobilitati
1719 2959 1826 3014 vestre

141 3079 216 3120 sum
244 3059 332 3140 prius
356 3055 491 3120 locutus.
532 3057 627 3122 Hunc
651 3081 727 3122 vero
744 3070 925 3122 nostrarum
950 3055 1128 3122 litterarum
1151 3059 1337 3142 portitorem
1356 3055 1615 3121 commendatum
1633 3077 1704 3120 esse
1720 3057 1824 3141 cupio,
1853 3081 1861 3098 ‘

141 3175 174 3226 et
199 3185 260 3248 per
285 3183 340 3225 vos
364 3162 494 3226 domino
515 3163 767 3250 archiepiscopo,
785 3188 824 3229 ne
837 3189 856 3228 a
873 3187 1033 3250 quoquam
1053 3165 1208 3228 iniuriam
1225 3165 1372 3248 patiatur,
1393 3162 1444 3228 vel
1462 3161 1602 3248 aliquam
1619 3161 1823 3226 calumniam.

304 3380 449 3450 Illyricum
471 3379 596 3437 Sacrum.
620 3381 655 3439 T.
680 3381 730 3435 111.
754 3388 802 3438 str.
828 3382 899 3436 201.
924 3382 949 3436 iz
972 3382 1070 3436 arhiva
1093 3381 1209 3452 laptula
1231 3377 1396 3452 s‘pIJsts'lrog.
1419 3380 1452 3434 Τ.
1477 3379 1541 3438 Vll.
1564 3385 1615 3438 etr.
1640 3381 1691 3436 26.
1745 3429 1746 3434 ,

853 3710 976 3793 cun.
1004 3711 1111 3793 1179.

140 3929 292 4004 quneriu
316 3930 484 4003 nadbistup
507 3929 777 4003 sptjotscaportoa
799 3947 821 3987 u
844 3928 939 4002 Sle'ct
961 3925 1259 4001 accusatoremne,
1282 3925 1426 4000 senjscop,
1457 3923 1618 3998 nessani·
1648 3923 1823 4000 tropa'rslroo,

568 4061 608 4120 du
630 4061 684 4120 idn
706 4061 723 4120 ἕ
745 4063 820 4136 njim
842 4079 863 4120 u
887 4062 957 4120 Rs'm
976 4079 1018 4120 au
1040 4060 1129 4120 veliki
1151 4061 1239 4119 schor
1261 4059 1390 4118 artosol.

297 4271 363 4336 Nos
398 4271 449 4335 dei
484 4271 587 4355 gratia
621 4267 798 4334 salonitana
830 4267 966 4333 ecclesie
1000 4265 1269 4353 archiepiscopus,
1310 4265 1383 4330 licet
1419 4267 1605 4347 immeritus,
1640 4265 1814 4352 apostolice

142 4380 232 4445 sedis
258 4379 393 4463 legatus,
415 4375 655 4443 venerabilibus
676 4375 846 4440 fratribus:
869 4373 1047 4460 F(lasooni)
1081 4373 1255 4452 ticiniensi,
1293 4372 1425 4458 M(ireo)
1456 4373 1628 4456 segniensi,
1659 4373 1818 4461 hilatheo)

141 4487 293 4566 nonensi,
318 4496 350 4549 et
372 4482 555 4570 M(ichaeli)
579 4483 772 4568 traguriensi
805 4480 918 4561 electo,
952 4481 1121 4566 episcopis,
1158 4479 1292 4543 salutem
1330 4488 1362 4542 et
1394 4478 1568 4542 fraternam
1603 4478 1818 4544 dilectionem.

140 4593 341 4678 Benignitati
366 4602 472 4656 vestre
495 4591 694 4676 incognitum
718 4589 786 4654 fore
810 4609 873 4651 non
894 4587 1065 4668 credimus,
1090 4585 1175 4672 quod
1199 4607 1350 4650 romanus
1373 4583 1519 4671 pontifex
1541 4585 1665 4649 zizania
1688 4585 1721 4650 in
1736 4609 1815 4671 agro

140 4699 269 4764 domini
292 4698 346 4784 qui
369 4710 419 4760 est
442 4695 587 4777 ecclesia,
612 4693 800 4781 pullulante,
825 4693 960 4780 prouida
983 4695 1167 4756 maturitate
1192 4694 1326 4778 cupiens
1364 4689 1517 4775 avellere,
1552 4701 1584 4756 et
1620 4689 1821 4758 fructiferum

140 4827 279 4890 germen
304 4807 454 4885 inserere,
479 4803 699 4868 uniuersarum
725 4800 932 4866 ecelesiarum
958 4799 1139 4886 pastoribus
1169 4797 1319 4884 generale
1351 4797 1470 4862 indixit
1493 4798 1674 4880 concilium,
1708 4811 1740 4863 et
1777 4799 1818 4864 ad

140 4914 192 4977 sui
216 4911 410 4996 presentiam
435 4932 545 4975 omnes
566 4907 705 4994 prelatos
741 4908 940 4972 conuocauit.
974 4905 1069 4970 Unde
1093 4913 1246 4992 quantum
1271 4907 1339 4969 eius
1363 4903 1523 4970 mandatis
1547 4927 1611 4970 non
1635 4926 1815 4991 possumus,

140 5041 205 5084 nec
229 5018 390 5082 contraire
412 5015 576 5099 debemus,
598 5013 792 5080 fraternitati
815 5024 922 5078 vestre
946 5011 1150 5098 presentibus
1174 5013 1301 5097 scriptis
1335 5010 1536 5092 mandamus,
1571 5021 1603 5076 et
1636 5009 1818 5076 mandando

139 5127 351 5214 precipimus,
372 5134 528 5211 quatenus
553 5117 639 5187 omni
663 5123 833 5187 occasione
857 5130 889 5184 et
913 5118 1166 5183 contradictione
1189 5127 1350 5200 cessante,
1373 5139 1480 5202 usque
1503 5116 1544 5182 ad
1576 5127 1707 5182 octauos
1743 5141 1815 5204 pro·

138 5237 232 5300 xime
253 5229 433 5318 epiphanie,
457 5233 489 5294 in
513 5227 574 5303 his,
597 5251 659 5316 que
684 5227 726 5293 ad
750 5229 810 5292 iter
832 5227 952 5290 fuerint
977 5226 1167 5305 necessaria,
1191 5225 1294 5310 parati
1333 5225 1520 5306 existentes,
1552 5223 1593 5310 ad
1625 5246 1683 5288 nos
1707 5223 1817 5290 venire

136 5339 310 5425 festinetis,
334 5348 370 5402 ut
389 5361 460 5404 cum
484 5337 536 5402 dei
559 5325 725 5424 adjutorio
740 5333 780 5399 ad
805 5333 963 5420 prefixum
987 5334 1158 5396 terminum
1183 5339 1358 5396 memorato
1381 5329 1516 5394 concilio
1540 5327 1634 5394 sim'ul
1651 5329 1808 5396 interesse

1603 5445 1624 5506 8
