4350 5932
1859 417 1899 481 19

215 608 387 696 deprecor,
412 620 569 696 quatenus
603 610 681 675 nibil
706 613 738 674 iu
762 609 859 676 code
892 610 1047 698 hisquae
1071 610 1264 692 dictasunt,
1298 609 1406 675 valeat
1439 611 1587 688 inueniri,
1612 617 1643 672 et
1667 611 1735 674 siue
1760 591 1903 695 periculo

215 718 349 782 animae.
362 739 473 799 meae,
497 740 610 782 caussa
628 719 728 803 ipsius
745 719 943 782 terminetur.
961 717 1054 782 Prius
1073 730 1179 782 tamen
1203 739 1300 802 quam
1317 715 1397 780 haec
1413 723 1658 799 cognoscantur,
1676 717 1903 780 serenissimus

215 821 370 885 domiuus
398 823 597 886 discurrente
628 823 770 887 iussione
801 824 973 908 praecepit,
1011 831 1045 886 ut
1070 845 1142 887 eum
1178 823 1359 886 venientem
1392 842 1464 884 curn
1496 820 1617 884 honore
1650 821 1834 906 suscipiam.
1860 817 1904 883 Et

215 926 315 992 valde
339 948 438 1011 graue
463 938 520 1008 est,
546 937 580 991 ut
603 929 654 990 vir
676 927 716 992 de
740 949 803 1014 quo
828 939 915 992 tanta
939 937 971 992 et
995 927 1070 991 talia
1096 928 1292 1008 nuntiantur,
1317 949 1388 990 cum
1412 937 1488 990 ante
1511 927 1630 1011 requiri
1654 936 1685 990 et
1706 925 1824 990 discuti
1848 925 1904 988 de-

216 1029 304 1112 beat,
328 1030 513 1096 honoretur.
538 1031 582 1095 Et
613 1035 639 1096 si
671 1035 893 1118 episcoporum
925 1053 1059 1096 caussae
1083 1031 1160 1095 mihi
1185 1033 1428 1096 commissorum
1461 1031 1547 1116 apud
1579 1033 1723 1117 piisimos
1755 1030 1903 1095 dominos

216 1136 356 1202 aliorum
379 1139 566 1223 patrociniis
590 1138 812 1224 disponuntur,
844 1137 957 1202 infelix
992 1160 1052 1221 ego
1075 1139 1108 1201 in
1133 1136 1269 1201 ecclesia
1288 1139 1350 1200 ista
1371 1137 1448 1223 quid
1473 1136 1582 1201 facio?
1606 1135 1670 1201 Sed
1697 1147 1732 1200 ut
1757 1135 1903 1222 episcopi

217 1245 284 1306 mei
309 1265 360 1306 me
382 1240 573 1328 despiciant,
605 1251 636 1306 et
661 1251 780 1342 ,contra
811 1267 861 1306 me
893 1242 1053 1326 refugium
1083 1244 1125 1307 ad
1155 1242 1336 1306 saeculares
1369 1243 1491 1306 iudices
1515 1242 1665 1324 habeant,
1690 1241 1903 1326 omnipotenti

216 1346 424 1430 deogratias
459 1370 530 1433 ago,
555 1350 696 1433 peccatis
720 1351 799 1412 meis
821 1347 949 1434 deputo.
976 1348 1047 1412 Hoc
1075 1360 1180 1413 tamen
1208 1348 1348 1413 breuiter
1379 1369 1528 1432 suggero,
1554 1351 1630 1432 quia
1663 1345 1900 1433 aliquantulum

217 1464 366 1538 expecto,
391 1463 423 1516 et
457 1455 482 1516 si
507 1452 547 1516 ad
573 1475 622 1516 ms
647 1453 702 1516 diu
726 1454 837 1518 venire
863 1451 1033 1535 distulerit,
1059 1455 1090 1516 in
1115 1476 1153 1518 eo
1176 1475 1328 1518 exercere
1347 1451 1578 1518 districtionem
1604 1455 1790 1516 canonicam
1815 1449 1902 1515 nullo

216 1558 311 1622 modo
335 1557 480 1622 cessabo.
502 1557 539 1621 Iu
564 1561 776 1643 omnipotenti
794 1571 899 1623 autem
918 1559 1047 1622 domino
1064 1558 1200 1638 confido,
1227 1560 1303 1645 quia
1320 1557 1450 1642 longam
1467 1559 1620 1643 piissimis
1650 1558 1788 1621 dominis
1804 1558 1903 1620 vitam

216 1665 348 1745 tribuet,
372 1675 404 1728 et
426 1663 576 1728 danobis
599 1664 660 1728 sub
684 1687 780 1750 manu
804 1675 921 1746 vestra,
938 1687 1001 1729 non
1019 1664 1194 1729 secundum
1212 1674 1344 1750 peccata
1363 1675 1480 1743 nostru,
1499 1663 1555 1728 sed
1580 1662 1755 1727 secundum
1780 1663 1903 1747 gratiae

218 1792 298 1833 suae
322 1769 405 1834 dona
430 1768 589 1854 disponet.
611 1767 703 1832 Haec
727 1793 804 1853 ergo
838 1770 1108 1855 tranquilissimae
1135 1769 1283 1833 dominae
1304 1790 1452 1854 suggero,
1486 1771 1561 1854 quia
1584 1769 1792 1854 integerrima
1816 1791 1902 1832 sere·

219 1876 331 1939 nitatis
355 1877 423 1938 eius
449 1875 645 1939 conscientia
668 1884 787 1960 quanto
821 1883 988 1940 moueatur
1011 1874 1080 1938 nelo
1115 1873 1316 1940 rectitudinis
1340 1884 1435 1960 atque
1460 1876 1600 1938 iustitiae
1623 1897 1688 1938 nou
1711 1875 1836 1958 ignoro.

378 2055 478 2110 Menai.
504 2055 691 2110 collectiones
715 2055 823 2112 Concil.
848 2057 881 2110 T.
907 2057 957 2111 IX.
987 2063 1037 2117 str,
1065 2057 1159 2114 1211.
1185 2055 1291 2112 Caesar
1312 2056 1451 2111 Batonius
1475 2056 1609 2112 Annales.
1632 2057 1742 2112 Eccles.
1766 2057 1800 2114 Τ.
1826 2057 1903 2114 v111.
1934 2123 1936 2128 Ι

216 2158 256 2217 Δ.
282 2159 354 2214 594.
379 2159 410 2214 C.
1424 2178 1428 2186 ·
1943 2163 1946 2168 ’

582 2419 745 2502 XXIX.
773 2420 864 2506 595.
891 2422 1076 2524 ruseacm
1104 2417 1281 2522 renate.
1310 2418 1347 2501 U
1375 2419 1520 2501 Rimu.

222 2605 327 2680 (ἔφαν
350 2607 376 2664 l.
390 2624 475 2680 papa
495 2609 571 2666 nudi
602 2609 828 2682 protjmaaoma
851 2612 879 2671 ia
903 2611 1048 2684 btakupt'r'c
1082 2609 1218 2668 rtauaske
1259 2609 1360 2682 (pulcy
1391 2610 1492 2681 meleth
1524 2609 1679 2675 artemste)
1710 2607 1904 2682 Sebastaanu

219 2711 360 2789 biakupu,
384 2713 454 2784 toja
475 2713 534 2786 pud
556 2713 751 2786 increementa
770 2713 930 2804 ,bistupiju
951 2717 1138 2788 stciljcaslta,
1160 2715 1370 2786 cdobrcaujuti
1391 2715 1436 2772 ato
1457 2715 1519 2786 atjc
1535 2715 1595 2774 atto
1610 2716 1730 2786 primiti
1752 2716 1905 2788 batuam

577 2819 749 2893 poaadieuu
778 2821 839 2879 aedi
868 2821 905 2879 od
931 2821 1113 2893 Aanstcaiju
1135 2821 1295 2880 Patricrlcc
1318 2820 1546 2893 Antros-msam.

510 3006 697 3092 Gregorius,
722 3008 911 3074 Sebastiano
936 3012 1086 3097 episeopo
1110 3009 1310 3102 Rhiainiensi
1331 3007 1397 3096 (vel
1421 3007 1613 3092 Sirmiensi).

383 3174 581 3240 Dulcissima
605 3187 701 3262 atque
719 3179 911 3242 suavissima
926 3175 1135 3240 fraternitatis
1155 3185 1229 3239 tuae
1244 3177 1362 3261 scripta
1387 3177 1523 3262 suscepi,
1546 3197 1629 3262 quae
1648 3173 1734 3252 milri,
1752 3175 1901 3261 quamuis

220 3301 399 3366 numquam
425 3282 509 3346 desit
532 3305 550 3345 a
575 3282 681 3365 corde,
706 3284 905 3346 sanctitatem
925 3293 1030 3347 tumen
1044 3293 1184 3346 vestram
1202 3279 1520 3368 quasicorporaliter
1536 3291 1737 3366 praesentem
1759 3280 1904 3346 fecerunt

222 3385 287 3449 Sed
313 3387 563 3473 omnipotentem
580 3387 744 3451 dominum
761 3411 848 3473 rogo,
867 3398 902 3452 ut
918 3411 975 3452 sua
991 3411 1050 3452 vos
1067 3387 1201 3452 dextera
1218 3398 1375 3474 protegat,
1393 3387 1549 3472 uobisque
1570 3397 1600 3450 et
1624 3383 1900 3472 hic'tranquiltam

221 3492 321 3554 vitam
346 3501 378 3555 et
401 3491 530 3577 quaudo
554 3493 582 3556 ei
607 3491 771 3578 placuerit,
796 3496 938 3579 praemia
961 3502 1092 3558 aeterna
1127 3493 1292 3558 concedat.
1318 3492 1383 3558 Sed
1407 3502 1489 3578 peto,
1514 3493 1543 3556 si
1570 3491 1624 3556 illo
1649 3515 1700 3556 me
1722 3515 1831 3556 amore
1856 3493 1902 3556 di·

222 3595 332 3681 ligitis,
356 3619 420 3682 quo
450 3609 650 3684 praesentem
683 3622 810 3686 semper
844 3603 986 3674 amastis,
1018 3609 1053 3663 ut
1084 3621 1141 3685 pro
1171 3621 1221 3662 me
1251 3601 1377 3682 enixius
1411 3599 1569 3680 exoretis3
1604 3608 1761 3682 quatenus
1799 3599 1901 3663 omni-

219 3713 337 3787 potens
370 3702 450 3767 deus
484 3725 505 3767 a
538 3713 742 3790 peccatorum
774 3728 918 3770 meorum
953 3705 1091 3770 nexibus
1125 3695 1178 3768 ine
1210 3705 1304 3768 citius
1339 3703 1458 3785 soluat,
1497 3711 1528 3766 et
1564 3705 1777 3788 corruptionis
1809 3703 1912 3778 huius
1979 3759 1981 3763 ,

218 3806 363 3893 pondere
388 3818 531 3893 exutum,
565 3833 622 3874 suo
647 3813 833 3897 conspectui
857 3811 993 3876 liberum
1029 3811 1169 3874 existere
1202 3808 1307 3873 faciat.
1345 3808 1503 3888 Quamuis
1538 3809 1624 3871 enim
1659 3809 1903 3874 inaestimabilis

219 3914 265 3977 sit
287 3912 436 3978 caelestis
459 3915 580 3999 patriae
605 3914 751 4000 dulcedo,
786 3939 868 4002 quae
893 3915 1008 3998 trahat,
1030 3917 1121 3980 multi
1145 3923 1251 3978 tamen
1276 3915 1309 3978 in
1333 3913 1393 3976 hac
1416 3915 1482 4006 vita
1515 3911 1642 3977 dolores
1672 3924 1759 3996 sunt,
1787 3917 1841 4000 qui
1863 3913 1904 3978 ad

218 4041 364 4084 amorem
391 4019 578 4086 caelestium
599 4021 744 4107 quotidie
767 4023 944 4109 impellant.
967 4022 1031 4102 Qui
1053 4019 1131 4084 mihi
1154 4023 1186 4084 iu
1210 4018 1272 4083 hoc
1300 4020 1370 4104 ipso
1402 4017 1504 4083 solum
1535 4017 1742 4083 vehementer
1766 4018 1902 4104 placent,

220 4126 300 4211 quia
323 4122 451 4210 placere
483 4125 516 4188 iu
549 4123 610 4190 boc
641 4125 760 4191 mundo
792 4126 914 4213 aliquid
945 4149 1007 4191 uon
1041 4127 1237 4212 permittunt.
1270 4123 1362 4204 Quae
1386 4125 1480 4206 enim,
1506 4123 1603 4189 frater
1627 4126 1838 4206 sanctissime,
1864 4125 1904 4188 de

219 4231 317 4295 amici
342 4233 440 4296 vestri
464 4229 571 4296 domni
607 4213 744 4296 Romani
775 4253 911 4318 persona
941 4233 975 4296 in
998 4231 1059 4296 hac
1090 4241 1176 4296 terra
1209 4232 1356 4313 patimur,
1380 4228 1466 4314 loqui
1493 4231 1622 4294 minime
1646 4229 1803 4295 valemus.
1827 4230 1904 4294 Bre·
1957 4241 1961 4249 “

221 4339 307 4401 viter
330 4348 437 4401 tamen
460 4336 542 4420 dico,
561 4340 637 4426 quia
660 4339 728 4402 eius
744 4339 777 4402 in
801 4359 859 4402 nos
884 4336 1005 4402 malitia
1021 4336 1147 4422 gladios
1163 4335 1451 4420 Longobardorum
1469 4337 1555 4417 vicit,
1579 4337 1623 4398 ita
1639 4345 1674 4398 ut
1698 4335 1902 4418 benigniores

223 4441 395 4508 videantur
411 4441 529 4524 hostes,
546 4443 600 4528 qui
621 4465 679 4507 nos
706 4445 902 4526 interimunt,
922 4465 1017 4530 quam
1038 4443 1234 4528 reipublicae
1251 4440 1385 4523 iudices,
1408 4443 1538 4526 quinos
1556 4441 1676 4505 malitia
1693 4464 1759 4524 sua,
1783 4443 1903 4528 rapinis

222 4556 321 4632 atque
344 4546 468 4611 falaciis
490 4549 523 4611 in
547 4549 740 4634 cogitatione
763 4558 964 4613 consumunt.
996 4548 1040 4612 Et
1063 4571 1126 4612 uno
1150 4537 1294 4633 tempore
1319 4569 1429 4611 curam
1462 4548 1684 4632 episcoporum
1716 4556 1812 4634 atque
1843 4546 1905 4612 cle·

222 4655 373 4736 ricorum,
407 4656 670 4719 monasteriorum
695 4657 823 4741 quoque
847 4663 878 4719 et
905 4653 1013 4740 populi
1037 4675 1150 4738 gerere
1174 4661 1286 4718 contra
1309 4652 1448 4718 hostium
1471 4652 1604 4717 insidias
1627 4651 1800 4717 sollicitum
1824 4654 1906 4739 vigi·

223 4757 300 4841 lare,
314 4769 432 4825 'contra
455 4759 571 4825 dueum
596 4757 740 4825 fallacias
763 4770 858 4847 atque
888 4759 1026 4824 malitias
1051 4743 1234 4845 suspectum
1252 4781 1379 4844 semper
1395 4759 1543 4836 existere,
1563 4761 1652 4822 cuius
1670 4757 1798 4839 laboris,
1816 4763 1907 4824 cuius

223 4863 344 4930 doloris
368 4867 418 4948 sit,
450 4875 558 4931 vestra
588 4865 771 4931 fraternitas
804 4876 891 4931 tanto
925 4867 1033 4930 verius
1055 4875 1179 4952 penset,
1213 4877 1332 4949 quanto
1365 4886 1424 4943 me,
1455 4865 1509 4948 qui
1540 4861 1620 4928 haec
1651 4865 1763 4949 patior,
1795 4866 1907 4954 purius

222 4977 321 5036 amat.
355 4969 528 5036 Praeterea
551 4970 694 5036 debitum
719 4971 933 5036 sallutationis
954 4968 1129 5056 alloquium
1161 4971 1300 5044 soluens,
1331 4968 1437 5033 indico
1469 4967 1555 5054 quod
1579 4967 1619 5032 ad
1649 4992 1709 5050 me,
1741 4968 1906 5034 Bonifatio

223 5073 393 5140 defensore
417 5075 585 5159 referente,
611 5077 802 5162 peruenerit,
827 5078 902 5163 quia
919 5075 969 5140 vir
990 5075 1211 5140 sanctissimus
1228 5075 1326 5140 frater
1344 5085 1453 5139 noster
1477 5075 1612 5138 domnus
1640 5074 1831 5139 Anastasius
1854 5082 1907 5162 pa-

222 5179 364 5246 triarcha
391 5182 421 5245 in
448 5205 512 5246 una
535 5205 664 5247 suarum
694 5184 859 5248 ciuitatum
883 5181 1058 5269 regendam
1084 5181 1178 5246 vobis
1206 5168 1376 5246 ecclesiam
1401 5182 1598 5245 committere
1632 5178 1740 5263 voluit,
1777 5190 1807 5244 et
1831 5203 1904 5244 con-

222 5288 341 5352 sentire
370 5287 526 5352 noluistis.
551 5285 656 5366 Quem
680 5309 809 5352 sensum
833 5311 872 5353 ac
895 5289 1085 5374 sapientiam
1110 5298 1249 5354 vestram
1275 5284 1369 5350 ‘valde
1391 5308 1450 5368 ego
1475 5285 1611 5349 libenter
1634 5285 1802 5371 amplexus
1826 5308 1907 5369 sum,

223 5392 352 5458 laudaui
375 5392 593 5482 vehementer,
618 5405 649 5461 et
680 5418 738 5461 vos
760 5394 882 5478 felices,
897 5419 946 5459 mc
960 5393 1122 5460 infelicem
1140 5415 1210 5458 esse
1223 5391 1380 5479 deputari,
1394 5393 1447 5478 qui
1462 5391 1522 5455 hoc
1535 5389 1589 5454 tali
1603 5401 1744 5478 tempore
1761 5393 1907 5474 regimen

1786 5495 1805 5538 a
