4300 5930
1782 439 1824 506 81

144 623 251 686 omnia
274 622 396 704 videre,
421 631 585 710 tamquam
611 647 674 692 uon
699 625 817 710 videat,
842 629 929 694 etin
953 627 1161 714 simplicitate
1186 628 1398 714 dissimulare,
1420 651 1483 717 que
1514 631 1595 698 alias
1621 641 1730 698 esseut
1764 631 1821 698 du-

144 729 209 792 rius
233 729 437 816 requirenda.
463 729 671 818 Quapropter
694 756 862 799 monemus
887 736 1089 821 prudentiam
1115 745 1211 815 tuem,
1234 735 1432 801 consulimus
1457 747 1488 802 et
1511 735 1688 819 hortamur,
1722 746 1756 803 ut
1790 739 1822 803 iu
1888 793 1892 808 .

146 835 379 918 presentiarum
404 835 453 900 his
475 839 698 922 supersedeas,
723 849 842 904 statum
861 851 954 920 terre,
980 853 1012 906 et
1034 841 1204 927 qualitates
1228 852 1260 906 et
1284 863 1389 908 mores
1413 841 1578 908 homiuum
1602 841 1728 929 plenius
1746 865 1818 928 cog·

146 961 280 1005 noscere
296 941 443 1024 studeas,
469 953 501 1007 et
524 943 677 1030 paulatim
709 949 848 1010 rationes
880 947 1016 1012 ecclesie
1050 958 1103 1012 tue
1138 947 1310 1031 diligenter
1344 949 1507 1032 inquiras,·
1544 957 1576 1012 et
1612 970 1684 1012 eum
1723 947 1824 1014 fueris
1881 1018 1883 1028 Ι

145 1067 241 1130 super
264 1045 313 1110 his
337 1045 540 1132 informatus,
564 1050 693 1137 siquid
716 1054 894 1138 questionis
919 1053 971 1118 vel
995 1052 1170 1118 dubietatis
1194 1056 1370 1135 emerserit,
1404 1043 1496 1118 nobis
1529 1053 1733 1120 confidenter
1761 1055 1824 1140 sig·

146 1150 266 1234 uideas,
291 1173 425 1218 secturus
449 1166 481 1220 et
504 1166 623 1236 certus,
646 1157 733 1242 quod
758 1179 816 1222 nos
843 1158 1037 1224 fraternitati
1061 1170 1124 1242 tue,
1157 1161 1189 1225 in
1226 1158 1344 1246 quibus
1377 1159 1468 1224 salua
1502 1161 1701 1224 conscientia
1737 1167 1827 1246 pote·

145 1258 253 1330 rimus,
277 1257 388 1322 libenti
413 1263 520 1325 animo
544 1261 679 1344 deferre,
704 1273 736 1326 et
760 1264 791 1326 iu
815 1265 946 1328 iustitiis
981 1265 1044 1329 tuis
1078 1264 1136 1328 tibi
1170 1276 1334 1350 tamquam
1372 1263 1550 1328 venerabili
1587 1263 1678 1329 fratri
1715 1274 1825 1330 nostro

145 1361 258 1427 adesse
284 1364 478 1446 curabimus,
505 1374 537 1429 et
558 1366 703 1430 fauorem
729 1377 761 1431 et
778 1367 934 1433 auxilium
960 1369 1172 1436 conferemus.
1200 1369 1250 1434 De
1274 1379 1380 1434 cetero
1404 1369 1437 1435 S.
1462 1368 1598 1434 latorem
1628 1373 1824 1456 presentium

145 1468 182 1530 ad
207 1478 239 1530 te
262 1469 452 1534 redeuutem
476 1471 653 1535 sinceritati
677 1482 731 1537 tue
755 1471 882 1538 solicite
906 1475 1179 1558 commendamus,
1211 1486 1362 1561 rogantes
1398 1487 1495 1562 atque
1532 1486 1710 1555 mouentes,
1745 1457 1822 1562 qhe-

143 1583 234 1636 teuus
258 1595 361 1638 cum.
388 1623 396 1640 .
421 1585 637 1662 opportunum
662 1577 824 1662 habueris,
847 1579 934 1666 quod
955 1579 1087 1645 domino
1110 1579 1241 1646 volente
1265 1582 1298 1644 in
1326 1582 1475 1666 proximo
1508 1583 1577 1662 erit,
1610 1579 1755 1668 predicto
1788 1581 1819 1646 S.

142 1679 187 1741 ita
210 1679 384 1764 prouideas
409 1689 440 1744 et
463 1681 658 1762 benefacias,
682 1684 770 1768 quod
793 1685 850 1749 tihi
876 1688 979 1772 possit
1000 1686 1156 1768 deuotior,
1181 1697 1213 1750 et
1236 1689 1339 1772 magis
1363 1686 1467 1752 fidelis
1492 1689 1644 1770 existere,
1662 1697 1694 1752 et
1710 1709 1823 1774 preces

143 1791 269 1847 nostras
295 1785 356 1848 sibi
382 1789 501 1850 sentiat
523 1788 609 1873 apud
634 1797 664 1851 te
689 1789 860 1874 profuisse.
884 1791 1004 1857 Datum
1029 1791 1207 1856 Beneuenti
1232 1792 1273 1856 11.
1298 1793 1370 1856 idus
1395 1792 1560 1859 februarii.

302 1985 419 2042 Farlati.
444 1987 589 2058 Illyricum
602 1987 737 2048 Macrum.
762 1989 797 2051 Τ,
822 1991 873 2048 111.
897 2009 924 2062 p.
952 1991 1023 2048 189.

524 2300 651 2384 cvll.
679 2305 792 2388 llus.
819 2305 859 2384 4.
886 2302 1048 2403 srpnja.
1076 2299 1113 2382 U
1141 2301 1444 2386 Duhrovntku.

300 2496 378 2559 laun
400 2501 439 2560 od
461 2496 596 2570 Kanate,
616 2502 753 2571 soicdoti,
774 2501 850 2560 taho
866 2501 900 2574 je
923 2498 1016 2558 actuo
1034 2497 1158 2572 praeda
1177 2496 1255 2570 pred
1277 2497 1383 2557 sudum
1405 2515 1427 2558 u
1449 2497 1658 2562 Dubroouilru.

299 2687 335 2751 In
361 2711 445 2752 anno
469 2687 629 2768 dominice
649 2689 896 2768 incarnacionis,
921 2685 1092 2751 millesimo
1115 2686 1291 2750 centesimo
1314 2683 1470 2750 LXVlll.
1501 2685 1677 2750 indictione
1705 2687 1819 2773 prima,

138 2805 255 2882 quarto
280 2793 331 2858 die
354 2795 494 2859 intrante
519 2817 628 2858 mense
653 2794 741 2860 iulio.
766 2794 837 2876 Ego
860 2791 1030 2858 Johannus
1055 2791 1094 2855 de
1130 2787 1261 2874 Canale,
1296 2789 1358 2855 hcc
1391 2783 1490 2856 breue
1527 2790 1597 2876 fieri
1630 2815 1711 2878 rogo
1746 2815 1819 2858 con·

139 2901 308 2984 scriptum.
333 2897 453 2963 Missus
478 2899 627 2985 equidem
651 2923 670 2962 a
693 2899 823 2966 domino
850 2898 955 2964 Vitale
979 2896 1139 2961 Michaele
1163 2895 1245 2961 duce
1271 2895 1424 2979 Venecie,
1450 2893 1606 2962 Chroacie
1630 2909 1728 2986 atque
1747 2899 1823 2964 Dal-

138 3007 254 3087 macie,
282 3028 353 3069 curn
378 3006 527 3071 omnibus
551 3005 695 3070 eiusdem
718 3008 811 3091 regni
836 3005 1029 3069 consiliariis
1053 3014 1152 3090 atque
1177 2999 1347 3087 iudicibus,
1373 3003 1447 3066 veni
1468 3001 1509 3068 ad
1538 2995 1734 3090 presentiam
1758 3003 1820 3068 Ra·

139 3109 271 3190 gusium
308 3108 427 3174 domini
448 3109 584 3174 Tribuni
609 3109 777 3174 Michaelis
813 3111 1050 3196 archiepiscopi
1084 3120 1116 3172 et
1151 3107 1319 3174 consulum
1354 3108 1500 3174 eiusdem
1540 3111 1690 3191 ciuitatis,
1724 3118 1822 3196 atque

137 3215 284 3278 iudicum
310 3236 445 3300 querere
469 3217 629 3280 iusticiam
654 3216 694 3279 de
717 3237 800 3280 neue
825 3215 927 3280 fracta
950 3214 1038 3301 apud
1062 3224 1209 3282 sanetum
1233 3213 1418 3298 Martinam,
1442 3223 1508 3296 tam
1538 3205 1597 3301 pro
1630 3237 1690 3297 me,
1723 3237 1819 3300 quam

139 3318 373 3406 proomuibus
397 3321 477 3383 meis
502 3322 608 3402 sociis,
633 3319 752 3406 quibus
777 3321 899 3408 aliquid
921 3325 954 3385 iu
978 3344 1017 3386 ea
1040 3321 1185 3404 contigit.
1211 3320 1239 3383 A
1265 3342 1329 3405 quo
1353 3319 1597 3406 archiepiscopo
1622 3328 1653 3385 et
1669 3319 1820 3385 omnibus

139 3426 328 3511 prescriptis
352 3425 435 3490 bene
459 3435 617 3510 receptus,
640 3436 762 3490 tantam
788 3428 947 3491 iusticiam
972 3427 1081 3507 habui,
1104 3433 1255 3512 quantam
1282 3446 1341 3488 nee
1371 3426 1404 3488 iu
1439 3423 1578 3489 Venetia
1613 3423 1731 3490 habere
1766 3447 1820 3512 po·

71 3549 76 3558 ·
138 3533 286 3596 tnissem.
311 3528 480 3617 Videlicet,
506 3543 540 3596 ut
560 3531 666 3596 nullus
689 3531 812 3619 aliquid
837 3534 1008 3618 Ruguseus
1031 3533 1071 3598 de
1096 3531 1193 3596 rebus
1217 3533 1249 3594 in
1274 3530 1387 3596 eadem
1420 3552 1503 3595 naue
1526 3532 1667 3617 acceptis
1699 3553 1818 3618 negare

139 3648 259 3722 posset,
284 3635 447 3726 voluntate
469 3637 663 3715 consulatus,
688 3638 951 3725 archiepiscopus
969 3641 1153 3703 nominatus
1171 3659 1243 3700 cum
1261 3647 1326 3702 toto
1343 3635 1431 3702 clero
1449 3639 1818 3702 excommunicationem

139 3739 368 3806 uniuersaliter
391 3739 475 3820 fecit,
501 3753 535 3806 ut
558 3764 751 3828 quocunque
775 3743 870 3807 medo
893 3743 1011 3828 aliquis
1031 3741 1253 3829 Ruguseorum
1279 3741 1447 3806 habuisset
1478 3740 1611 3828 aliquid,
1643 3743 1819 3808 secuudum

139 3848 245 3932 legem
269 3839 350 3912 duas
375 3846 452 3911 mihi
476 3847 612 3914 reddere
637 3859 754 3934 partes,
780 3861 811 3914 et
836 3851 963 3914 tertiam
986 3849 1104 3914 habeat
1128 3850 1200 3932 sibi,
1236 3846 1322 3933 quod
1354 3856 1387 3912 et
1416 3846 1572 3912 fecerunt.
1605 3847 1681 3913 Illos
1712 3857 1819 3914 autem

138 3951 288 4039 quesibi
315 3955 415 4017 fuisse
439 3977 496 4039 per
518 3977 568 4018 rue
593 3954 746 4036 sciebam,
771 3965 972 4020 sacramento
997 3956 1175 4019 constrinxi
1200 3955 1309 4018 omnia
1333 3951 1468 4018 reddere
1500 3963 1534 4017 ut
1558 3952 1694 4040 predixi,
1730 3957 1820 4020 iussu

138 4059 326 4124 consulatus
348 4070 381 4124 et
403 4061 554 4126 iudicum.
580 4060 643 4125 Sed
669 4063 745 4147 quia
768 4083 831 4124 non
856 4064 944 4146 potui
969 4070 1143 4146 expectare
1178 4059 1260 4142 illos,
1288 4039 1350 4145 'qui
1387 4061 1418 4123 in
1455 4062 1585 4124 ciuitate
1618 4082 1682 4126 uon
1718 4071 1819 4144 erant,

137 4165 442 4250 rogauidominum
466 4166 756 4252 archiepiscopum,
781 4176 817 4232 ut
839 4168 911 4231 viee
936 4189 1007 4231 mes
1031 4165 1108 4230 illud
1133 4165 1219 4252 quod
1252 4169 1358 4229 rninus
1390 4164 1497 4246 habui,
1529 4187 1595 4229 una
1629 4187 1701 4230 cum
1738 4164 1819 4230 Pan·

138 4275 242 4336 cretio
267 4273 448 4357 reciperent
471 4271 531 4336 sub
556 4283 757 4338 sacramento
782 4271 913 4336 etmihi
946 4275 1109 4336 mitterent
1142 4271 1195 4336 vel
1231 4281 1406 4336 seruarent.
1443 4269 1625 4356 Eupropter
1659 4270 1699 4336 de
1732 4283 1820 4336 tanta

140 4380 274 4444 iusticia
297 4389 405 4462 grates
427 4380 587 4442 maximas
608 4377 757 4442 omnihus
782 4378 899 4460 ferens,
924 4381 1050 4464 quietos
1075 4401 1186 4443 omnes
1210 4377 1377 4461 Ruguseos
1402 4375 1471 4440 fieri
1495 4399 1603 4440 coram
1628 4377 1721 4440 vohis
1741 4378 1818 4442 uub-

136 4487 272 4571 scriptis
296 4483 337 4550 de
361 4483 422 4548 hac
442 4507 478 4550 re
500 4483 647 4569 dispono,
672 4494 736 4548 tam
760 4507 817 4570 per
841 4506 900 4564 me,
926 4507 1022 4570 quam
1047 4494 1078 4547 et
1107 4483 1252 4568 personis
1284 4505 1346 4568 que
1371 4485 1404 4546 iu
1434 4481 1595 4546 antedicta
1627 4504 1710 4546 naue
1740 4505 1813 4548 mea
1930 4545 1933 4557 ,

135 4589 261 4676 aliquid
285 4589 478 4654 habuerunt.
503 4588 594 4653 Sicut
616 4589 658 4653 ab
682 4591 729 4654 eis
754 4589 830 4654 data
853 4589 930 4654 mihi
953 4589 1084 4653 licentia
1116 4589 1149 4654 iu
1176 4595 1351 4672 conspectu
1382 4587 1474 4650 ducis
1502 4585 1572 4669 fuit,
1603 4596 1635 4652 et
1666 4589 1816 4654 omnibus

135 4697 281 4761 Veneeie
304 4695 479 4760 nobilibus.
503 4731 546 4744 -
570 4693 666 4774 Quod
691 4697 716 4758 si
741 4695 859 4780 aliquis
885 4705 1015 4780 propter
1039 4693 1100 4758 hoc
1125 4692 1278 4756 damnum
1303 4691 1434 4777 aliquod
1458 4691 1610 4776 Ruguseo
1642 4691 1738 4758 alicui
1769 4696 1816 4758 in-

136 4803 264 4885 tulerat,
289 4825 346 4888 per
370 4825 421 4866 me
445 4811 643 4866 restauretur
666 4799 875 4886 duplicatum,
900 4810 932 4864 et
956 4821 1044 4864 meos
1068 4797 1214 4878 heredes,
1239 4799 1326 4862 omni
1350 4799 1419 4862 sine
1444 4797 1815 4884 intermissione.†Ego

17 4969 18 4988 ,
137 4909 307 5012 Johapnea
330 4909 371 4974 da
394 4907 518 4974 Canale
541 4929 637 4972 manu
663 4931 734 4972 mea
758 4906 945 4992 subscripsi.

287 5031 403 5117 †Ego
426 5031 590 5096 Tribunus
614 5031 665 5095 dei
689 5032 793 5116 gratia
815 5031 997 5114 Regusines
1021 5027 1106 5093 sedis
1131 5026 1261 5093 humilis
1281 5027 1543 5115 archiepiscopus
1567 5049 1610 5095 m.
1634 5049 1676 5094 m.
1702 5051 1727 5094 s.

288 5155 404 5242 †Egc
429 5156 589 5234 Mammea,
615 5155 728 5220 consul
752 5155 895 5239 Rugusii,
920 5161 1019 5218 testes
1042 5153 1127 5239 (sie).

287 5279 400 5364 †Ego
424 5280 575 5344 Mauresa
599 5313 640 5326 -
663 5277 769 5343 Macte
792 5275 926 5362 Ragusii
950 5275 1072 5360 consul,
1096 5273 1223 5364 scripsi.
