4292 5926
1803 405 1846 471 63

162 598 343 667 decessoris
363 599 464 663 nostri
488 595 640 662 mandata
663 594 774 661 diuina
790 617 853 662 non
870 604 1001 662 veretur
1016 593 1124 662 officie
1140 595 1315 662 celebrare.
1339 593 1407 660 Nos
1423 617 1501 661 vero
1518 595 1710 660 sententiam
1726 595 1841 682 ipsam,

163 707 247 771 siout
269 715 319 770 est
343 701 577 769 rationabiliter
600 700 812 789 promulgata,
837 708 939 766 ratam
964 711 997 766 et
1020 701 1146 766 firmam
1172 701 1337 786 habentes,
1362 701 1554 768 fraternitati
1587 713 1640 766 tue
1675 725 1733 788 per
1767 726 1845 790 apo-

164 807 278 876 stolica
301 809 421 896 scripta
444 807 645 891 mandamus,
667 818 828 894 quatenus
853 806 1032 894 predictum
1058 805 1098 872 V.
1121 806 1293 893 diligenter
1316 831 1530 892 commoneas,
1555 817 1590 873 ut
1606 807 1647 872 de
1663 816 1752 872 tanta
1767 831 1836 894 pre·

163 916 345 1004 sumptione
368 914 561 1000 condignam
584 912 836 978 satisfactionem
861 913 1025 994 exhibeat,
1049 924 1082 978 et
1104 925 1216 978 contra
1239 923 1382 979 tenorem
1407 914 1550 978 eiusdem
1583 915 1740 978 sententie
1777 937 1842 980 non

164 1031 330 1109 presumat
350 1019 473 1108 aliquid
495 1030 697 1107 attemptare.
722 1018 755 1084 si
781 1041 859 1083 vero
882 1017 1092 1084 admonitioni
1116 1029 1169 1084 tue
1194 1042 1307 1106 parere
1329 1009 1568 1106 contempserit,
1590 1020 1623 1082 in
1646 1021 1750 1106 ipsum
1788 1043 1842 1084 ex·

164 1127 464 1192 communicationis
486 1127 677 1190 sententiam
697 1123 843 1206 proferas
867 1133 899 1188 et
922 1123 1168 1190 eeclesiameui
1192 1125 1345 1190 incubare
1369 1128 1533 1212 presumit,
1558 1124 1727 1190 interdicto
1764 1149 1837 1212 eup-
1946 1109 1951 1120 ⁸

165 1255 277 1319 ponas.
303 1232 353 1297 De
374 1243 481 1298 cetero
504 1233 589 1296 sicut
612 1253 654 1296 ex
677 1229 833 1296 relatione
845 1227 954 1294 dilecti
972 1229 1030 1294 filii
1044 1231 1143 1294 nostri
1158 1230 1273 1316 P(etri)
1295 1233 1397 1296 sancti
1410 1229 1578 1296 Eustachii
1592 1229 1719 1296 diaconi
1736 1232 1840 1296 cardi·

164 1337 255 1419 nelis,
274 1347 306 1402 et
328 1335 540 1424 quorumdam
564 1336 699 1402 aliorum
716 1336 910 1422 accepimus,
930 1335 1061 1422 quidam
1079 1334 1114 1401 P.
1133 1337 1261 1402 nomine
1278 1335 1415 1402 necdum
1432 1345 1626 1418 tonsuratus,
1645 1360 1716 1402 cum
1734 1336 1841 1402 adhuc

163 1452 250 1508 esset
272 1442 461 1524 duodennis,
486 1465 591 1528 neque
614 1442 654 1508 de
677 1441 822 1526 legitimo
847 1453 941 1506 natus
965 1443 1124 1526 coniugio,
1147 1465 1205 1528 per
1226 1442 1381 1508 laicorum
1405 1445 1591 1530 potentiam,
1606 1447 1842 1529 traguriensem

163 1550 383 1636 episcopatum
408 1549 535 1629 inuasit,
560 1557 593 1612 et
614 1549 646 1612 in
669 1549 775 1612 anime
799 1569 856 1612 sue
877 1546 1056 1634 periculum
1080 1548 1184 1614 eidem
1209 1550 1409 1634 episcopatui
1433 1558 1545 1614 contra
1561 1551 1735 1614 canonicas
1752 1571 1844 1615 sanc·

162 1655 267 1719 tiones
289 1653 445 1719 incubare
468 1675 532 1718 non
552 1661 666 1718 cessat.
691 1651 787 1718 Unde
812 1653 1008 1738 presentium
1039 1654 1231 1718 anctoritate
1266 1652 1445 1718 litterarum
1476 1653 1536 1718 tibi
1571 1654 1771 1736 mandamus,
1808 1663 1844 1717 ut
1917 1689 1921 1696 ·

162 1757 257 1824 bnins
282 1761 403 1845 negotii
427 1760 596 1824 veritatem
623 1757 795 1843 diligenter
818 1759 994 1843 inquirens,
1019 1759 1046 1822 si
1070 1759 1116 1823 ita
1138 1781 1208 1822 esse
1226 1760 1405 1844 eontigerit,
1423 1769 1519 1846 prout
1534 1761 1682 1846 superius
1699 1769 1843 1824 notatum

163 1874 221 1947 est,
245 1865 333 1956 omni
354 1866 563 1930 exornatione
594 1873 626 1928 et
655 1863 808 1928 dilatione
840 1871 971 1944 remota,
1005 1865 1261 1948 prenominatum
1294 1865 1330 1930 Ρ.
1366 1865 1484 1930 exinde
1519 1887 1682 1944 amouere,
1715 1876 1747 1930 et
1782 1866 1842 1930 sub

162 1969 258 2057 plena
281 1969 499 2036 ecclesiastice
520 1970 703 2034 severitatis
727 1967 817 2034 illum
840 1990 860 2032 s
881 1989 940 2032 sua
962 1971 1203 2056 presumptione
1237 1993 1366 2036 cessare
1402 1969 1588 2056 compellas.
1623 1971 1743 2036 Datum
1777 1971 1836 2036 Xe·

161 2077 280 2140 reatini
304 2073 362 2140 VI.
386 2098 488 2141 nones
511 2074 714 2162 septembris.
1074 2090 1076 2098 ·

319 2275 436 2333 Farlsti.
456 2273 600 2347 illyricum
624 2274 750 2333 Sacrum.
774 2273 810 2330 Τ.
831 2275 882 2333 ΙΠ.
907 2294 936 2348 p.
963 2275 1034 2330 184.

543 2565 785 2650 LXXXVI.
813 2567 925 2650 nea.
953 2565 1172 2669 8.lipn1a.
1200 2565 1237 2650 U
1268 2566 1461 2650 Vlterbu.

161 2767 350 2829 Atclrsoadro
373 2765 443 2828 111.
460 2783 556 2842 papo,
579 2767 663 2827 lucit
685 2767 723 2827 od
753 2767 944 2840 aadbtslrupo
976 2765 1587 2842 3911613109,Ιεαὴοδρῌειέαηὶηαὲἑηίἔο
1616 2769 1723 2846 auton,
1754 2767 1794 2826 da
1823 2784 1844 2826 a
1900 2843 1907 2866 ι

161 2875 277 2950 caprea
297 2875 336 2935 orl
357 2870 509 2951 neyibivib
532 2875 664 2934 deburat
687 2875 770 2933 nitlro
792 2873 875 2933 atita
894 2873 977 2932 crlrvi
999 2872 1148 2943 dorooott,
1171 2873 1207 2932 itt
1226 2873 1349 2946 predati
1372 2875 1498 2952 neemia,
1521 2873 1627 2934 natata
1649 2873 1841 2946 nadbtstapu

161 2981 348 3052 redemtam,
371 2982 449 3041 nelca
469 2979 648 3058 spaericae,
672 2981 729 3040 alto
751 2997 789 3040 ne
811 2980 953 3054 druentia
978 2997 998 3037 o
1020 2984 1049 3038 to
1066 2980 1415 3054 proteletsvomynotjrrra
1439 2982 1480 3040 do
1499 2981 1537 3041 od
1553 2981 1695 3056 retenone
1724 2981 1843 3041 eatena

922 3085 1082 3148 oduetana.
1788 3095 1789 3100 ’

311 3276 501 3343 Alexander
524 3276 694 3364 episcopus
718 3295 832 3360 seruus
856 3273 1310 3357 ee1·nornmdei,vcnerabili
1334 3273 1424 3340 fratri
1456 3273 1644 3363 Lampridio
1678 3275 1837 3366 archiepi-

162 3405 259 3472 scopo
282 3383 434 3466 iodrensi,
459 3381 594 3449 salutem
619 3392 651 3448 et
672 3381 882 3470 apostolicam
906 3381 1176 3448 benedictionem.
1200 3379 1253 3444 Ex
1277 3389 1366 3467 parte
1390 3382 1585 3447 venerabilis
1609 3383 1717 3450 fratria
1738 3388 1839 3450 nostri

162 3489 337 3556 Absalcnis
359 3487 595 3577 archiepiscopi
620 3486 812 3576 spalatensis
836 3487 897 3552 fuit
920 3489 1119 3574 propositum
1143 3509 1250 3552 coram
1277 3487 1379 3569 nobis,
1402 3487 1488 3573 quod
1519 3489 1607 3553 ciues
1639 3491 1839 3576 spalatenses

162 3606 352 3679 statuerant,
378 3605 412 3661 nt
434 3595 514 3661 nulli
538 3579 578 3661 de
603 3596 736 3660 ciuitate
761 3595 903 3680 ipsorum
926 3592 1022 3658 liceat
1042 3591 1169 3679 aliquas
1201 3595 1432 3678 possessiones,
1464 3592 1516 3658 vel
1548 3595 1633 3660 bena
1659 3597 1840 3661 immobilia

162 3702 298 3769 ecclesie
321 3701 419 3768 alicui
443 3701 574 3785 donare,
598 3699 740 3766 vendere
763 3721 821 3765 seu
845 3699 964 3783 legare,
988 3721 1024 3764 se
1048 3698 1090 3763 ad
1114 3699 1372 3764 obseruationem
1396 3701 1505 3764 statuti
1537 3699 1720 3767 huiusmodi
1752 3704 1837 3768 iura·

161 3811 261 3875 menti
284 3807 413 3874 vinculo
437 3807 686 3894 obstringentes,
712 3808 745 3872 in
770 3807 951 3871 animarum
976 3827 1106 3870 suarum
1130 3802 1318 3890 periculum,
1344 3814 1376 3869 et
1399 3805 1640 3890 derogationem
1671 3831 1735 3873 non
1772 3832 1837 3873 me·

161 3914 266 3980 dicam
291 3913 510 3980 ecclesiastice
534 3913 701 3979 libertatis.
728 3909 891 3990 Quocirca
912 3910 1105 3976 fraternitati
1129 3918 1183 3975 tue
1209 3933 1266 3996 per
1287 3909 1466 3997 apostoliea
1490 3914 1610 3998 scripta
1634 3913 1833 3996 mandamus,

162 4031 320 4107 qnatenus
344 4021 372 4084 si
396 4019 441 4084 its
464 4028 522 4103 est,
545 4018 752 4101 Potestatem,
778 4015 967 4100 Consilium,
993 4026 1025 4082 et
1049 4013 1260 4081 Communem
1285 4018 1425 4080 ciuitatis
1452 4016 1606 4104 ejusdcm,
1626 4018 1714 4105 qnod
1731 4018 1841 4085 buius·

162 4125 248 4191 modi
272 4134 437 4208 statutum,
461 4125 641 4190 iuramento
665 4147 729 4190 non
755 4123 904 4189 obstante
928 4121 1082 4210 predicto,
1108 4121 1234 4208 penitus
1259 4132 1449 4188 revocantes
1474 4121 1555 4188 illud
1586 4123 1626 4189 de
1650 4173 1658 4190 .
1685 4173 1693 4190 .
1717 4123 1771 4190 vel
1795 4127 1837 4190 si·

162 4229 239 4296 mile
262 4233 295 4294 in
319 4231 365 4296 eis
389 4230 429 4298 de
451 4241 558 4297 cetero
582 4229 766 4296 nullatenus
787 4231 976 4317 rescripturi
1001 4229 1175 4294 monitione
1199 4231 1366 4315 premissa,
1387 4253 1446 4316 per
1468 4233 1836 4298 excommunicationem

160 4339 193 4403 in
215 4336 372 4402 officiales
396 4337 496 4426 ipsius
520 4337 670 4418 ciuitatis,
696 4347 728 4402 et
751 4339 784 4402 in
808 4335 954 4401 eamdem
979 4335 1143 4400 ciuitatem
1168 4333 1330 4400 interdicti
1357 4339 1526 4419 sententia,
1550 4335 1766 4423 appellatione
1787 4361 1835 4402 re·

161 4453 257 4526 meta,
281 4441 466 4531 compellas.
490 4443 563 4508 Non
585 4442 733 4509 obstante
757 4441 866 4530 aliqua
888 4439 1089 4526 indulgentia
1112 4439 1234 4506 eisdem
1260 4439 1425 4525 Potestati,
1451 4441 1596 4507 Consilio
1620 4453 1652 4508 et
1668 4441 1840 4509 Communi

162 4549 203 4615 ab
225 4547 402 4638 apostolica
426 4547 503 4615 sede
528 4571 691 4615 concessa.
717 4571 774 4636 per
798 4571 894 4636 quern
932 4547 1086 4613 attribute
1121 4547 1179 4611 tibi
1215 4547 1449 4612 iurisdictionis
1481 4547 1656 4635 explicatio
1691 4549 1840 4637 impediri

161 4654 278 4740 valeat,
303 4655 356 4721 vel
379 4655 476 4722 etiam
499 4655 666 4723 retardari.
692 4655 812 4720 Datum
838 4653 970 4720 Viterbe
993 4653 1033 4719 V.
1058 4652 1131 4718 idus
1154 4653 1243 4734 iunii,
1267 4653 1471 4738 pontificatus
1489 4655 1590 4718 nostri
1607 4677 1692 4720 anno
1709 4658 1838 4720 terti0.¹

310 4851 419 4912 Farlati
441 4853 587 4927 Illyricum
610 4853 735 4912 Sacrum.
759 4854 794 4910 Τ.
813 4854 866 4914 111.
889 4872 918 4926 p.
948 4853 1019 4910 181.

322 5099 333 5136 ¹
356 5101 465 5160 Parlati
484 5103 516 5174 js
540 5100 641 5168 mirlio,
664 5101 701 5156 ds
724 5101 861 5157 biimaln
877 5099 990 5172 stojsti:
1014 5099 1113 5172 primo,
1133 5099 1180 5170 jer
1202 5117 1232 5154 se
1255 5099 1394 5171 spominje
1418 5099 1488 5155 bivii
1512 5100 1674 5172 nadbislrup
1699 5101 1835 5173 Absolon,

161 5191 199 5249 ali
217 5193 309 5264 pismo
333 5191 473 5264 papinslo
497 5191 631 5262 negorori
654 5207 671 5245 o
693 5194 789 5262 ajemu
811 5190 866 5245 keo
889 5185 1047 5260 sjededemn
1067 5188 1114 5259 joi
1137 5205 1175 5242 aa
1198 5187 1298 5256 stolici,
1320 5185 1424 5242 buduci
1449 5187 1538 5244 dass
1561 5189 1619 5244 ried
1642 5187 1696 5244 fuit
1718 5194 1834 5261 profete

161 5298 197 5338 na
218 5279 349 5354 proiasto
367 5279 480 5336 vrieme.
