4350 5932
270 428 314 492 26

268 619 387 684 dicitur
410 621 610 707 professione
638 621 817 686 confessus.
850 621 1021 686 Praeterea
1055 625 1175 708 pariter
1204 623 1257 688 hie
1288 623 1425 709 portitor
1457 621 1617 708 quaedam
1641 616 1799 683 ecclesiae
1821 622 1955 680 vestrae

179 725 184 734 '
264 725 436 812 privilegia
467 750 487 790 a
518 728 636 790 nostris
672 747 826 789 concessa
861 726 1165 812 praedecessoribus
1201 730 1373 793 intimauit.
1407 728 1458 791 De
1489 727 1606 812 quibus
1642 725 1769 810 scriptis
1808 721 1956 786 caritatis

264 841 393 894 vestrae
427 853 486 894 nos
518 831 668 895 subtilius
701 833 851 894 volumus
882 832 1058 914 informari,
1081 835 1133 898 vel
1157 837 1184 898 si
1216 856 1281 921 qna
1303 856 1346 898 ex
1369 835 1416 898 eis
1439 835 1559 918 scripta
1581 834 1614 894 in
1638 829 1796 894 ecelesiae
1819 835 1955 892 vestrae

263 938 381 1000 scrinio
411 939 563 1017 reiacent,
594 959 704 1002 eorum
737 936 801 1000 huc
831 937 1032 1022 exemplaria
1061 942 1233 1004 transmitti
1266 961 1398 1004 necesse
1430 948 1487 1019 est,
1513 948 1547 1002 ut
1569 934 1728 1022 quidquid
1752 935 1793 998 ad
1818 933 1955 998 honoris

262 1043 362 1105 vestri
386 1042 610 1122 reuerentiam,
635 1039 688 1104 vel
715 1043 843 1123 genium
870 1043 1032 1127 praefatae
1049 1045 1205 1110 ecclesiae
1225 1047 1369 1131 pertinet,
1388 1043 1499 1107 libenti
1516 1045 1622 1106 e'nimo
1644 1063 1759 1128 parare
1777 1041 1953 1124 possimus.

262 1144 414 1212 Glorioso
438 1154 544 1210 autem
568 1147 729 1210 communi
754 1146 821 1210 filio
858 1147 977 1211 domno
1006 1148 1170 1229 Marcello,
1190 1151 1217 1212 si
1240 1149 1305 1214 hue
1319 1150 1430 1213 venire
1447 1147 1593 1227 voluerit,
1610 1147 1782 1210 instantius
1806 1143 1954 1216 suadete,

262 1253 339 1338 quia
362 1253 493 1316 omnino
517 1275 590 1316 eum
618 1251 731 1316 videre
767 1252 927 1317 desidero.
952 1255 986 1317 si
1019 1277 1097 1318 vero
1128 1253 1195 1319 illic
1223 1263 1308 1318 stare
1336 1252 1479 1338 elegerit,
1512 1255 1557 1315 ita
1587 1274 1646 1342 gos
1670 1254 1699 1315 ei
1732 1253 1766 1314 in
1803 1239 1953 1328 caritate,

262 1379 327 1444 qua
353 1358 514 1440 conuenit,
538 1356 699 1438 exhibete,
723 1367 758 1422 ut
779 1359 908 1422 affectui
925 1360 1028 1444 ipsius
1052 1381 1147 1445 quem
1165 1361 1251 1424 circa
1267 1381 1326 1422 vos
1342 1357 1448 1438 habet,
1465 1357 1669 1443 respondere,
1687 1357 1771 1420 sicut
1791 1354 1954 1419 condecet

263 1461 406 1527 valeatis.
433 1461 647 1548 Omnipotens
667 1461 747 1526 deus
770 1465 893 1546 gratiae
913 1485 990 1527 suae
1016 1463 1100 1528 dono
1126 1486 1185 1527 vos
1209 1473 1241 1529 et
1263 1463 1410 1527 custodia
1433 1472 1589 1549 protegat,
1615 1472 1648 1525 et
1667 1484 1724 1526 cor
1747 1469 1891 1525 vestrum
1918 1463 1952 1522 in

262 1590 309 1642 ea,
334 1589 416 1654 quae
440 1569 469 1631 ei
493 1577 569 1632 sunt
594 1567 721 1654 placita,
747 1591 875 1655 semper
897 1569 1062 1636 accendat.
1088 1569 1199 1634 Mense
1222 1569 1330 1634 Junio.
1354 1569 1533 1632 Indictione
1558 1569 1671 1654 prima.

422 1722 522 1777 blansi.
548 1723 686 1779 collectio
709 1722 817 1779 concil.
840 1725 874 1781 T.
898 1725 934 1780 X.
957 1732 1006 1780 str.
1033 1726 1103 1780 102.
1127 1711 1233 1816 Farlati
1259 1726 1401 1798 Illyricam
1424 1725 1539 1780 Sacrum
1563 1724 1605 1805 Τ..
1621 1723 1656 1779 V.
1681 1741 1709 1794 p.
1736 1723 1786 1778 28.

553 1995 780 2077 XXXVII.
809 1995 901 2079 598.
927 1998 1012 2079 olio
1041 2001 1225 2100 mjeseca
1251 1999 1408 2100 llpnja.
1436 1998 1474 2080 U
1501 1997 1647 2080 Rimu.

261 2175 363 2250 (ἔφαν
385 2177 414 2237 1.
432 2193 519 2250 popa
533 2175 602 2248 pise
624 2175 821 2248 Murinriaaa
835 2178 962 2250 bukana
978 2177 1152 2236 rovenskom
1171 2194 1187 2235 o
1210 2178 1326 2250 nJ'etom
1344 2173 1441 2236 lvaau
1463 2177 1615 2236 doioos'em
1636 2178 1665 2236 is
1681 2177 1829 2252 Paeoniis
1844 2179 1953 2253 trojam

267 2281 402 2340 antiatis
417 2280 570 2353 tietmar
593 2298 613 2338 u
631 2280 746 2340 Novom
756 2282 864 2356 meda,
887 2282 992 2342 noloie
1012 2299 1062 2340 ma
1084 2283 1193 2355 suedan
1213 2283 1253 2340 rto
1270 2283 1381 2355 perede
1399 2283 1517 2357 istruna
1535 2284 1618 2356 proti
1640 2283 1798 2342 Mokeimu
1818 2284 1952 2357 biakupu

320 2385 511 2454 solinstomra
534 2389 562 2444 te
586 2385 643 2443 also
666 2385 742 2446 bade
760 2387 904 2462 potretno
927 2388 968 2446 da
989 2389 1002 2444 i
1025 2387 1152 2460 betuna
1174 2388 1360 2463 mitamtoyo
1381 2389 1438 2447 tao
1462 2389 1555 2448 sadra
1573 2406 1615 2447 aa
1636 2389 1755 2463 istrapu
1775 2405 1892 2462 posooe.

719 2554 907 2641 Gregorius,
933 2557 1115 2622 Mariniano
1138 2559 1289 2643 episcopo
1314 2557 1499 2623 Ravennae.

418 2733 554 2800 Latores
578 2733 618 2798 ad
643 2755 703 2799 nos
727 2735 945 2818 praesentium
969 2734 1030 2797 viri
1055 2733 1225 2798 clarissimi
1249 2731 1472 2798 vicedominus
1490 2741 1588 2820 atque
1603 2733 1755 2798 defensor
1774 2745 1946 2815 venerunt,

258 2847 448 2922 asserentes,
473 2839 561 2926 quod
585 2841 617 2904 in
641 2837 775 2904 castello
810 2839 896 2924 quod
920 2837 1029 2902 Nonas
1050 2839 1178 2921 dicitur,
1209 2839 1379 2926 episcopus
1406 2839 1547 2925 quidam,
1570 2838 1715 2904 Joaunes
1739 2841 1880 2921 nomine,
1906 2839 1950 2903 de

258 2944 412 3009 Pauoniis
436 2945 579 3026 ueniens,
604 2944 701 3008 fuerit
717 2944 919 3024 constitutus,
944 2944 995 3006 cui
1012 2944 1144 3008 castello
1164 2965 1273 3008 eorum
1290 2943 1403 3023 insula,
1423 2965 1506 3030 quae
1526 2941 1702 3030 Capritana
1725 2943 1852 3020 dicitur,
1877 2954 1951 3008 erat

259 3050 351 3136 quasi
375 3072 433 3136 per
455 3048 629 3114 dioecesim
647 3051 828 3114 coniuncta.
845 3048 1037 3132 Adiungunt
1060 3058 1168 3113 autem
1184 3048 1269 3136 quod
1286 3049 1399 3114 eodem
1416 3051 1566 3135 episcopo
1582 3049 1741 3114 violenter
1763 3050 1805 3114 ab
1830 3050 1950 3115 Istrioo
2032 3105 2038 3118 ,

258 3157 411 3242 episcopo
434 3154 581 3240 expulso,
612 3154 696 3220 alius
725 3154 791 3219 illic
821 3155 918 3220 fuerit
948 3153 1125 3219 ordinatus.
1159 3154 1209 3219 De
1242 3177 1305 3240 quo
1329 3165 1436 3219 tamen
1459 3154 1523 3219 boc
1545 3153 1706 3240 placuisse
1729 3155 1887 3236 referunt,
1912 3164 1950 3219 ut

257 3281 321 3325 nou
338 3261 372 3324 iu
388 3259 553 3346 praedicto
569 3268 676 3325 castro
692 3258 749 3324 sed
766 3261 797 3324 iu
815 3283 873 3324 sua
890 3259 995 3324 insula
1011 3247 1157 3325 habitare
1178 3259 1352 3326 debuisset.
1371 3259 1525 3339 Quicum
1546 3258 1612 3324 illic
1635 3282 1707 3324 cum
1730 3261 1778 3325 eis
1802 3259 1947 3344 degeret,

258 3365 291 3430 iu
314 3387 422 3430 errore
447 3389 482 3430 ss
506 3365 691 3430 schismatis
714 3365 859 3430 detinere
883 3365 994 3444 noluit,
1018 3375 1115 3451 atque
1140 3387 1213 3429 cum
1242 3367 1328 3428 omni
1360 3363 1454 3450 plebe
1486 3387 1545 3429 sua
1573 3364 1858 3430 excellentissimo.
1878 3364 1948 3431 filio

258 3479 368 3536 nostro
392 3468 561 3536 Oalinicho
585 3470 726 3535 exarcho
752 3471 942 3557 petitionem
966 3469 1064 3551 dedit,
1083 3479 1118 3534 ut
1140 3470 1317 3534 catholicae
1340 3469 1499 3534 ecclesiae
1522 3491 1594 3534 cum
1619 3471 1769 3534 omuibus
1792 3472 1848 3556 qui
1872 3490 1947 3535 oum

257 3577 328 3662 ipso
360 3587 461 3657 erant,
493 3577 578 3640 sieut
608 3575 838 3660 praediximus,
871 3577 955 3639 uniri
987 3575 1178 3651 debuissetx
1198 3565 1262 3655 Qui
1295 3585 1331 3640 ut
1359 3578 1458 3656 aiunt,
1482 3597 1503 3638 a
1525 3575 1736 3640 schismaticis
1761 3597 1949 3661 persuasus,

255 3689 329 3766 post
351 3682 559 3766 semetipsum
594 3679 699 3762 rediit,
738 3690 771 3744 et
807 3703 892 3745 nunc
924 3684 1028 3745 omnis
1059 3679 1114 3745 ille
1147 3679 1283 3766 populus
1314 3683 1368 3766 qui
1403 3683 1436 3744 in
1466 3679 1632 3766 praedicta
1667 3680 1948 3762 insulanensistit,

257 3785 433 3850 sacerdotis
457 3790 655 3871 protectione
676 3787 823 3871 priuatus
846 3796 904 3867 est,
929 3788 1005 3872 quia
1028 3786 1103 3850 dum
1128 3797 1259 3850 sanctae
1282 3785 1437 3850 ecclesiae
1462 3787 1544 3850 uniri
1568 3785 1740 3867 desiderat,
1763 3785 1856 3850 illum
1880 3788 1948 3850 iam

257 3892 401 3977 recipere
424 3912 489 3955 non
514 3877 628 3976 potest,
652 3893 707 3977 qui
732 3891 773 3955 ad
797 3891 1076 3956 schismaticorum
1103 3914 1245 3955 errorem
1269 3913 1419 3972 reuersus
1442 3900 1500 3972 est,
1526 3900 1558 3955 et
1578 3900 1692 3977 petunt
1714 3890 1777 3956 sibi
1801 3891 1948 3956 ordinari

257 3993 356 4061 alium
381 3994 512 4060 debere.
543 3994 608 4060 Sed
639 4017 707 4076 uos,
740 3999 816 4082 quia
847 4005 963 4061 cuneta
994 4019 1126 4060 necesse
1159 4006 1209 4061 est
1240 3997 1384 4060 districte
1404 4017 1442 4059 ao
1465 3995 1628 4061 subtiliter
1651 4000 1858 4081 perscrutari,
1883 3996 1949 4062 hoc

256 4101 470 4166 ordinandum
490 4122 562 4165 ease
579 4101 808 4187 praecidimus,
833 4111 868 4166 ut
890 4103 1073 4167 fraternitas
1097 4115 1152 4166 tua
1178 4101 1219 4166 ad
1244 4104 1430 4188 episcopum
1455 4102 1567 4182 mittat,
1598 4123 1737 4188 eumque
1755 4105 1875 4167 reuerti
1902 4105 1947 4166 ad

256 4206 412 4272 ecclesiae
435 4206 612 4272 catholicae
635 4208 790 4272 unitatem
807 4217 839 4272 et
854 4208 895 4271 ad
915 4211 1077 4294 propriam
1093 4207 1220 4293 plebem
1242 4207 1422 4271 admoneat
1447 4205 1510 4286 Qui
1535 4208 1563 4270 si
1586 4209 1649 4270 iam
1674 4210 1814 4273 monitus
1837 4209 1948 4274 redire

257 4315 497 4398 contempserit,
522 4334 605 4398 grex
628 4312 682 4376 dei
705 4312 812 4398 decipi
835 4337 899 4377 non
916 4313 1014 4377 debet
1036 4316 1069 4376 in
1094 4335 1202 4377 errore
1224 4312 1435 4396 pastorisEt
1466 4313 1585 4377 idcirco
1620 4317 1773 4379 sanctitas
1798 4324 1855 4379 tua
1878 4316 1949 4380 illie

259 4419 446 4504 episcopum
469 4418 607 4500 ordinet,
629 4418 830 4506 eandemque
853 4419 992 4483 insulam
1019 4421 1052 4482 in
1075 4440 1132 4482 sua
1148 4416 1288 4481 dioecesi
1310 4416 1436 4498 habeat,
1453 4440 1621 4505 quousque
1643 4419 1685 4484 ad
1708 4419 1806 4485 fidem
1832 4422 1946 4486 catho-

256 4522 348 4588 licam
376 4523 480 4590 lstriei
505 4527 647 4612 episcopi
664 4534 877 4605 reuertentur,
896 4535 979 4589 utet
995 4525 1168 4610 unicuique
1196 4523 1352 4588 ecclesiae
1369 4545 1446 4587 suae
1469 4523 1657 4588 dioeceseos
1673 4527 1744 4589 iura
1760 4537 1946 4610 seruentur,
2023 4576 2027 4582 -

256 4636 289 4692 et
311 4628 464 4694 destituto
486 4651 506 4692 a
529 4639 657 4716 pastore
674 4629 792 4716 populo
810 4652 873 4694 non
890 4631 975 4693 desit
998 4630 1155 4714 protectio
1178 4637 1211 4690 et
1233 4651 1311 4693 cura
1326 4630 1501 4712 regiminis.
1530 4628 1568 4692 In
1584 4628 1634 4692 his
1657 4639 1763 4694 tamen
1789 4633 1944 4699 omnibus

255 4734 489 4800 fraternitatem
514 4745 600 4800 tuam
625 4735 866 4800 decetsolicite
890 4734 1094 4821 vigilarent
1118 4732 1209 4817 plebs
1223 4733 1335 4797 eadem
1360 4755 1443 4818 quae
1466 4732 1507 4797 ad
1530 4733 1700 4798 ecclesiam
1724 4738 1815 4802 venit
1838 4740 1943 4804 studi·

254 4841 343 4906 osius
366 4839 587 4921 admoneatur,
610 4851 769 4926 quatenus
793 4850 978 4905 constanter
1003 4843 1036 4903 in
1060 4859 1119 4902 sna
1137 4840 1322 4903 reuersione
1346 4837 1412 4902 fixa
1435 4841 1485 4917 sit,
1508 4861 1548 4902 ne
1572 4843 1666 4924 vagis
1687 4845 1944 4926 cogitationibus

257 4947 290 5010 in
314 4947 431 5010 erroris
455 4945 572 5010 iterum
598 4947 725 5011 loueam
752 4945 925 5010 relabatur.
957 4943 1276 5008 Excellentissimum
1300 4965 1377 5007 vero
1400 4942 1586 5012 Exarebum
1612 4955 1719 5031 petere
1745 4949 1883 5032 studeat,
1908 4961 1947 5016 ut

258 5049 338 5116 haee
370 5051 441 5135 ipsa
473 5051 539 5114 suis
572 5050 835 5136 suggestionibus
867 5051 1022 5134 piissimis
1046 5052 1273 5133 imperatorum
1305 5049 1436 5114 auribus
1457 5051 1652 5130 innotescat,
1685 5054 1763 5138 quia
1793 5059 1945 5141 quamuis

256 5157 356 5220 iussio
378 5177 462 5241 quae
484 5154 617 5220 adeum
640 5154 746 5220 delata
767 5165 824 5234 est,
849 5153 1001 5239 subrepta
1025 5175 1096 5217 esse
1120 5153 1276 5232 videatur,
1294 5175 1355 5218 nou
1379 5164 1486 5220 tamen
1510 5158 1543 5220 in
1566 5179 1605 5220 ea
1627 5157 1770 5224 iussione
1793 5162 1823 5225 ei
1848 5184 1941 5247 prae·

259 5269 386 5346 ceptum
410 5270 468 5336 est,
491 5268 527 5324 ut
549 5259 695 5325 volentes
718 5259 760 5324 ad
793 5258 963 5324 ecclesiam
996 5257 1102 5322 redire
1135 5280 1197 5321 non
1228 5259 1400 5344 permittat,
1435 5261 1492 5324 sed
1528 5270 1562 5325 ut
1585 5263 1703 5327 inuitos
1727 5262 1788 5328 hoo
1810 5265 1942 5331 interim

258 5376 401 5451 tempore
425 5367 557 5432 minime
591 5363 772 5450 compellat.
797 5364 903 5430 Huius
921 5387 998 5450 ergo
1026 5387 1159 5430 caussae
1182 5363 1415 5430 ordinationem
1438 5367 1471 5429 in
1495 5387 1587 5430 susm
1621 5389 1732 5432 curam
1754 5369 1941 5454 praedictus
