4300 5930
25 649 26 652 =
118 610 262 690 minibus,
283 607 473 696 postultare
497 619 607 675 sancte
622 608 724 676 Mario
748 630 845 674 causa
866 605 989 674 consilii
1013 610 1199 700 congregati
1222 618 1346 692 essent3
1372 617 1449 674 tunc
1473 605 1605 696 quidam
1630 608 1785 675 diaconus

115 715 279 780 Johannes
302 717 440 795 nomine,
465 715 677 801 proclamauit
699 738 733 780 se
762 716 827 780 vim
851 715 917 802 peti
951 735 971 776 a
1004 715 1129 792 comite,
1164 713 1293 780 dicens:
1329 715 1399 800 Ego
1435 737 1578 802 namque
1617 738 1688 780 cum
1725 718 1783 780 sim

25 825 28 880 ³:
116 817 215 886 maior
239 821 381 886 omnium
405 820 519 886 domus
542 844 622 904 mee,
647 832 678 886 et
702 827 804 886 mater
828 820 934 902 vidua,
957 819 1076 885 iratres
1098 843 1137 888 ac
1159 843 1285 887 sorores
1317 823 1452 887 subrue
1487 825 1560 906 sint,
1603 823 1687 888 unde
1724 845 1784 907 ego

25 949 27 994 1
115 927 153 992 dc
175 929 222 992 eis
244 928 401 992 rationem
426 926 532 992 lacero
555 927 659 992 debeo
682 926 812 992 domino
835 929 986 1013 episcopo
1011 947 1091 1009 meo,
1116 926 1263 992 dominus
1288 949 1396 992 comes
1432 951 1481 992 me
1515 930 1603 1014 cogit
1638 929 1699 994 sibi
1733 951 1783 993 ra·

25 1051 29 1108 Γ
116 1034 232 1096 tionem
257 1031 374 1098 fucere.
399 1021 492 1097 Tune
514 1053 591 1098 vero
615 1039 800 1118 prenotatus
830 1033 1001 1118 episcopus
1036 1041 1068 1096 et
1101 1030 1206 1097 clerus
1240 1033 1398 1124 dederunt
1432 1057 1466 1098 se
1499 1036 1532 1097 in
1568 1036 1785 1100 testimonium

111 1137 326 1224 predictorum
352 1137 504 1202 iudicum
529 1160 568 1203 ac
590 1137 725 1205 aliorum
751 1136 914 1212 nobilium,
938 1136 978 1200 de
1001 1136 1063 1202 hoc
1087 1139 1156 1201 iure
1179 1137 1325 1206 ecclesie.
1349 1138 1413 1224 lpsi
1438 1161 1554 1224 nempe
1586 1141 1618 1203 in
1651 1138 1783 1204 consilio

113 1253 278 1324 venerunt,
301 1253 334 1306 et
357 1253 539 1308 conuocato
562 1243 697 1308 oonsilio
721 1245 828 1308 testati
852 1251 926 1308 sunt
949 1246 1010 1308 ita:
1035 1242 1204 1323 Quatenus
1227 1243 1363 1309 clericus
1386 1267 1458 1310 cum
1489 1246 1549 1309 sub
1580 1268 1615 1310 se
1649 1256 1783 1310 matrem

115 1347 242 1412 viduam
268 1347 376 1430 habet,
400 1350 524 1436 etipse
547 1359 632 1414 etate
655 1351 796 1414 omnium
819 1348 952 1414 fratrum
977 1371 1014 1413 ae
1031 1371 1175 1414 sororum
1197 1351 1298 1414 maior
1318 1361 1375 1433 est,
1400 1359 1432 1414 et
1448 1373 1510 1416 una
1527 1349 1661 1415 insimul
1678 1353 1784 1416 omnia

114 1456 325 1518 communiter
349 1453 479 1535 habent,
503 1465 535 1518 et
555 1456 664 1518 omnia
687 1457 899 1520 communiter
922 1456 1090 1520 inueniunt
1112 1477 1150 1519 ao
1175 1455 1320 1542 perdunt,
1346 1467 1379 1520 et
1410 1456 1472 1522 hoc
1505 1455 1682 1543 probabile
1713 1479 1784 1522 esse

114 1561 231 1646 potuit:
256 1561 306 1623 cui
332 1559 471 1624 clericus
494 1561 650 1624 rationem
674 1559 781 1624 lacere
805 1559 910 1642 debet,
936 1561 1004 1646 ipse
1028 1572 1060 1624 et
1080 1562 1187 1624 omnis
1212 1563 1281 1627 eius
1305 1561 1429 1644 domus,
1455 1572 1486 1627 et
1509 1564 1536 1626 si
1574 1563 1654 1627 alias
1685 1561 1784 1626 frater

113 1676 166 1729 aut
188 1687 280 1728 soror
303 1665 439 1729 alicuius
460 1665 568 1730 clerici
592 1669 624 1730 in
650 1669 849 1731 rnatrimonio
873 1689 907 1730 se
932 1668 1083 1748 iunxerit,
1107 1677 1139 1732 et
1163 1691 1181 1730 a
1204 1669 1321 1733 elerico
1346 1670 1472 1750 exierit,
1497 1681 1528 1733 et
1548 1671 1579 1731 in
1607 1669 1704 1732 domu
1727 1691 1784 1754 per

114 1795 146 1834 se
170 1781 313 1836 moratus
337 1771 443 1851 luerit,
469 1776 531 1836 iarn
557 1769 610 1836 ille
633 1795 696 1837 non
719 1772 816 1836 debet
838 1771 931 1836 alicui
957 1774 1110 1837 rationem
1138 1772 1242 1837 facere
1269 1777 1329 1838 nisi
1346 1776 1465 1854 comiti,
1500 1785 1532 1840 et
1549 1774 1686 1838 clericus
1706 1797 1779 1839 cum

114 1876 265 1942 subiectis
289 1879 448 1963 episeopo.
479 1877 618 1942 Predioti
644 1878 765 1945 iudices
789 1888 907 1942 testes:
932 1877 1087 1944 Albertus
1112 1878 1266 1960 Bctraldi‚
1290 1883 1392 1944 testis.
1423 1879 1580 1944 Dabraua
1607 1879 1782 1962 Theodori,

25 2029 27 2036 ,
116 1983 212 2046 testis.
239 1982 353 2046 Petrus
377 1983 502 2066 eraue,
527 1986 627 2048 testis.
646 1983 761 2048 Petrus
785 1982 964 2064 Canatalie,
988 1987 1089 2050 testis.
1113 1984 1268 2050 Diminna
1292 1983 1421 2066 Baxilii,
1441 1989 1542 2050 testis.
1579 1986 1687 2052 Micba
1719 1983 1778 2050 Sil·

115 2089 222 2166 uestri,
248 2090 348 2170 testis,
373 2101 405 2152 et
429 2087 574 2154 nonnulli
598 2089 663 2154 alii.
777 2143 780 2149 .
850 2119 853 2128 ·

263 2193 334 2277 Ego
358 2193 539 2280 Stephanus
563 2205 672 2268 sancte
697 2195 845 2263 arbensis
868 2193 1004 2262 ecclesie
1029 2197 1193 2278 diaconus,
1225 2219 1264 2260 ac
1295 2199 1435 2262 notarius
1470 2201 1585 2286 scripsi
1619 2207 1651 2263 et
1684 2197 1781 2264 robo-

114 2299 190 2362 rani.
215 2297 288 2384 Ego
312 2297 446 2364 Gabriel
471 2301 607 2386 scriptor
630 2304 712 2364 sacri
738 2301 846 2388 palatii
872 2306 1026 2385 notarius,
1053 2303 1114 2368 boc
1145 2301 1312 2388 exemplar
1347 2305 1540 2391 exemplaui,
1579 2315 1611 2369 et
1645 2307 1728 2370 sicut
1750 2308 1783 2370 in

114 2403 289 2490 exemplari
313 2405 546 2483 continebatur,
571 2407 615 2468 ita
638 2409 724 2470 etin
749 2409 810 2472 isto
833 2409 1024 2488 continetur,
1059 2406 1137 2472 nihil
1168 2407 1293 2474 addens
1324 2409 1376 2474 vel
1407 2412 1564 2490 minuens,
1606 2413 1668 2476 nisi
1702 2431 1783 2498 quas

25 2509 27 2516 ’
114 2511 144 2573 ic
168 2531 208 2573 eo
230 2512 340 2574 inueni
363 2511 504 2576 existere
527 2510 661 2594 litteras,
686 2511 756 2596 plus
781 2513 937 2596 minusue,
961 2523 992 2578 et
1013 2513 1164 2578 roboraui
1187 2515 1280 2598 signo
1313 2537 1382 2580 meo
1418 2527 1514 2602 atque
1549 2519 1569 2597 ξ
1614 2514 1686 2601 Ego
1721 2515 1782 2582 Mi-

116 2613 204 2678 chael
226 2613 375 2680 Foderici
401 2615 514 2701 Dregi‚
537 2619 620 2682 sacri
646 2617 754 2702 palatii
779 2621 920 2682 notorius
946 2617 1005 2684 hoc
1028 2619 1220 2706 eiremplaui,
1246 2619 1324 2684 nihil
1349 2621 1471 2686 addens
1497 2620 1547 2686 vel
1573 2622 1719 2686 minuens
1742 2625 1776 2688 in

115 2743 160 2799 eo,
184 2721 271 2806 quod
296 2743 453 2786 summam
479 2725 590 2796 mutet,
612 2721 663 2787 vel
687 2733 842 2788 tenorem.

260 2920 376 2976 Farlati.
399 2921 544 2992 Illyricum
568 2921 691 2977 Sacrum.
716 2923 750 2980 T.
777 2923 810 2976 V.
834 2929 881 2980 atr.
908 2924 980 2978 237.

379 3325 380 3328 Ὺ
452 3149 681 3300 oxnvnr.
710 3216 815 3300 nra
842 3214 905 3302 aa.
933 3216 1087 3323 rinna
1114 3215 1151 3305 o
1181 3221 1436 3309 catenans*
1465 3257 1467 3264 ·

116 3393 299 3455 Aleksondro
321 3394 389 3456 Ill.
405 3414 498 3474 popo,
522 3399 586 3472 pile
607 3401 768 3472 putriartra
789 3401 977 3474 pransitasse,
1001 3401 1040 3459 dc
1056 3403 1090 3474 je
1113 3421 1154 3460 no
1176 3404 1302 3479 protare
1324 3407 1488 3484 ecdursltop
1510 3409 1679 3470 soemnetou
1712 3414 1774 3472 iau·

114 3517 181 3576 troo
204 3519 366 3592 iposoetio
389 3538 426 3580 so
448 3521 637 3596 nodbmhupa
659 3523 823 3598 sadarslcop
853 3525 980 3597 histum
1009 3527 1206 3602 eyubir'slroyc,
1234 3525 1398 3611 (Tebuldo)
1433 3550 1475 3591 nu
1508 3535 1548 3591 da
1580 3538 1646 3593 ento
1676 3553 1772 3608 pravo

476 3648 641 3719 patremne,
661 3648 744 3722 pleds
758 3649 944 3721 posoeeenja
968 3649 1001 3706 m'
1023 3650 1099 3708 mato
1116 3653 1308 3725 povriedjeno
1328 3655 1425 3726 natja·

271 3831 458 3896 Alexander
481 3833 651 3919 episeopus
676 3857 789 3898 seruus
813 3857 978 3900 seruorum
1003 3835 1064 3902 dei.
1091 3835 1275 3905 Venerabili
1300 3841 1389 3906 fratri
1416 3823 1567 3930 gradensi
1599 3850 1778 3934 patriarche

115 3935 248 4002 salutem
274 3949 306 4002 et
328 3937 538 4024 apostolicam
563 3939 829 4006 benedictionem.
855 3940 935 4006 Cum
960 3941 1111 4008 defuncto
1135 3945 1274 4011 iodrensi
1299 3947 1550 4036 archiepiscopo,
1576 3953 1682 4020 clerus
1717 3955 1777 4020 loci

115 4044 144 4105 is
167 4053 256 4108 terra
279 4065 341 4108 non
367 4056 474 4130 posset
497 4045 684 4112 electionem
710 4048 910 4112 concorditer
933 4047 1048 4130 lacere,
1074 4051 1228 4135 quosdam
1255 4051 1293 4116 de
1313 4053 1448 4138 clericis,
1469 4073 1500 4120 et
1522 4057 1611 4125 laicis
1643 4064 1709 4126 suis
1735 4061 1776 4127 ad

25 4157 26 4162 ’
114 4161 254 4214 nostram
277 4153 468 4236 presentiam
494 4153 704 4235 destinarunt,
729 4154 853 4238 plenam
879 4156 925 4218 eis
941 4167 1130 4240 potestatem
1147 4159 1317 4243 prebentes
1330 4161 1470 4244 eligendi
1487 4163 1773 4253 archiepiscopum,

116 4255 164 4320 vel
188 4257 363 4342 recipiendi
387 4279 481 4344 quem
507 4259 553 4323 eis
576 4260 753 4345 apostolica
774 4261 868 4326 sedes
894 4261 1079 4328 decerneret
1098 4263 1368 4356 ¹prouidendum·
1388 4267 1452 4349 Qui
1488 4271 1648 4358 siquidem
1681 4297 1775 4339 vene·

114 4361 245 4428 rabilem
271 4361 400 4430 fratrem
422 4375 563 4430 nostrum
588 4367 797 4448 egubiensecl
821 4369 1027 4453 episcopum,
1042 4371 1146 4434 virum
1170 4371 1354 4457 religiosum
1377 4383 1409 4440 et
1425 4374 1599 4442 honestum
1617 4382 1649 4443 in
1673 4381 1775 4446 archi-

114 4471 415 4556 episcopumsuum
440 4473 560 4556 pariter
580 4471 754 4557 elegerunt,
778 4483 811 4538 et
833 4495 891 4537 nos
912 4473 1097 4539 electionem
1123 4477 1224 4561 ipsius
1247 4481 1481 4562 confirmantes,
1504 4476 1614 4569 ipsum
1633 4488 1679 4550 eis
1703 4509 1775 4551 con·

114 4575 268 4640 cessimus
291 4577 323 4639 in
347 4585 517 4662 pastorem.
543 4576 636 4642 Uude
660 4578 745 4663 quod
769 4577 853 4643 idem
870 4579 1129 4667 archiepiscopus
1145 4581 1185 4647 de
1202 4605 1297 4647 manu
1312 4595 1368 4648 tua
1382 4591 1633 4654 consecrationis
1651 4613 1775 4675 munus,

266 4827 357 4887 'Orc
382 4829 479 4886 listina
502 4831 594 4889 stacio
613 4851 671 4888 sam
695 4831 751 4904 pod
774 4833 879 4906 godinu
916 4833 1008 4890 1179.
1039 4837 1083 4906 jer
1113 4837 1144 4908 je
1181 4854 1232 4892 ove
1265 4837 1368 4910 godins
1398 4837 1452 4896 dne
1482 4839 1535 4900 24.
1571 4841 1661 4913 lipnja
1695 4862 1772 4916 papa

25 4973 27 4986 ,
114 4915 289 4990 Aleksandro
312 4919 365 4979 ΙΙΙ.
389 4921 481 4976 doista
504 4919 549 4976 bio
573 4939 590 4974 n
613 4921 764 4989 Lateranu‚
787 4921 943 4993 iadavajuti
968 4932 1043 4978 tamo
1065 4926 1153 4980 ostale
1177 4925 1255 4980 bulte
1276 4928 1311 4980 od
1338 4927 1385 4981 15.
1409 4929 1519 4999 svibnjc
1535 4930 1570 4986 do
1595 4931 1645 4984 22.
1663 4935 1774 5002 srpnja,

113 5007 200 5061 dodim
220 5009 254 5077 je
276 5007 379 5080 godins
404 5007 498 5066 1180.
522 5026 559 5062 ns
581 5009 674 5064 raboni
697 5009 753 5064 dan
775 5009 821 5064 bio
845 5028 862 5064 u
885 5008 1060 5078 Tuskulanu,
1084 5031 1100 5068 a
1128 5031 1155 5084 g.
1192 5013 1284 5068 1181.
1317 5032 1336 5069 u
1370 5015 1497 5074 Viterbu.
1536 5017 1631 5072 Jednu
1663 5021 1772 5090 godino

113 5094 181 5164 prije
206 5095 299 5153 1178.
323 5113 402 5150 nmro
421 5097 452 5166 je
475 5096 604 5167 talrodjer
627 5097 806 5167 predtastnik
829 5098 984 5170 'l'ebaldov,
1008 5099 1167 5171 nadbiskup
1192 5101 1363 5172 Lampridio,
1388 5113 1415 5159 te
1434 5109 1464 5174 je
1483 5107 1532 5174 jur
1553 5106 1657 5176 godins
1676 5109 1771 5162 1179.

112 5180 182 5238 imao
205 5183 334 5240 'I'ebcldo
356 5185 452 5254 sjcditi
474 5201 512 5240 sa
533 5185 626 5240 stolioi
649 5184 850 5256 nadbiskupije
872 5187 1017 5257 aadarske,
1041 5189 1123 5266 petto
1154 5207 1185 5244 se
1218 5191 1270 5246 iste
1303 5195 1369 5263 god.
1399 5211 1416 5246 u
1448 5192 1569 5262 podetlru
1604 5211 1642 5249 ua
1675 5196 1769 5252 stolioi

25 5347 26 5358 ἵ
112 5271 227 5343 ojcgose
251 5271 329 5328 bitte
352 5271 492 5344 biskupije
515 5272 661 5344 egubijske
683 5274 822 5346 spominje
840 5276 943 5346 ujegov
966 5277 1125 5347 uasIJednils
1149 5276 1272 5336 Ollredo.
