4310 5918
1814 373 1876 440 119

197 549 296 614 laude
321 549 466 632 habetur,
490 552 588 614 immo
612 552 678 615 voti
702 571 833 636 compos
855 559 885 614 et
910 551 1028 616 efficax
1044 574 1101 638 pro
1118 553 1240 619 meritis
1256 553 1465 636 glorificatur,
1501 557 1604 622 omnis
1639 565 1723 629 enim
1749 565 1819 632 laus
1843 570 1876 634 in

194 657 263 720 fine
286 657 423 738 canitur,
448 654 548 721 stibi
571 657 753 720 necessario
777 657 893 720 deuote
928 660 1088 720 orantium
1113 658 1254 722 cessabit
1276 655 1387 740 oratio,
1413 661 1466 724 ubi
1492 685 1565 746 spes
1589 667 1715 752 aufugit
1738 669 1876 738 humane
1970 647 1973 656 Ι

194 764 272 843 vite,
297 764 325 824 si
350 769 459 825 careat
481 758 569 824 vitali
595 759 759 845 suffragio,
784 760 896 825 eadem
914 753 1013 848 regali
1030 763 1219 828 auctoritate
1244 785 1308 827 una
1331 786 1403 829 cum
1421 764 1587 833 Guoinone
1612 771 1705 856 bano,
1730 777 1875 862 meisque

193 867 389 952 primatibus
401 865 552 938 concedo,
569 864 672 947 fauno,
697 887 804 930 anrruo
828 866 886 930 tibi
901 865 1032 930 Andres
1049 867 1168 950 abbati,
1193 868 1342 934 omnibus
1366 892 1494 956 quoque
1518 873 1694 942 beatissimi
1717 879 1876 948 Jobannis

192 973 428 1038 monasterium
451 973 543 1056 iuxta
565 979 693 1058 patrum
716 972 862 1036 instituta
883 971 1079 1056 regentibus.

322 1103 489 1188 ‘Rogoua
523 1111 644 1168 curtem
677 1105 710 1167 in
745 1103 1040 1168 condenscensione
1075 1103 1166 1168 collis
1201 1107 1338 1190 proximi
1375 1115 1407 1172 et
1440 1111 1640 1178 imminentis
1678 1115 1877 1202 Belgradine
1990 1137 1998 1153 ‘
2029 1091 2042 1115 ⁵

190 1211 319 1274 ciuitati
343 1212 480 1295 positam
503 1199 727 1294 ab'aquilone,
753 1230 827 1273 oum
851 1207 1000 1273 omnibus
1032 1211 1099 1273 suis
1124 1211 1335 1294 pertinentiis.

353 1321 480 1387 Eadem
504 1320 606 1406 regali
622 1323 811 1386 auctoritate
828 1321 921 1403 dono,
939 1321 1091 1404 concedo,
1119 1343 1226 1389 annuo
1250 1323 1326 1390 huie
1349 1329 1567 1392 saeratissimo
1592 1333 1694 1395 sancti
1715 1331 1876 1400 Johannis

189 1417 389 1492 monasterio
407 1450 462 1492 eas
483 1427 577 1490 simul
602 1437 713 1508 terras,
737 1447 810 1490 num
835 1425 895 1490 bac
919 1426 1030 1491 eadem
1055 1437 1145 1491 curte
1170 1429 1235 1494 sibi
1259 1432 1427 1514 contiguas
1452 1432 1493 1496 ab
1517 1434 1678 1520 aquilonis
1703 1436 1812 1522 latere,
1834 1441 1876 1504 ab

187 1531 325 1596 australi
352 1555 427 1596 vero
451 1555 471 1595 a
496 1532 565 1596 loco
588 1531 722 1612 arboris,
748 1553 809 1616 que
835 1553 960 1616 pagana
984 1531 1109 1614 dieitur,
1134 1533 1174 1597 ad
1200 1555 1300 1620 usque
1324 1535 1474 1618 Blattsm,
1498 1549 1530 1602 et
1562 1563 1690 1608 crucem
1714 1543 1747 1606 in
1771 1568 1820 1626 ea,
1845 1555 1877 1611 et

186 1663 207 1702 a
232 1639 375 1702 termino
400 1637 507 1700 Blatte
530 1635 572 1702 ad
596 1659 698 1722 usque
722 1647 852 1722 puteum
877 1637 909 1700 in
934 1636 1088 1719 Dranani,
1125 1647 1157 1702 et
1179 1662 1199 1702 a
1223 1639 1293 1706 loco
1317 1641 1458 1707 Dracani
1484 1667 1540 1729 per
1565 1653 1768 1712 transuersus
1793 1653 1876 1715 occi·

186 1743 298 1808 dentis
321 1743 362 1807 ad
386 1765 488 1828 nsque
512 1741 697 1823 Strasiuina,
723 1753 754 1806 et
770 1763 790 1806 a
806 1740 984 1807 Strasiuiza
1003 1741 1197 1810 ortbalinea
1214 1744 1417 1832 perlongum
1434 1748 1475 1812 ad
1494 1771 1596 1836 usque
1614 1752 1730 1816 iterum
1749 1775 1875 1840 pagane
1970 1789 1973 1800 ·

185 1849 316 1914 arboris
339 1848 466 1920 locum„

349 1963 472 2028 Eadem
489 1961 590 2047 regali
607 1965 796 2028 auctoritate
815 1961 909 2044 dono,
924 1963 1076 2043 concedo,
1094 1987 1200 2028 annuo
1217 1966 1321 2030 eidem
1342 1970 1536 2034 monasterio
1553 1979 1656 2036 terras
1673 1973 1707 2036 in
1730 1973 1871 2058 Dollani,

184 2093 205 2134 a
230 2067 391 2155 Chripino
415 2068 486 2132 loco
509 2069 700 2154 incipientes
734 2078 963 2154 porrectasque
996 2069 1036 2134 ad
1061 2092 1163 2155 usque
1186 2064 1336 2152 Blattam,
1361 2093 1380 2136 a
1405 2073 1457 2136 via
1488 2095 1617 2161 qnoque
1648 2075 1778 2162 publica
1801 2089 1833 2144 et
1855 2103 1875 2144 a

183 2174 322 2238 fontana
345 2185 506 2260 protensa,
530 2173 677 2258 adusque
700 2173 816 2237 iterum
839 2171 987 2256 Blattam,
1015 2196 1052 2238 eo
1077 2175 1133 2239 ubi
1155 2175 1219 2240 duo
1240 2175 1344 2240 fontes
1368 2188 1452 2243 sunt.

347 2285 471 2350 Eadem
492 2287 682 2350 auctoritate
716 2284 866 2370 regaliter
890 2283 984 2367 dono,
1009 2287 1160 2368 concedo,
1185 2309 1291 2352 annuo
1323 2289 1427 2354 sidem
1460 2291 1655 2357 monisterio
1679 2317 1734 2358 eas
1758 2305 1870 2374 terras,

183 2415 266 2479 quas
292 2391 468 2471 coluerunt,
493 2391 569 2456 dum
595 2391 756 2470 vixerunt,
780 2391 820 2454 ad
846 2413 937 2454 suurn
963 2413 1052 2476 opus,
1078 2392 1131 2456 isti
1154 2391 1326 2458 videlicet:
1351 2393 1555 2460 Neimiuiret
1571 2395 1677 2463 Vitizo
1701 2413 1733 2464 et
1756 2399 1812 2465 Bis
1831 2401 1873 2468 de
1927 2435 1937 2460 o

183 2497 299 2564 Cucca
322 2507 354 2562 et
376 2497 536 2562 Jadareus
560 2498 592 2560 in
617 2493 798 2577 (lbrastani,
823 2497 855 2560 in
880 2495 950 2560 loco
975 2497 1029 2582 qui
1054 2495 1172 2561 dicitur
1197 2495 1407 2564 Suuiskhani.

349 2611 471 2676 Eadem
496 2610 596 2697 regali
621 2612 809 2676 auctoritate
826 2609 920 2692 dono,
938 2610 1089 2692 concedo,
1106 2631 1212 2675 annuo
1229 2609 1333 2674 eidem
1352 2612 1546 2676 monasterio
1571 2635 1641 2677 eam
1667 2625 1783 2680 terram
1808 2639 1871 2705 que
1913 2589 1915 2594 Ι

185 2717 228 2782 ad
253 2739 365 2782 muros
388 2717 516 2782 dicitur.
1863 2729 1866 2736 '

346 2833 472 2900 Eadem
497 2831 601 2916 regali
622 2833 821 2913 auctoritate,
838 2829 933 2911 dono,
946 2830 1099 2914 concedo,
1124 2851 1230 2895 annuo
1255 2831 1359 2896 eidem
1385 2835 1580 2899 monasterio
1604 2857 1659 2899 eas
1683 2845 1871 2926 terrasque

184 2951 260 3004 sunt
285 2941 318 3003 iu
343 2939 485 3018 Seruica,
507 2938 698 3023 incipientes
721 2959 741 2999 a
765 2935 845 3019 lacu,
870 2937 924 3022 qui
949 2945 999 3001 est
1022 2935 1064 3002 ab
1088 2937 1241 3000 oriente.l

346 3053 469 3118 Eadem
494 3052 684 3115 auctoritate
708 3047 859 3134 regaliter
882 3049 976 3131 dono,
1001 3050 1152 3132 concedo,
1177 3075 1283 3117 annuo
1307 3052 1411 3118 eidem
1438 3059 1631 3121 monasterio
1655 3079 1725 3121 eam
1751 3067 1869 3125 terram

184 3183 247 3247 que
273 3162 378 3224 estin
403 3159 557 3238 Basseno,
583 3159 673 3222 iuxta
696 3159 794 3220 maris
816 3155 920 3236 litora,
945 3155 1011 3220 illie
1039 3155 1093 3224 ubi
1118 3167 1166 3221 est
1189 3157 1325 3244 quedam
1353 3168 1444 3222 vetus
1469 3159 1613 3224 ecclesia.

345 3251 469 3338 Eadem
486 3271 594 3360 ¹regali
619 3273 809 3339 auctoritate
840 3269 933 3350 dono,
959 3269 1112 3352 concedo,
1138 3293 1243 3334 annno
1268 3270 1372 3335 eidem
1401 3275 1594 3338 monasterio
1625 3297 1680 3338 eas
1711 3287 1812 3340 terras
1835 3277 1868 3341 in

184 3379 344 3467 Sydraga,
360 3401 432 3467 que,
457 3378 580 3464 probis
604 3378 698 3441 terris
716 3375 875 3440 donarunt
890 3373 1005 3439 iratres
1025 3373 1070 3438 illi
1087 3377 1155 3459 regi
1172 3374 1438 3459 benedictionem,
1457 3377 1617 3444 valentem
1633 3379 1709 3445 XX.
1737 3379 1867 3463 solidos,

184 3486 344 3570 incipiunt
367 3509 386 3547 a
410 3485 504 3548 terris
528 3485 732 3568 episcopatus
751 3481 955 3546 'cbroatensis
980 3501 1082 3566 usque
1105 3483 1144 3544 ad
1167 3480 1301 3544 Lenem.
1437 3473 1440 3478 ’

342 3583 467 3664 Eadem
493 3594 593 3680 regali
628 3597 817 3660 auctoritate
839 3595 933 3675 dono,
958 3593 1111 3674 concedo,
1142 3616 1248 3657 annuo
1280 3594 1383 3660 eidem
1417 3599 1610 3662 monasterio
1643 3621 1712 3662 eam
1738 3609 1865 3682 terram,

184 3727 245 3791 que
273 3707 378 3768 estin
403 3702 562 3790 Sycboua,
586 3723 693 3788 qnam,
718 3698 886 3764 Belscicbo
907 3698 948 3762 ad
973 3719 1065 3762 suum
1090 3719 1170 3783 opus
1194 3696 1292 3764 coluit
1315 3699 1390 3764 dum
1417 3703 1507 3766 vixit.
1682 3692 1684 3698 ¹

295 3861 316 3882 ,
342 3809 467 3872 Eadem
491 3807 591 3893 regali
625 3807 814 3870 auctoritate
844 3803 938 3884 dono,
969 3803 1121 3885 concedo,
1153 3825 1259 3868 annuo
1293 3804 1396 3870 eidem
1422 3808 1616 3872 monasterio
1641 3831 1710 3872 eam
1736 3819 1864 3890 terram,
1978 3867 1981 3872 .

184 3937 245 4000 que
268 3925 320 3980 est
342 3915 375 3978 in
392 3913 539 3977 Nabrese
555 3913 596 3976 ab
613 3909 763 3998 aquilone
780 3933 799 3974 a
818 3911 872 3974 via
893 3907 1021 3993 publica
1044 3909 1086 3973 ad
1110 3931 1210 3994 usque
1234 3908 1329 3974 aliam
1355 3912 1440 3975 viam
1456 3911 1627 3998 publicam,
1645 3912 1705 3976 sub
1727 3913 1865 3992 eeclesia

184 4023 284 4084 sancti
303 4019 463 4085 Jobannis
481 4019 514 4082 in
531 4015 689 4104 Sydraga,
706 4015 747 4080 ab
768 4014 899 4080 australi
917 4037 993 4079 vero
1018 4013 1117 4080 latere
1139 4015 1179 4078 ad
1204 4037 1305 4101 usque
1330 4017 1416 4082 viam
1441 4016 1613 4103 publicam,
1646 4041 1685 4082 ac
1708 4017 1748 4084 de
1772 4027 1862 4103 parte

185 4127 361 4193 occidentis
385 4125 426 4188 ad
450 4146 552 4210 usque
575 4135 758 4187 terraneum
783 4123 965 4188 terminum.
1145 4107 1148 4114 ’

342 4229 465 4295 Eadem
490 4229 591 4313 regali
617 4229 807 4292 auctoritate
831 4225 973 4292 concedo
1008 4227 1111 4292 eidem
1133 4229 1327 4294 monasterio
1351 4229 1478 4292 vineam
1496 4228 1536 4292 ad
1560 4226 1772 4292 Murazulum.

340 4334 463 4400 Eadem
479 4335 669 4398 auctoritate
687 4328 841 4416 regaliter
857 4331 951 4412 dono,
973 4332 1125 4413 concedo,
1141 4354 1248 4396 annuo
1273 4355 1343 4396 eam
1368 4342 1498 4412 terram,
1519 4355 1581 4418 que
1604 4341 1652 4397 est
1676 4335 1708 4396 in
1732 4331 1857 4400 Elzani.

338 4441 372 4505 Si
397 4440 469 4525 quis
492 4449 599 4502 autem
623 4437 684 4502 heo
707 4435 829 4520 regalia
865 4434 1023 4502 beneficia
1054 4435 1170 4502 collata
1188 4447 1220 4502 et
1255 4437 1406 4522 regaliter
1438 4441 1635 4503 auctorizata
1666 4437 1860 4502 monasterio

182 4549 280 4612 sancti
294 4545 453 4610 Jobannis
467 4542 602 4630 apostoli
615 4553 647 4606 et
671 4541 868 4627 euangelista
890 4563 947 4628 pro
976 4541 1146 4606 animabus
1171 4565 1314 4610 meorum
1339 4555 1506 4628 parentum
1531 4552 1597 4608 tam
1624 4544 1858 4628 preteritorum,

180 4675 272 4737 quam
298 4649 490 4732 futurorum,
511 4671 582 4713 mee
605 4669 742 4734 quoque,
767 4645 889 4711 nefario
905 4669 964 4710 con
977 4657 1020 4712 tu
1045 4647 1175 4730 violare,
1192 4659 1246 4712 aut
1269 4651 1437 4732 minorare,
1454 4659 1510 4714 aut
1524 4649 1695 4714 extrahere
1713 4671 1858 4734 presum-

179 4759 282 4842 pserit,
302 4759 349 4820 ira
368 4757 467 4819 diuini
485 4753 601 4818 furoris
618 4752 663 4816 illi
681 4751 904 4817 habundanter
919 4751 1038 4826 affluat,
1055 4763 1086 4816 et
1102 4755 1185 4818 sicut
1200 4753 1253 4818 ille
1266 4753 1369 4820 Judas
1384 4755 1527 4840 proditor
1539 4755 1709 4840 dispereat,
1728 4757 1858 4839 insuper

180 4861 303 4927 illorum
329 4871 512 4926 sanctornm
537 4869 661 4946 patrum
686 4858 943 4922 maledictionem
967 4857 1094 4940 babeat,
1118 4857 1188 4942 lege
1212 4859 1386 4924 christiana
1412 4871 1530 4940 carcat,
1557 4859 1658 4943 regali
1684 4868 1761 4945 typo
1779 4859 1854 4944 (sic)

181 4965 307 5033 Oroatis
343 4966 518 5042 subiaceat,
551 4973 680 5028 centum
709 4962 861 5027 videlieet
883 4965 953 5027 auri
978 4963 1122 5049 pondera
1142 4963 1246 5027 soluat
1269 4967 1308 5048 ei,
1332 4967 1526 5050 quicumque
1544 4964 1603 5030 hoc
1627 4967 1658 5028 in
1681 4987 1781 5049 regno
1806 4947 1854 5028 re·

179 5075 333 5156 gnauerit.
357 5071 402 5136 Ut
424 5079 531 5135 autem
554 5073 602 5134 sic
624 5067 843 5150 autorisabile,
869 5079 903 5132 ut
925 5069 1045 5132 dictum
1063 5079 1112 5133 cst
1128 5079 1283 5150 teneatur,
1308 5069 1420 5134 borum
1445 5071 1587 5155 legitimo
1611 5071 1790 5134 astancium
1811 5077 1856 5132 te-

179 5179 333 5260 stimonio,
358 5177 591 5260 verissimaque
612 5173 822 5260 aprobatione
840 5173 1074 5238 corroboratur.
1093 5174 1155 5238 His
1176 5173 1325 5240 omnibus
1350 5162 1561 5260 presentibus,
1597 5171 1854 5238 collaudantibus

177 5291 207 5346 st
234 5281 294 5349 hec
325 5284 433 5348 omnia
464 5281 548 5346 dona
580 5279 716 5366 pleniter
737 5278 1014 5344 confirmantibus.
1038 5279 1189 5364 Inprimis
1213 5280 1342 5346 domino
1367 5279 1545 5360 Mainardo,
1570 5277 1752 5364 supradicto
1775 5299 1850 5362 apo·
