4300 5930
1740 449 1806 519 443

19 711 20 714 ,
127 644 224 725 mino,
248 643 365 728 poterit
387 642 538 728 adipisci,
556 642 649 706 firme
672 641 766 705 vobis
797 642 979 727 vestrisque
1014 640 1257 708 successoribus
1289 647 1321 704 et
1350 637 1481 705 ‘illibate
1519 647 1738 726 permaneant,
1772 640 1804 703 in

127 749 249 832 quibus
271 748 331 812 hec
355 751 493 833 propriis
517 747 669 812 duximus
700 747 912 832 exprimenda
945 747 1129 814 vocabulis:
1165 746 1287 812 Locum
1323 747 1439 832 ipsum,
1479 747 1511 808 in
1549 765 1613 830 quo
1648 743 1806 830 prefatum

19 867 21 908 ἶ
125 855 358 916 monasterium
383 855 481 916 situm
513 863 570 933 est,
594 875 666 918 cum
692 853 841 918 omnibus
865 854 1066 938 pertinentiis
1100 854 1176 920 suis.
1214 851 1439 916 Possessiones
1471 871 1586 914 omnes
1619 849 1803 915 monasterii

19 975 21 986 ¹
126 959 233 1020 saneti
264 957 422 1022 Johannis
461 957 669 1041 euangelista,
705 958 791 1045 quod
826 959 988 1046 quondam
1024 957 1174 1022 Venetici
1210 956 1449 1021 destruxerunt.
1486 953 1673 1020 Ecclesiam
1702 953 1804 1016 sancti

125 1060 297 1127 Michaelis
331 1063 370 1126 de
405 1061 560 1148 Rogoua,
596 1085 668 1126 curn
702 1066 902 1148 pertinentiis
937 1065 1013 1128 suis.
1051 1061 1279 1128 Grobouniuna
1313 1085 1385 1126 curn
1420 1061 1629 1147 pertinentiis
1663 1061 1740 1141 suis,
1775 1068 1806 1121 et

19 1223 20 1226 ,
126 1189 226 1231 unum
259 1167 475 1232 molendinum
508 1167 668 1232 Bubnieni
701 1191 773 1232 curn
807 1171 1007 1255 pertinentiis
1039 1171 1114 1232 suis.
1138 1167 1200 1232 Tin
1234 1167 1353 1254 (Teon)
1378 1190 1451 1232 cum
1495 1167 1696 1253 pertinentiis
1728 1165 1804 1228 suis.

123 1271 259 1336 Alesenl
284 1295 355 1338 cum
381 1275 579 1359 pertinentiis
603 1276 678 1341 suis.
703 1272 902 1338 Cheruscani
926 1297 998 1338 cum
1023 1275 1224 1358 pertinentiis
1248 1273 1324 1336 suis.
1356 1271 1481 1335 Merani
1508 1271 1804 1355 cumpertinentiis

124 1379 203 1441 suis.
252 1375 450 1442 Chamenani
474 1379 772 1474 compertinentiis
803 1381 925 1443 suiset
959 1402 1058 1444 unum
1095 1377 1315 1442 molendinum
1350 1379 1383 1442 in
1414 1375 1614 1441 Schardona.
1652 1375 1806 1439 Preterea

124 1482 293 1548 libertates
316 1496 348 1548 et
370 1487 588 1548 immunitates
612 1505 674 1572 que
695 1485 825 1549 luerunt
847 1487 1015 1571 prescripti
1040 1485 1237 1566 monasterii,
1262 1481 1357 1548 vohis
1389 1491 1421 1545 et
1455 1482 1655 1545 monasterio
1687 1489 1806 1560 vestro,

125 1588 214 1672 quod
236 1587 323 1655 illius
345 1589 472 1675 capella
496 1590 566 1671 suit,
590 1593 781 1656 auctoritate
804 1589 982 1676 apostolica
1010 1589 1248 1654 confirmamus.
1284 1587 1368 1652 Sane
1409 1585 1574 1650 noualium
1614 1585 1804 1665 vestrorum,

124 1715 208 1779 quos
233 1697 370 1783 propriis
395 1695 543 1760 manibus
568 1707 623 1759 sut
642 1696 824 1782 sumptibus
848 1695 963 1776 colitis,
989 1698 1059 1759 siue
1083 1695 1123 1758 de
1151 1693 1355 1758 nutrimentis
1390 1690 1579 1754 animalium
1612 1701 1803 1771 vestrorum,

124 1797 235 1862 nullus
256 1823 278 1864 a
300 1800 392 1865 vobis
414 1801 557 1864 decimas
581 1812 745 1885 presumat
768 1803 909 1886 exigere.
927 1800 1041 1864 Liceat
1064 1799 1157 1864 vobis
1180 1820 1311 1886 quoque
1334 1796 1470 1860 clericos
1501 1804 1534 1860 et
1548 1796 1647 1860 laicos
1661 1819 1680 1858 a
1696 1793 1804 1858 seculo

122 1902 287 1987 fugientes
310 1904 428 1968 liberos
452 1915 485 1970 et
507 1904 671 1970 absolutos
694 1904 818 1991 absque
836 1905 972 1972 alicuius
1002 1905 1257 1974 contradictione
1280 1903 1322 1968 ad
1352 1903 1632 1967 conpensationem
1662 1910 1803 1965 vestram

123 2012 273 2095 recipere
295 2019 328 2074 et
349 2011 381 2074 in
406 2019 513 2074 vestro
535 2011 729 2075 monasterio
751 2013 901 2076 retinere.
926 2009 1011 2076 Oum-
1031 2020 1140 2075 autem
1158 2007 1314 2094 generate
1340 2007 1550 2074 interdictum
1582 2017 1665 2071 terre
1697 2004 1801 2085 luerit,

123 2113 224 2180 liceat
246 2113 339 2180 vobis
361 2113 482 2180 clausis
503 2097 623 2195 ianuis,
643 2113 784 2180 exclusis
811 2118 1101 2182 excommunicatis
1123 2125 1155 2182 et
1178 2115 1369 2195 interdictis,
1395 2136 1459 2178 non
1473 2112 1609 2201 pulsatis
1627 2113 1802 2198 campanis,

126 2239 283 2304 supressa
304 2241 394 2300 vocs,
418 2218 529 2284 diuina
550 2218 657 2286 officia
680 2219 855 2286 celebrare.
888 2221 1093 2308 Sepulturam
1123 2244 1251 2309 quoque
1283 2220 1428 2286 eiusdem
1467 2219 1528 2284 loci
1565 2218 1699 2283 liberam
1733 2239 1804 2282 esse

19 2371 20 2376 η
127 2323 345 2406 decernimus,
370 2333 405 2388 nt
427 2345 537 2388 eorum
560 2324 724 2390 deuotioni
745 2335 779 2390 et
799 2337 943 2392 extreme
969 2328 1136 2411 voluntati,
1158 2329 1213 2414 qul
1236 2350 1271 2391 se
1294 2326 1361 2391 illic
1384 2325 1520 2412 sepeliri
1545 2324 1804 2406 delibersuerint,

19 2413 27 2430 ³
122 2431 189 2493 nisi
212 2427 295 2496 torte
318 2431 588 2494 excommunicati
613 2429 665 2494 vel
688 2430 851 2496 interdicti
875 2435 948 2514 sint,
975 2433 1080 2498 nullus
1103 2433 1248 2513 obsistat,
1274 2429 1365 2496 salua
1389 2440 1499 2494 tamen
1522 2431 1644 2494 iustitia
1672 2428 1801 2492 illarum

19 2539 20 2548 ’
123 2533 346 2616 ecclesiarum,
370 2558 390 2600 a
412 2535 531 2620 quibus
553 2547 751 2602 mortuorum
775 2559 911 2622 corpora
936 2547 1152 2604 assumuntur.
1177 2536 1392 2618 Decernimus
1420 2558 1506 2620 ergo,
1525 2543 1560 2598 ut
1575 2533 1654 2598 nulli
1671 2535 1801 2598 omnino

19 2691 20 2700 ,
122 2635 293 2704 hominnm
318 2639 415 2704 liceat
437 2643 666 2704 monesterium
691 2651 834 2706 vestrum
859 2651 980 2708 temere
1005 2642 1204 2728 perturbare,
1229 2651 1285 2706 aut
1307 2643 1377 2706 eius
1410 2641 1634 2728 possessiones
1665 2639 1801 2718 auferre,

122 2742 178 2806 vel
200 2742 327 2808 ablatas
350 2745 497 2826 retinere,
524 2748 723 2820 imminuere,
747 2769 804 2811 seu
827 2746 1028 2832 quibuslibet
1050 2747 1279 2812 vexationibus
1303 2746 1451 2830 fatigare,
1473 2745 1530 2810 sed
1552 2745 1659 2810 omnia
1675 2746 1802 2828 integra
1850 2791 1853 2802 ,

19 2871 20 2874 ’
121 2859 359 2914 conseruentur
381 2872 502 2926 eorum,
527 2873 583 2936 pro
608 2873 744 2936 quorum
770 2855 1001 2918 sustentatione
1028 2852 1093 2916 -hac
1123 2853 1358 2938 gubernatione
1392 2873 1547 2917 concessa
1581 2859 1655 2916 sunt
1689 2850 1801 2914 usibus

19 2981 22 2994 >
122 2954 321 3036 omnimodis
342 2955 519 3040 profutura,
544 2955 634 3020 salua
657 2956 743 3022 sedis
765 2957 941 3043 apostolice
974 2961 1164 3024 auctoritate
1200 2962 1233 3024 et
1256 2957 1431 3022 diocesani
1467 2958 1610 3042 episcopi
1645 2957 1803 3030 canonica

122 3060 258 3124 institia.
280 3059 312 3126 Si
338 3082 402 3145 qua
425 3061 522 3145 igitur
545 3063 577 3124 in
602 3061 745 3126 futurum
769 3062 988 3128 ecclesiastica
1011 3062 1210 3128 secularisue
1239 3084 1388 3150 persona,
1421 3060 1505 3125 hanc
1541 3071 1648 3126 nostre
1684 3061 1801 3125 consti-

123 3165 263 3230 tutionis
287 3167 436 3251 paginam
454 3167 559 3232 sciens
578 3179 690 3232 contra
713 3191 783 3232 eam
808 3179 927 3233 temere
954 3170 1063 3234 venire
1087 3169 1301 3252 temptauerit,
1326 3166 1467 3232 secundo
1492 3167 1628 3232 tertioue
1660 3189 1801 3230 commo·

123 3271 206 3351 nita,
230 3273 291 3334 nisi
316 3273 589 3356 presumptionem
614 3294 704 3336 suam
727 3272 826 3356 digna
857 3273 1075 3339 satisfactione
1108 3275 1294 3354 correxerit,
1328 3275 1493 3358 potestatis
1526 3271 1721 3358 honorisque
1752 3273 1801 3336 sui

124 3387 236 3442 carcat
259 3375 424 3459 dignitate,
449 3399 601 3462 reamque
625 3401 658 3442 se
683 3379 792 3443 diuino
816 3379 936 3444 iudicio
959 3381 1118 3444 existente
1142 3378 1183 3444 de
1207 3388 1392 3466 perpetrata
1415 3379 1584 3464 iniquitate
1616 3386 1800 3462 cognoscet,

122 3483 443 3546 etasacrstissimo
467 3504 664 3569 corporeae
688 3485 845 3568 sanguine
869 3483 931 3565 dei,
956 3499 987 3548 et
1020 3484 1141 3549 domini
1175 3485 1390 3570 redemptoris
1426 3485 1526 3548 nostri
1561 3483 1641 3548 Jesu
1677 3481 1797 3547 Christi

120 3586 230 3654 aliens
269 3587 345 3668 fiat,
382 3597 479 3672 atque
517 3591 550 3652 in
584 3599 728 3654 extremo
760 3591 911 3654 examine
948 3589 1093 3654 districte
1135 3588 1249 3654 ultioni
1293 3589 1468 3654 subiaceat.
1515 3587 1648 3653 Cunctis
1690 3599 1796 3653 autem

120 3693 229 3756 eidem
255 3691 326 3758 loco
350 3715 408 3756 sua
432 3695 502 3756 iura
525 3693 740 3774 sernentibus,
765 3696 807 3758 sit
830 3717 894 3780 pax
918 3694 1040 3759 domini
1071 3697 1171 3759 nostri
1205 3695 1286 3760 Jesu
1326 3693 1455 3775 Christi,
1492 3696 1643 3778 quatinus
1678 3705 1710 3757 et
1745 3692 1797 3774 hic

121 3797 264 3862 fructum
290 3798 373 3862 bone
395 3799 532 3863 actionis
556 3801 744 3884 percipiant,
770 3811 803 3864 et
825 3801 909 3886 apud
934 3801 1115 3864 districtum
1140 3798 1278 3892 iudicem
1302 3801 1427 3886 premia
1450 3807 1560 3863 eterne
1584 3800 1673 3884 pacis
1711 3799 1799 3862 inue-

121 3904 224 3970 niant.
249 3904 366 3968 Amen.

317 4043 389 4130 Ego
413 4044 564 4114 Clemens
587 4045 744 4110 catholice
768 4017 904 4112 ecclesie
927 4045 1098 4133 spiscopus
1122 4070 1164 4110 m.
1189 4069 1218 4132 p.

275 4171 294 4251 †
319 4167 391 4254 Ego
414 4167 623 4234 Theohaldus
645 4167 818 4234 hostiensis
842 4181 874 4234 et
897 4169 1118 4234 veletreiensis
1142 4171 1313 4256 episcopus
1337 4191 1379 4231 m.
1405 4189 1435 4252 p.

244 4285 247 4292 ⁴
275 4289 389 4378 †Ego
412 4291 579 4358 Johannss
602 4291 763 4380 presbiter
784 4291 959 4358 cardinalis
982 4303 1017 4358 tt.
1044 4317 1069 4358 s.
1094 4281 1196 4357 Marci
1220 4316 1261 4357 m.
1287 4315 1317 4378 p.

275 4412 387 4498 †Eg0
410 4395 577 4480 Laborans
669 4465 684 4501 „
854 4463 870 4498 „
983 4439 1008 4481 s.
1032 4415 1135 4480 Marie
1158 4425 1258 4494 trans.
1280 4415 1425 4481 Tiberim
1448 4425 1483 4481 tt.
1508 4413 1627 4479 Calixti
1653 4436 1695 4478 m.
1720 4437 1750 4499 p.

274 4535 389 4622 'rEgo
413 4536 553 4612 Albinus
576 4547 613 4602 tt.
636 4560 661 4604 s.
685 4541 790 4604 crucis
813 4539 846 4602 in
868 4537 1050 4603 Jerusalem
1075 4539 1182 4626 presb.
1207 4539 1296 4604 card.
1320 4562 1361 4606 m.
1383 4563 1413 4626 p.

202 4667 204 4672 ’
251 4661 389 4746 ·†E‘gc
413 4660 528 4726 Melior
545 4661 658 4747 presb.
682 4661 770 4727 card.
794 4684 836 4726 ss.
861 4659 1020 4726 Johannis
1044 4671 1076 4726 et
1097 4661 1191 4728 Pauli
1214 4671 1249 4729 tt.
1275 4661 1441 4727 Pamachii
1464 4683 1505 4724 m.
1530 4684 1559 4746 p.

181 4783 185 4790 ’
273 4783 390 4870 †Ego
412 4783 556 4850 Jacobns
580 4783 663 4851 diac.
687 4784 775 4851 card.
801 4807 826 4850 s.
852 4785 1009 4850 Maricio
1035 4783 1213 4873 Cosmidyn
1238 4809 1279 4852 m.
1305 4809 1335 4872 p.

274 4906 388 4993 †Ego
412 4908 612 4974 Octavianus
635 4929 675 4973 ss.
699 4907 805 4992 Sergii
827 4918 860 4973 et
882 4907 983 4972 Bachi
1006 4908 1089 4974 diac.
1114 4910 1200 4974 card.
1223 4933 1264 4973 m.
1287 4933 1315 4995 p.

208 5011 210 5019 ,
274 5029 389 5114 †Ego
413 5030 578 5098 Soffredus
602 5056 628 5096 s.
653 5031 756 5096 Maris
779 5034 812 5096 in
837 5033 890 5096 via
912 5029 978 5096 late
1000 5031 1083 5098 diac.
1108 5031 1195 5100 card.
1220 5054 1261 5096 m.
1286 5054 1319 5117 p.

273 5151 388 5240 †Ego
411 5153 526 5220 Petrus
549 5177 576 5221 s.
596 5152 750 5222 Nicholai
769 5155 802 5220 in
826 5177 955 5220 carcere
978 5153 1129 5220 Tulliana
1152 5153 1237 5220 diae.
1263 5153 1362 5220 card..
1377 5177 1421 5219 m.
1443 5176 1474 5240 p.

272 5274 388 5362 †Egc
409 5275 567 5342 Radulfus
590 5300 616 5343 s.
641 5276 774 5363 Georgii
797 5277 838 5342 sd
862 5277 969 5344 velum
992 5299 1124 5343 aureum
1193 5325 1210 5361 „
1304 5325 1320 5362 „
1376 5298 1419 5341 m.
1444 5298 1512 5362 p⁸¹
1603 5327 1604 5332 η

1590 5379 1631 5444 10
