4300 5930
1772 393 1815 458 89

138 584 363 674 quodcumque
383 593 527 672 tempore
550 607 648 670 guero
670 609 689 650 a
713 585 870 651 Olissauis
894 595 1005 652 contra
1027 609 1085 650 nos
1109 595 1269 674 patratum
1293 594 1351 668 est,
1374 585 1478 668 cadat,
1503 595 1535 650 01
1557 585 1642 672 quod
1666 594 1810 672 tempore
1853 659 1854 664 .

19 731 20 734 =
135 694 223 778 pacis
247 715 319 757 cum
344 693 423 777 ipsis
448 691 601 778 placitare
625 713 733 756 coram
755 714 864 755 eorum
890 695 1008 778 iupauo
1044 700 1076 756 et
1110 691 1269 757 iudicibus
1302 691 1475 782 debemus;
1510 690 1596 776 quod
1631 692 1658 755 si
1694 689 1817 756 iustitia

138 797 278 861 dictante
302 796 673 883 Glisanus·compositus
698 805 755 879 est,
779 809 951 886 componat
975 850 981 864 .
1008 845 1014 858 .
1038 821 1076 861 ns
1109 807 1212 880 vacat,
1238 801 1264 861 si
1296 820 1359 862 uon
1395 819 1542 883 persona,
1577 805 1609 861 et
1642 799 1669 861 si
1705 819 1815 861 eorum

20 915 21 920 ’
135 905 271 989 iupanus
294 912 349 967 aut
382 903 481 968 iudex
504 903 597 968 nobis
622 912 743 968 rectum
769 903 923 968 iudicium
948 926 1011 967 non
1036 903 1236 982 indicauerit,
1264 905 1332 968 siue
1356 903 1510 967 iustitiam
1535 924 1599 966 non
1616 900 1737 983 fecerit,
1754 924 1812 966 000

136 1007 292 1072 habemus
315 1017 507 1096 potestatem
530 1031 585 1072 eos
609 1008 744 1072 vocandi
770 1031 876 1072 coram
906 1010 1105 1094 presenciam
1131 1007 1222 1073 ducis
1247 1056 1255 1073 .
1281 1059 1288 1073 .
1314 1017 1346 1073 et
1369 1011 1395 1072 si
1419 1009 1492 1094 quis
1516 1006 1597 1072 latro
1633 1006 1718 1094 apud
1744 1029 1811 1089 nos,

136 1135 196 1198 que
222 1125 297 1178 sunt
321 1135 442 1196 eorum,
466 1113 590 1178 furatus
615 1113 720 1196 fuerit,
743 1123 798 1178 001
820 1113 933 1180 reddat
958 1121 1069 1196 totum,
1094 1123 1150 1178 aut
1174 1112 1319 1178 tradatur
1343 1135 1452 1178 eorum
1478 1112 1602 1176 ditioni.
1626 1111 1670 1176 Et
1694 1115 1719 1176 si
1743 1113 1815 1198 quis

19 1283 20 1286 ,
135 1229 280 1283 nostrum
306 1241 402 1305 super
425 1219 564 1305 aliquem
589 1242 697 1284 eorum
723 1219 867 1284 debiturn
892 1221 1057 1306 quesierit,
1091 1221 1117 1282 si
1154 1221 1223 1282 sine
1259 1218 1376 1305 placito
1415 1241 1488 1282 00οι
1523 1219 1653 1303 ceperit,
1690 1221 1816 1283 amittat

136 1322 300 1408 placitum,
324 1334 356 1388 et
379 1327 406 1388 si
430 1325 576 1388 inuenire
601 1326 786 1411 poterimus,
812 1347 921 1389 eorum
946 1325 1098 1390 damnum
1124 1324 1336 1404 notificemus,
1360 1325 1394 1390 01
1417 1325 1478 1410 ipsi
1505 1332 1648 1388 nostrum
1667 1345 1815 1409 campum

136 1437 166 1491 et
189 1431 298 1493 omnia
322 1451 385 1515 que
409 1429 564 1494 habemus
588 1429 720 1493 mobilia
743 1439 775 1493 et
798 1430 977 1496 immobilia
1008 1433 1049 1495 ab
1082 1431 1233 1494 omnibus
1260 1429 1448 1512 latronibus,
1482 1429 1606 1517 absque
1639 1429 1752 1495 fraude
1785 1439 1818 1494 01

26 1565 30 1574 ·
135 1533 1153 1623 010101ος00100001011001Ε1100ορ01010010011100000
1179 1535 1369 1623 proaliqua
1396 1559 1430 1600 re
1461 1536 1633 1622 pignorare
1667 1535 1815 1618 voluerit,
1897 1534 1901 1544 '

135 1651 306 1726 antequam
328 1643 481 1705 iustitiam
506 1645 690 1726 quesiberit,
714 1665 772 1706 vos
797 1665 855 1706 nos
873 1643 1047 1708 defendere
1065 1645 1231 1708 studeatis.
1256 1643 1328 1706 Hoc
1344 1651 1581 1706 sacramentum
1597 1640 1814 1705 firmauimus:

135 1744 206 1828 Ego
231 1745 389 1824 ,Volcinna
405 1745 581 1830 Sagarelle,
599 1747 752 1828 Tolmiae,
775 1749 884 1834 Drago
907 1749 1034 1834 iupano,
1052 1749 1178 1814 Petriao
1194 1745 1405 1828 Palumbello,
1422 1745 1596 1811 Furminus
1614 1746 1814 1810 Constantini

137 1869 291 1914 succum
317 1853 424 1933 fratre,
457 1852 531 1916 Iure
567 1851 684 1934 Sullae,
720 1852 829 1918 Micha
863 1851 1072 1933 Malanarete,
1109 1853 1251 1918 0000100
1285 1851 1369 1933 Sole,
1400 1851 1548 1934 Binaldo,
1584 1843 1672 1916 Zane
1703 1851 1815 1933 Marci,

137 1954 250 2040 Drago
268 1955 406 2043 Gumay,
431 1961 594 2043 ceterique
607 1968 735 2022 0001001
753 1959 995 2046 quinquaginta.
1023 1961 1155 2046 Siquis,
1175 1959 1260 2046 quod
1277 1958 1370 2038 absit,
1389 1957 1473 2022 hanc
1489 1957 1723 2023 ordinationem
1741 1980 1814 2022 cum

135 2059 246 2146 aliqua
267 2062 381 2126 fraude
404 2073 436 2127 et
460 2063 543 2127 malo
569 2065 699 2146 ingenio
723 2063 873 2148 frangere
897 2068 1089 2134 temtauerit.
1113 2065 1230 2129 habeat
1253 2067 1369 2128 iratum
1394 2065 1513 2128 trinum
1533 2073 1564 2127 01
1584 2085 1682 2128 unum
1708 2063 1814 2144 deum,

135 2175 166 2229 et
189 2167 449 2232 maledictionem
476 2169 596 2233 00οΧ
620 2178 652 2233 01
674 2179 746 2234 0010
768 2180 952 2236 sanctorum
977 2181 1102 2257 patrum
1140 2182 1171 2235 et
1208 2169 1378 2236 duodecim
1414 2167 1568 2254 apostolis
1603 2179 1635 2232 et
1670 2169 1815 2232 omnium

19 2267 20 2276 ³
135 2285 329 2366 sanctorum.
354 2273 1046 2360 1100110101υο1001100100010010110011
1072 2276 1203 2340 Domnii
1239 2275 1450 2361 primicerius,
1487 2272 1548 2338 hoc
1583 2281 1816 2338 testamentum

140 2379 279 2463 scriptor
302 2380 397 2444 etde
420 2379 481 2445 hac
502 2403 536 2446 re
559 2381 703 2444 existens
725 2383 827 2446 100110.
921 2415 924 2425 ·

286 2577 391 2634 Lucius
415 2579 450 2634 de
473 2597 561 2650 regno
585 2579 682 2635 Dalm.
706 2587 736 2636 et
759 2579 856 2639 Oroat.
880 2581 946 2639 Lib.
971 2583 1021 2641 VI.
1045 2599 1106 2652 cap.
1133 2581 1182 2639 tv.

497 2873 627 2954 01111.
656 2845 746 2956 oio
773 2875 868 2973 gau.
896 2875 1152 2956 1110-110.
1183 2875 1217 2956 0
1249 2872 1457 2954 verulan.

135 3049 280 3121 Gerardo,
301 3049 472 3126 aadbistup
495 3054 639 3127 spljetsht
663 3055 729 3113 11011
751 3055 830 3128 svojo
853 3053 1094 3126 0001000100110
1118 3072 1168 3112 mu
1190 3023 1465 3130 aepisd„prililuom
1500 3053 1561 3110 11001
1585 3055 1619 3126 J'e
1653 3055 1816 3127 odpremilo

775 3161 853 3232 aooje
873 3160 1030 3233 postuuite
1049 3177 1070 3217 0
1094 3159 1173 3220 uim.

208 3431 213 3442 Ι
286 3345 482 3432 (1101011100)
505 3345 555 3410 dei
577 3347 683 3430 gratia
706 3355 817 3412 sancte
841 3347 1019 3412 salonitana
1054 3347 1190 3412 ecclesie
1225 3347 1355 3411 humilis
1392 3351 1538 3414 minister
1569 3359 1602 3413 et
1636 3347 1812 3435 apostolice

135 3450 224 3514 sedis
248 3450 384 3535 legatus.
409 3451 445 3515 L.
469 3451 760 3538 archipresbytero,
786 3453 979 3537 primicerio,
1004 3477 1063 3517 nec
1088 3477 1151 3517 non
1176 3457 1318 3531 sacriste,
1343 3453 1477 3536 Walgot
1497 3454 1659 3542 acolytho,
1688 3457 1814 3518 uniuer-

135 3579 238 3641 soque
262 3555 349 3626 clero
374 3555 547 3642 spalatensi
573 3557 709 3653 sulutem
734 3566 767 3622 01
790 3560 951 3622 orationes
976 3561 1007 3622 in
1032 3559 1172 3622 domino.
1198 3557 1234 3622 ln
1258 3559 1434 3624 intrinseca
1462 3559 1656 3624 confidentia
1679 3569 1712 3623 01
1733 3581 1813 3644 pura

134 3661 320 3743 dilectione,
344 3685 440 3746 quam
466 3664 552 3746 circa
575 3686 635 3728 vos
661 3665 815 3730 hactenus
839 3663 1022 3745 habuimus,
1049 3663 1215 3727 0101110110
1239 3662 1359 3727 habere
1383 3687 1561 3750 speramus,
1594 3686 1657 3728 non
1690 3664 1818 3727 modica

133 3769 255 3852 iugiter
277 3768 491 3844 admiratione
515 3777 670 3850 tenemur,
695 3793 795 3856 quare
819 3771 936 3834 vestris
961 3769 1075 3833 litteris
1100 3792 1157 3854 per
1181 3770 1315 3832 nuncios
1340 3770 1417 3832 istos
1444 3792 1507 3832 non
1533 3769 1652 3833 fuimus
1683 3771 1816 3833 visitati.

135 3871 255 3938 Comes
280 3877 397 3942 etenim
422 3896 494 3937 curn
517 3875 635 3960 populo
660 3875 773 3940 litteris
798 3887 830 3940 01
854 3877 930 3940 viva
953 3897 1032 3940 voce
1057 3875 1158 3940 verba
1181 3873 1320 3960 quadam
1343 3873 1549 3957 significauit,
1583 3873 1727 3938 volentes
1758 3897 1817 3938 nos

134 3979 177 4042 ad
201 3979 333 4064 propria
355 3989 528 4064 utcumque
553 3983 681 4044 reuerti.
709 3981 775 4046 Nos
800 3984 951 4046 nimirum
976 3982 1145 4046 0001001001
1170 3990 1312 4044 nostram
1336 3981 1485 4044 iniuriam
1517 3979 1658 4065 aliquam
1692 3981 1816 4065 perpeti

134 4105 341 4170 nequaquam
366 4084 520 4165 volentes,
546 4084 638 4148 101110
663 4088 811 4151 intimare
836 4111 994 4167 curamus,
1020 4088 1140 4151 domini
1166 4085 1317 4148 videlicet
1336 4107 1419 4170 pape
1443 4095 1475 4150 01
1505 4085 1718 4149 cardinalium
1743 4107 1816 4148 con-

135 4189 207 4254 silio
233 4189 289 4254 tali
314 4201 425 4254 100010
448 4190 629 4275 adquiesse,
656 4193 741 4277 quod
767 4195 962 4278 presentium
988 4193 1105 4256 latores
1127 4191 1168 4256 ad
1192 4192 1322 4276 propria
1346 4191 1467 4254 debent
1489 4194 1616 4272 reuerti,
1642 4199 1674 4254 01
1705 4213 1814 4255 comes

135 4318 209 4358 cum
234 4297 387 4359 uniuerso
412 4296 529 4380 populo
553 4319 572 4359 a
594 4299 705 4361 maiori
732 4321 833 4384 usque
858 4299 897 4362 ad
922 4301 1088 4380 minorem,
1121 4309 1228 4382 preter
1262 4296 1442 4360 manualem
1475 4297 1570 4362 fidem
1605 4301 1665 4359 iam
1697 4296 1814 4377 datam,

134 4403 318 4464 iuramenta
341 4423 439 4486 super
462 4411 575 4465 sancta
598 4403 768 4486 euangelia
792 4407 885 4468 solito
909 4427 998 4468 more
1022 4405 1142 4469 debent
1165 4403 1272 4468 facere
1296 4402 1357 4467 hoc
1381 4401 1494 4467 modo:
1519 4403 1614 4482 Quod
1639 4405 1699 4489 ipsi
1733 4403 1818 4466 bona

134 4503 200 4568 fide
224 4513 258 4568 et
281 4506 350 4568 sine
373 4505 480 4591 aliquo
506 4507 588 4569 010111
614 4509 743 4590 ingenio
767 4509 942 4574 defendent
967 4533 1024 4574 nos
1048 4519 1080 4574 et
1104 4511 1211 4572 omnia
1235 4519 1353 4590 nostra,
1368 4509 1407 4572 'et
1422 4507 1563 4594 aliquam
1582 4509 1730 4572 iniuriam
1748 4530 1818 4594 per·

55 4663 59 4674 ,
136 4611 201 4696 peti
227 4633 285 4696 pro
310 4633 420 4674 eorum
444 4634 538 4696 posse
563 4635 625 4675 non
652 4616 847 4698 permittant,
874 4638 932 4678 nec
956 4625 1073 4699 cogant
1096 4638 1163 4694 nos,
1189 4638 1248 4678 nec
1271 4617 1343 4699 cogi
1378 4615 1486 4678 sinant
1519 4614 1559 4678 ad
1597 4615 1816 4678 obnatantino·

137 4717 316 4802 politanum
338 4720 574 4802 imperatorem,
598 4729 653 4784 aut
676 4719 762 4783 alibi.
789 4720 915 4799 Quibus
939 4721 1127 4784 iuramentis
1151 4719 1305 4784 exhibitis
1330 4729 1502 4806 preparent
1535 4741 1658 4783 nauem·
1688 4742 1814 4804 compe·

134 4835 267 4906 tentem,
305 4827 449 4908 saginam
486 4823 538 4888 vel
571 4824 677 4907 aliern,
718 4835 750 4890 01
786 4847 855 4888 0001
894 4848 996 4911 usque
1031 4825 1174 4889 Bestiam
1210 4826 1349 4908 ducant,
1385 4827 1417 4889 iu
1453 4847 1518 4911 qua
1552 4847 1610 4890 000
1641 4833 1672 4890 01
1708 4827 1829 4889 omnia-

136 4929 1084 5017 000110110001111001010001100011010.11οο11011οε10
1109 4931 1253 5017 partibus
1277 4930 1341 4995 illis
1372 4953 1475 5018 usque
1508 4930 1550 4994 ad
1582 4929 1646 4995 kal.
1681 4931 1818 4994 ianuarii

136 5021 268 5100 domino
293 5035 489 5101 concedente
513 5038 632 5101 erimus
657 5039 828 5124 preparati.
863 5036 958 5117 Quod
994 5040 1020 5102 si
1053 5038 1180 5102 effectui
1215 5039 1392 5124 mancipari
1428 5059 1491 5100 non
1527 5038 1654 5124 poterit,
1693 5035 1817 5099 adnita-

20 5179 21 5184 1
135 5144 224 5224 mini,
252 5150 287 5206 ut
309 5164 368 5206 nos
392 5143 424 5205 in
450 5145 540 5207 curia
563 5153 799 5208 commorantes
824 5145 942 5208 nostris
966 5143 1123 5207 reditibus
1146 5145 1307 5229 possimus
1331 5144 1466 5224 visitari,
1492 5143 1573 5207 adeo
1610 5143 1695 5206 euim
1729 5140 1816 5206 labo·

135 5247 290 5330 ranimus,
315 5247 403 5334 quod
431 5248 1360 5336 0010010000000111000010000110011000,1101010001
1395 5248 1475 5313 nibil
1508 5247 1628 5312 habere
1656 5245 1816 5312 videmus.

801 5515 809 5546 1
