4310 5918
1794 441 1834 506 81

313 624 425 705 'Quia
445 630 476 690 iu
501 626 596 692 robis
620 637 690 692 orta
713 627 774 691 tuit
795 629 955 692 contentio
978 638 1052 692 ante
1076 637 1257 694 nostrorum
1281 629 1457 715 legatorum
1483 633 1700 715 praesentiam
1724 631 1764 697 de
1783 655 1836 698 ec-

145 732 339 798 clesiasticis
357 735 504 816 negotiis,
523 733 673 798 volumus
689 735 749 798 ιιιςΙ
778 733 820 798 ad
834 733 943 799 limina
958 734 1176 820 apostolorum
1190 735 1364 812 venientes,
1378 746 1452 800 ante
1466 746 1617 818 nostram,
1636 747 1832 802 nostrorum-

145 861 209 924 que
240 841 465 926 episcoporum
500 842 713 924 praesentiam
747 849 863 904 cuncta
896 838 1037 902 diffinire
1070 841 1235 924 satagatis,
1268 841 1344 925 quia
1368 851 1444 904 tunc
1477 841 1632 926 perfectio
1662 841 1833 927 religionis

145 942 353 1030 adimpletur,
380 966 452 1008 cnm
480 967 538 1031 per
561 948 737 1010 canonicae
766 943 956 1030 disciplinae
974 944 1111 1028 regulas,
1136 945 1221 1031 quod
1246 943 1407 1030 quondam
1432 945 1620 1010 ordinatum·
1639 946 1756 1031 iuerat,
1781 971 1839 1035 per
1907 937 1914 944 ⁵

146 1071 205 1114 uos
229 1050 403 1114 emendare
428 1050 665 1136 comprobatur.
688 1049 770 1114 Nam
795 1059 917 1115 vestras
935 1049 1056 1114 litteras
1072 1052 1284 1136 suscipientes
1308 1052 1504 1135 inuestigare
1528 1075 1590 1116 non
1615 1052 1838 1136 distulimus,³
1908 1041 1911 1050 ¹

145 1155 273 1240 etquis
296 1153 362 1218 illic
387 1157 527 1218 maxima
551 1165 619 1220 erat
653 1159 808 1246 impressa
829 1157 1002 1220 murmuris
1034 1157 1152 1236 ratio,⁴
1185 1155 1382 1242 suspendere
1396 1155 1456 1222 boc
1488 1160 1681 1240 curauimus,
1706 1173 1740 1224 ut
1762 1173 1837 1227 aute

146 1272 289 1323 nostram
315 1262 541 1345 praesentiam,
566 1269 622 1323 aut
645 1271 678 1324 tu
702 1283 773 1324 cum
807 1259 975 1344 Gregorio,
1000 1272 1055 1324 aut
1078 1283 1160 1324 onus
1192 1271 1301 1326 vester
1332 1261 1556 1344 suffraganeus
1589 1266 1760 1352 episcopus
1782 1290 1834 1332 ve·

146 1367 250 1446 niens,
275 1377 391 1428 cuncta
417 1387 474 1450 per
498 1366 643 1428 ordinem
668 1365 759 1430 nobis
784 1365 1113 1452 reuelent,quateuus
1131 1367 1289 1451 perviam
1312 1367 1452 1432 iustitiae
1470 1367 1665 1454 incedentes,
1682 1372 1836 1459 quioquid
1907 1353 1922 1390 ²

145 1481 269 1534 rectum
295 1481 352 1551 est,
378 1473 461 1534 inter
476 1493 545 1546 :vos
569 1471 735 1534 diffinire⁵
758 1470 930 1536 valeamus.
953 1471 1004 1535 De
1032 1473 1147 1535 ceteris
1179 1481 1284 1536 autem
1311 1471 1459 1558 capitulis
1478 1473 1572 1549 vobis
1594 1477 1835 1559 innotesc'mus,

145 1585 306 1660 quatenus
329 1575 390 1639 bac
414 1577 537 1638 ratione
575 1587 721 1662 excepta,
746 1578 900 1663 quicquid
935 1577 1134 1662 synodaliter
1157 1579 1257 1642 nostri
1281 1577 1379 1662 legati
1401 1581 1544 1666 episcopi
1580 1581 1748 1647 vobiscum
1774 1607 1836 1648 una

146 1682 355 1762 statuerint,‘
377 1705 395 1743 a
420 1682 512 1744 nobis
547 1685 734 1747 confirmata
765 1683 979 1747 consistant.¹
1002 1683 1065 1748 Sed
1087 1685 1163 1769 quia
1188 1685 1318 1748 minime
1351 1705 1404 1748 res
1435 1684 1612 1770 praelibata
1642 1687 1835 1754 tumultuan-

146 1785 232 1850 tibus
256 1787 351 1850 vobis
374 1787 459 1850 finiri
484 1786 597 1869 valuit,
615 1787 694 1851 nihil
711 1787 843 1873 dignum
871 1771 1037 1872 religionis
1055 1781 1275 1853 ecclesiastica
1290 1790 1442 1874 dogmata
1459 1815 1586 1856 sumere
1603 1797 1715 1878 potuit.

306 1909 401 1974 Unde
427 1909 612 1996 frequenter
642 1911 754 1975 eadem
780 1911 987 1997 poscentibus
1012 1911 1105 1977 nobis
1129 1911 1354 1977 diffinitionem
1385 1915 1528 2000 recipere
1565 1913 1624 1980 hac
1661 1917 1700 1980 de
1727 1939 1834 2000 causa,

146 2015 350 2080 terminando
382 2019 557 2081 iniunctam
597 2017 656 2080 sibi
690 2019 813 2102 operis,
844 2017 1031 2106 Balgariam
1068 2028 1212 2103 petentes
1235 2019 1452 2082 Romanorum
1486 2017 1583 2104 legati
1616 2021 1836 2088 Madelbertus
1889 2093 1893 2104 Ι

145 2121 342 2186 venerabilis
364 2125 543 2208 spiscopus,
568 2131 600 2188 et
614 2123 757 2187 Joannes
789 2123 857 2188 dux
888 2122 1040 2204 illustris,
1074 2122 1141 2188 dux
1165 2121 1303 2203 Cumas,
1343 2147 1425 2212 quae
1460 2138 1636 2210 sequuntur
1666 2127 1835 2212 epistolae,

146 2226 185 2290 ad
208 2250 267 2290 nos
294 2239 367 2313 post
385 2228 548 2292 biennium
573 2227 782 2293 deuenerunt.
805 2229 1035 2294 Peruenientes
1053 2231 1150 2314 igitur
1167 2251 1202 2294 se
1220 2229 1355 2316 praefati
1372 2229 1469 2314 legati
1489 2229 1529 2294 ad
1547 2231 1687 2296 confinia
1711 2245 1832 2312 nostra,

146 2343 177 2395 et
199 2335 285 2396 sicut
310 2332 372 2395 illis
397 2355 478 2418 opus
503 2337 681 2398 iniunctum
706 2333 882 2420 apostolica
917 2336 1056 2399 iussione
1081 2334 1149 2416 tuit,
1176 2332 1363 2419 Balgariam
1388 2346 1595 2421 perexerunt,
1619 2339 1738 2424 quique
1763 2361 1832 2424 per-

146 2449 215 2502 acto
240 2439 372 2521 negotio
396 2439 484 2524 pacis
508 2442 591 2503 inter
612 2439 772 2522 Balgaros
796 2451 828 2503 ct
851 2439 986 2505 Croatos
1011 2442 1157 2526 repetito,
1189 2442 1304 2504 iterum
1328 2439 1368 2504 ad
1398 2463 1455 2505 nos
1482 2441 1685 2524 venerabilis,
1709 2443 1833 2508 Medel-

147 2541 255 2607 bertus
277 2547 447 2629 episeopus
472 2547 665 2630 inecclesia
701 2545 874 2630 spalatensi
911 2546 1100 2626 adueniens,
1135 2543 1332 2631 synodaliter
1364 2567 1423 2609 nos
1459 2549 1627 2633 episcopos
1661 2548 1833 2634 Joaunem,

145 2647 346 2730 Formiuum,
374 2650 577 2734 Gregorium,
604 2673 675 2715 eum
701 2650 890 2716 Creatorum
916 2653 1061 2737 principe
1094 2661 1125 2715 et
1156 2652 1247 2714 suis⁸
1279 2650 1466 2736 proceribus
1498 2656 1717 2737 congregauit.
1751 2653 1832 2720 Cum

143 2755 261 2840 quibus
288 2755 444 2836 residens,
468 2767 599 2820 cunctae
624 2759 808 2843 prouinciae
829 2759 977 2843 antiquas
1001 2755 1281 2820 consuetudines¹¹
1315 2757 1398 2821 iusto
1436 2757 1662 2822 moderamine
1691 2781 1835 2846 perscru-

144 2871 225 2941 tans,
251 2861 393 2925 firmauit
415 2863 523 2924 omnia
554 2861 729 2926 seeundum
756 2873 899 2926 veterum
926 2870 1052 2944 statuta,
1079 2863 1111 2924 in
1136 2859 1286 2924 omuibus
1311 2861 1455 2926 ecclesiis
1487 2863 1711 2948 episcoporum
1735 2867 1831 2950 priui-

144 2963 229 3048 legia
255 2967 455 3050 reintegrari,
491 2969 535 3031 ita
567 2965 744 3048 dumtaxat,
771 2979 804 3032 ut
828 2967 965 3033 ecclesia
988 2969 1091 3032 sancti
1112 2967 1254 3048 Domnii,
1279 2968 1364 3030 sicut
1388 2965 1428 3030 ab
1453 2967 1553 3049 initio,
1579 2971 1750 3053 primatum
1775 2969 1833 3034 ob·

143 3073 253 3150 tineat,
277 3083 309 3134 et
331 3075 414 3136 intra
438 3072 554 3136 limites
571 3073 711 3138 diocesei
729 3076 777 3138 sui
794 3075 821 3112 ¹¹¹
844 3083 959 3164 cuncta
975 3075 1128 3138 canonice
1145 3081 1288 3158 peragat.
1306 3071 1462 3136 Similiter
1479 3095 1671 3160 unaquaque
1696 3074 1833 3140 ecclesia

145 3176 196 3240 vel
223 3177 357 3258 ciuitas,
383 3199 465 3264 quae
497 3177 672 3266 pontificali
709 3201 840 3244 munere
874 3179 1054 3266 constipata
1085 3180 1239 3260 consistit,
1270 3177 1364 3241 simul
1397 3178 1506 3241 sedem
1541 3202 1614 3242 cum
1654 3180 1832 3264 praefinitis

143 3283 289 3346 terminis
307 3281 445 3347 diocesei
463 3286 511 3346 sui
543 3309 562 3347 a
586 3283 730 3369 patribus
761 3287 924 3369 institutis,
946 3285 1137 3370 regulariter
1164 3284 1331 3358 abutatur3
1349 3293 1413 3347 tam
1437 3284 1616 3348 indaritana
1632 3287 1652 3322 ¹¹
1678 3285 1827 3368 ecclesia,

143 3410 240 3473 quam
264 3399 390 3452 ceterae
422 3387 576 3452 ecclesiae
609 3389 854 3471 Dalmatiarum,
888 3389 1055 3472 Arbensis,
1080 3389 1256 3468 Vecleusis,
1282 3387 1573 3470 absaranensiest‘t
1595 3411 1678 3474 quae
1702 3401 1777 3453 suut
1800 3391 1831 3453 in

144 3492 335 3556 occidentali
362 3504 451 3578 parte
473 3496 605 3579 positae.
630 3493 798 3560 Ecclesiae
833 3519 910 3560 vero
945 3495 1038 3576 aliae,
1073 3517 1155 3582 quae
1190 3497 1222 3558 in
1254 3497 1376 3558 oriente
1401 3493 1569 3574 habentur,
1604 3494 1635 3557 id
1669 3505 1717 3559 est
1749 3505 1833 3580 stag·

145 3599 263 3680 nensis,
288 3601 485 3682 ragueitana,
505 3612 536 3663 et
559 3597 766 3672 catharitana‚
791 3601 925 3666 eandem
945 3601 1175 3688 plenitudinem
1201 3601 1302 3686 (cum)
1328 3598 1459 3662 sedibus
1484 3608 1515 3662 et
1537 3599 1683 3662 terminis
1712 3601 1778 3664 suis
1802 3603 1833 3663 in

145 3705 296 3784 omnibus
329 3704 483 3768 catolicae
512 3705 588 3769 fidei
622 3706 741 3789 dogma
776 3707 1047 3793 adsequantur.¹³
1080 3707 1242 3771 Nouensis
1276 3727 1353 3769 vero
1385 3703 1522 3769 ecclesia
1557 3727 1620 3768 non
1643 3709 1829 3792 episcopum

143 3811 333 3895 antiquitus,
359 3810 415 3874 sed
440 3809 763 3898 archipresbyterum¹
781 3813 841 3878 sub
865 3813 985 3878 ditione
1009 3813 1152 3898 episcopi
1175 3809 1327 3874 habuisse
1352 3810 1561 3894 dignoscitur.
1577 3810 1604 3847 ¹¹
1627 3807 1762 3874 Constat
1786 3809 1829 3874 le·

144 3917 266 4000 gitime,
300 3925 335 3981 ut
364 3917 432 4002 ipse
464 3919 635 4004 episcopus
666 3920 698 3982 in
734 3917 878 4004 qualibet
908 3919 1044 3985 ecclesia
1069 3941 1109 3982 ex
1133 3917 1183 3982 his
1208 3915 1368 3995 ecclesiis,
1393 3937 1475 4002 quae
1499 3916 1610 4001 primis
1633 3915 1831 4000 temporibus

144 4019 298 4086 habuisse
323 4023 491 4109 episcopos
516 4023 669 4088 omuibus
696 4033 793 4109 patet.

304 4141 387 4208 Cum
412 4145 476 4208 sint
499 4145 606 4230 itaque
621 4145 649 4185 ¹¹
670 4167 781 4210 ornnes
810 4145 990 4232 populatae,
1024 4156 1056 4208 et
1079 4144 1139 4209 deo
1163 4143 1368 4224 audiuuante,
1410 4127 1613 4206 sacerdotum
1637 4152 1668 4206 et
1691 4139 1832 4227 plebium

27 4280 40 4301 υ
144 4252 269 4336 copiam
295 4247 462 4329 habentes,
487 4251 742 4336 praeponatur¹¹¹
767 4253 835 4314 siue
875 4253 905 4314 in
930 4251 1156 4316 scardonitana
1188 4250 1335 4320 ecclesia,
1362 4247 1413 4311 vel
1444 4250 1591 4326 sisciano,
1613 4257 1668 4311 aut
1691 4257 1778 4311 certe
1801 4251 1833 4310 iu

33 4418 38 4428 ,
143 4353 336 4418 delminensi
360 4353 506 4419 ecclesia.
539 4352 635 4432 Quod
653 4355 679 4418 si
705 4357 895 4420 immensum
924 4353 1048 4442 pondus
1064 4356 1090 4394 ¹¹
1114 4357 1270 4442 pontificii
1297 4354 1405 4418 subire
1431 4353 1577 4435 delectat,
1601 4363 1632 4417 et
1655 4375 1750 4417 unam
1770 4353 1832 4418 sibi

143 4459 321 4524 dioeesium
345 4458 494 4524 sufficere
519 4481 581 4523 non
606 4459 684 4542 vult,
718 4459 830 4524 horum
857 4463 951 4525 trium
978 4459 1232 4545 magnitudinem
1258 4459 1399 4524 diocesei
1425 4458 1575 4545 ponderis
1599 4458 1650 4522 ad·
1668 4459 1832 4523 interitum

144 4589 235 4631 suum
261 4579 292 4630 et
317 4587 427 4630 eorum
451 4567 615 4650 suscipiat.
648 4565 734 4631 Dum
761 4589 864 4652 neque
889 4553 980 4653 plebs
1004 4559 1024 4652 p
1046 4565 1147 4630 rfectc
1173 4565 1215 4630 ab
1239 4587 1276 4629 eo
1311 4563 1485 4650 pontificali
1510 4587 1641 4628 munere
1665 4565 1831 4651 percipere

92 4721 96 4728 .
145 4672 250 4737 valeat
282 4673 431 4757 gratiam,
466 4671 556 4738 iuxta
591 4683 774 4738 sauctorum
807 4681 932 4760 patrum
971 4683 1098 4751 statuta,
1135 4693 1238 4756 neque
1273 4671 1342 4755 ipse
1373 4667 1550 4755 adimplere
1585 4692 1679 4734 suum
1714 4671 1745 4733 in
1780 4667 1830 4734 bis

145 4780 250 4846 valeat
284 4779 445 4864 officium,
476 4783 614 4846 comsit
649 4789 778 4867 propter
813 4778 913 4844 matta
937 4787 1094 4844 terrarum
1119 4778 1223 4864 spatia
1253 4775 1386 4840 difficile
1412 4777 1590 4860 peragrari.
1621 4773 1680 4840 His
1716 4777 1759 4839 ita
1784 4797 1833 4839 se·
1880 4845 1883 4855 ¹

254 5030 262 5066 ¹
289 5032 314 5090 U
338 5033 551 5089 barbariuslscm
574 5021 709 5105 rutupisu
732 5035 788 5089 ima
810 5051 863 5089 ova
886 5029 1159 5105 postauicasljedec'i
1183 5030 1295 5084 nestor:
1330 5030 1455 5084 loannes
1488 5033 1541 5084 etc.
1577 5025 1711 5082 confratri
1734 5035 1830 5094 nostro

146 5120 261 5177 loannis
285 5121 462 5177 salonitanae
485 5122 622 5178 ecclesiae
645 5121 859 5192 archiepiscopo
880 5127 909 5176 st
931 5119 1064 5176 Formino
1089 5121 1230 5190 episcopo,
1255 5115 1439 5186 omnibusque
1465 5115 1523 5169 suis
1549 5113 1744 5184 suffraganeis.
1770 5108 1832 5168 ⁹F.

146 5210 235 5264 nsims
262 5217 295 5264 ut
322 5205 385 5264 ³1⁴¹.
409 5209 568 5264 detulimus.
605 5203 667 5266 ⁴1⁴¹.
691 5208 881 5264 murmuratio.
908 5203 970 5262 ⁵1³.
994 5205 1120 5268 definire.
1154 5201 1400 5260 ¹¹Ratatuerunt.
1436 5197 1498 5256 ⁷1⁴¹.
1521 5202 1650 5256 existunt.
1683 5196 1744 5255 ΒΡ.
1768 5202 1829 5254 eius

148 5290 202 5352 Τ.
226 5305 332 5352 cuncta
347 5297 509 5368 prouincias
532 5297 665 5368 autiquae
683 5295 902 5352 consuetudinis.
922 5289 949 5327 ¹⁰
964 5295 997 5350 P.
1021 5293 1142 5349 diocesis
1165 5310 1241 5347 suae.
1281 5287 1304 5322 ¹¹
1322 5291 1353 5345 F.
1378 5289 1524 5345 iadertina.
1562 5285 1584 5320 ¹¹
1605 5287 1637 5346 F.
1664 5287 1830 5344 absarensis.

151 5377 222 5444 ΝΕ.
246 5387 449 5458 adsequuntur.
485 5378 559 5440 ¹⁴1³.
584 5385 771 5456 cognoscitur.
812 5379 838 5418 ¹⁵
854 5383 886 5438 F.
910 5383 1050 5454 utrinque.
1074 5376 1147 5437 ΜΡ.
1172 5385 1353 5452 proponatur.
1391 5372 1417 5410 ¹⁷
1433 5378 1465 5434 F.
1491 5375 1636 5442 iaostavio,

1707 5475 1727 5542 6
