4254 5922
346 399 408 470 182

361 607 463 666 mater
498 601 530 661 et
560 591 790 683 pro(curatrix)
819 585 1107 654 sanctimonialium
1126 585 1274 674 spoletini
1298 587 1434 670 cenobii,
1456 587 1558 652 sancti
1580 583 1731 651 videlicet
1753 583 1921 650 Benedicti
1937 605 2011 649 mar·

346 707 425 788 tiris,
449 707 532 769 inter
555 701 613 768 bos
632 701 732 766 nostri
756 698 929 786 presencia
944 697 963 779 ¹,
988 717 1144 760 unacum
1174 692 1365 782 quibusdam
1391 694 1457 758 suis
1480 691 1655 773 sororibus,
1679 691 1839 780 quoddam
1864 691 2010 777 scriptum

345 838 365 878 a
387 832 490 897 nuper
512 829 588 892 rege
612 805 762 870 defuncto
784 803 957 868 Suinimiro
980 823 1167 865 conoessum
1199 799 1271 884 sibi,
1294 798 1356 863 boc
1380 799 1419 864 sd
1440 821 1520 886 opus
1555 801 1603 864 sui
1638 797 1764 864 cenobii
1799 797 1839 862 de
1873 796 2009 884 quodam

343 917 502 984 territorio
525 912 635 1001 regali,
660 913 714 998 qui
739 913 771 974 in
795 909 874 992 loco,
898 909 952 994 qui
976 904 1413 986 diciturLasani,l1abetur,
1437 927 1544 970 secum
1568 905 1725 985 deferens,
1756 905 1788 968 in
1819 903 1872 970 die
1902 905 2013 968 natiui-

344 1027 419 1090 tatis
442 1031 552 1087 sancte
575 1018 627 1083 dei
656 1017 821 1102 genitricis
845 1024 876 1080 et
899 1015 1034 1098 virginis
1062 1013 1163 1077 Maria
1187 1035 1222 1076 se
1247 1011 1385 1076 medium
1419 1013 1539 1076 statuit.
1570 1011 1614 1076 Et
1643 1010 1704 1076 hoc
1737 1010 1856 1076 ideireo
1880 1033 1898 1075 e
1922 1047 1966 1057 -
1985 1020 2015 1074 at

345 1141 381 1197 ut
402 1125 671 1217 quemadmodum
695 1146 715 1187 a
739 1129 1010 1204 memoratorege
1034 1117 1114 1182 illud
1149 1119 1336 1182 donacionis
1374 1119 1531 1203 scriptum
1572 1115 1750 1182 habebatur
1788 1126 1891 1180 ratum
1926 1127 2017 1202 atque

233 1221 235 1227 λ
344 1239 515 1317 firmatum,
540 1229 736 1321 parimodo,
768 1230 865 1292 immo
897 1224 1030 1306 meliori,
1064 1249 1084 1288 a
1114 1233 1222 1288 nostra
1254 1223 1353 1308 regali
1386 1223 1541 1308 dignitate
1572 1245 1644 1288 cum
1674 1223 1774 1287 nocui
1804 1221 2013 1308 impressione

344 1342 442 1430 sigilli
466 1340 620 1414 roborari,
643 1358 703 1402 nec
726 1355 788 1399 non
813 1334 999 1420 perpetim¹,
1023 1329 1154 1396 deberet
1175 1330 1305 1396 firmari.
1335 1328 1407 1409 Quo
1444 1333 1581 1415 cognito,
1612 1338 1678 1394 tum
1710 1327 1836 1394 illarum
1869 1327 2014 1414 precibus

343 1451 434 1532 flexi,
459 1458 524 1514 tum
550 1453 732 1512 nostrorum
757 1439 911 1506 nobilium
947 1437 1080 1502 consilio
1110 1435 1229 1509 sufulti
1264 1436 1351 1523 quod
1384 1435 1624 1524 postulauerunt
1653 1435 1820 1523 adimpleri
1857 1435 1922 1500 illis
1952 1458 2018 1521 pre·

345 1555 526 1644 cepimus.¹
548 1553 651 1638 Igitur
674 1555 884 1614 memoratum
916 1545 1109 1610 territorium
1142 1545 1204 1606 iam
1238 1542 1323 1607 dioto
1359 1545 1391 1606 in
1424 1543 1494 1608 loco
1527 1544 1763 1626 inconcussum,
1793 1541 2019 1630 perpetualiter

344 1673 440 1749 atque
462 1658 661 1736 inuiolatum,
684 1654 725 1720 ad
750 1676 829 1740 opus
854 1652 1022 1738 prescripti
1049 1651 1247 1730 monasterii,
1269 1671 1340 1714 cum
1358 1650 1475 1716 terris¹
1497 1671 1560 1738 que
1584 1649 1713 1714 Pustiaa
1736 1651 1947 1714 nominatur⁵
1968 1647 2017 1713 fin

345 1791 481 1834 mamus.
506 1765 556 1832 Ita
576 1761 715 1851 quidem,
740 1760 801 1824 ιιι8
823 1768 1006 1824 nostrorum
1031 1778 1252 1820 successorum
1283 1753 1417 1844 (nullus)
1444 1755 1496 1820 vel
1526 1755 1698 1821 cuiuslibet
1728 1777 1866 1842 persona
1900 1777 2017 1840 magna

345 1874 398 1940 rel
420 1895 521 1960 parua
544 1866 727 1934 nullomodo
751 1864 801 1929 bis
824 1865 943 1928 nostris
968 1861 1208 1926 firmacionibus
1232 1869 1264 1926 et
1286 1861 1383 1946 sigilli
1419 1863 1646 1949 impressioui⁷
1675 1877 1787 1928 contra
1814 1865 1862 1928 ira
1894 1860 2017 1928 debeat.

346 1975 441 2062 Quod
465 1978 502 2060 si,
528 1973 614 2062 quod
636 1971 731 2052 absit,
754 1968 841 2035 aliud
865 1968 982 2055 aliquia
1013 1989 1110 2053 agere
1132 1970 1337 2054 temptauerit
1368 1977 1399 2033 et
1429 1971 1687 2054 prenominatam
1719 1969 1848 2035 domum
1884 1969 1938 2034 dei
1970 1969 2018 2034 bis

343 2086 438 2151 terris
460 2081 629 2148 disuestire
653 2075 798 2158 voluerit,
823 2075 941 2139 trinum
967 2084 999 2138 et
1014 2096 1115 2138 unum
1137 2073 1392 2138 deum⁸habeat
1418 2076 1533 2140 iratum
1556 2087 1588 2140 et
1610 2075 1800 2144 CCCtorum
1815 2078 1858 2144 X.
1880 2093 1915 2142 et
1939 2078 2023 2144 Vlll.

345 2199 527 2258 sanctorum
545 2195 670 2273 patrum
687 2189 902 2268 consequatur
919 2179 1190 2261 malediccionem,
1206 2191 1326 2245 etcum
1342 2180 1429 2246 Juda
1445 2181 1597 2249 traditore
1614 2185 1645 2248 in
1662 2183 1786 2250 interno
1804 2187 2017 2272 mancipetur.

504 2293 622 2360 Actum
646 2300 696 2356 est
717 2288 778 2354 boo
799 2287 886 2374 apud
909 2295 1048 2351 castrum
1077 2285 1229 2368 Sibinico,
1245 2288 1278 2352 in
1294 2285 1346 2352 die
1370 2288 1491 2374 prefate
1514 2258 1756 2377 solempnitalia,
1775 2301 1851 2356 ante
1868 2295 2018 2358 noticiam

345 2407 459 2472 horum
483 2399 758 2466 testimoniorum:
786 2395 824 2460 ln
853 2395 963 2481 primis
1001 2391 1171 2458 Laureucii
1205 2392 1449 2481 archiepiscopi.
1484 2395 1644 2460 Jobannis
1672 2399 1827 2482 tragurini
1862 2400 2015 2486 episcopi.

345 2511 432 2578 Petri
455 2507 603 2596 spalatini
625 2503 851 2570 archidiaconi.
877 2500 1050 2565 Presbiteri
1074 2499 1159 2564 Petri
1177 2499 1324 2586 spalatini
1351 2500 1466 2566 Jacobi
1486 2503 1636 2568 rnorstioi.
1663 2502 1857 2589 (Lu)bomiri
1889 2505 2013 2592 (te)pai.

348 2617 516 2700 Stresigna
548 2611 774 2677 brebsrstici.⁹
811 2609 922 2676 Uiseui
935 2608 961 2648 ¹⁰
993 2608 1159 2671 catinstici.
1194 2605 1388 2692 Dragoslaui
1416 2609 1584 2692 sagorstici
1599 2609 1634 2688 ¹¹,
1669 2607 1802 2675 Vratina
1817 2613 1853 2693 ¹¹,
1878 2611 2016 2699 polstici.

344 2725 462 2791 Osriua
484 2718 650 2800 dridistici,
674 2715 828 2780 Desimiri
853 2749 1276 2764 -------
1301 2715 1461 2780 nonensis.
1485 2713 1545 2779 Ser
1566 2752 1609 2764 -
1635 2752 1674 2763 -
1699 2752 1741 2766 ·-
1765 2755 1808 2766 -
1838 2719 1893 2782 tici
1922 2755 1962 2767 -
1979 2756 2019 2767 -

347 2827 498 2915 Tole(no)
523 2824 697 2912 (t)epicina‚
722 2843 761 2886 ac
783 2831 960 2886 ceterorum
985 2819 1196 2903 (nostrorum)
1226 2817 1392 2884 nobilium.
1423 2819 1476 2884 Ad
1508 2819 1571 2885 bec
1604 2819 1761 2910 (quoque)
1792 2845 1891 2889 causa
1924 2824 2022 2890 diuini

348 2937 466 3002 amoris
489 2955 508 2997 a
533 2938 622 3018 parta
645 2928 743 2994 nostri
769 2925 831 2990 sibi
862 2928 1079 2991 concessimus
1112 2935 1264 3012 perpetue
1295 2923 1413 2991 Salona
1447 2923 1643 2992 molendium
1675 2927 1824 2998 similiter¹
1850 2941 1883 2994 et
1916 2941 2021 2996 stares

347 3065 412 3130 que
434 3048 483 3106 est
506 3038 636 3125 propria
662 3043 772 3100 nostra
799 3067 1299 3081 --------
1336 3031 1471 3097 testibus
1503 3033 1777 3100 confirmantibus.
1811 3033 1944 3115 Quibus
1976 3038 2019 3100 eis

347 3146 497 3214 omnibus
521 3144 661 3228 legatum
686 3141 838 3227 iupanum
862 3136 1016 3222 Centena,
1040 3136 1194 3202 Visenum
1210 3138 1238 3176 ¹³
1261 3137 1410 3204 uidelicet
1432 3137 1619 3226 (dedimus).

507 3293 625 3346 Izrorna
648 3287 743 3343 listina
766 3307 803 3342 na
824 3287 989 3368 pergameni
1013 3287 1119 3357 pisana,
1144 3286 1275 3342 citedeua
1297 3288 1305 3342 i
1330 3289 1483 3344 randerana
1501 3291 1535 3360 je
1560 3307 1597 3345 na
1618 3289 1714 3361 njekib
1747 3291 1856 3346 miestih
1880 3291 1961 3362 tak03
1989 3295 2025 3348 dr

349 3401 379 3440 se
399 3381 531 3454 pojedine
553 3378 620 3434 riedi
643 3377 774 3449 probitati
797 3393 927 3447 nemogu.
949 3375 1039 3444 Njelre
1064 3376 1119 3445 pod
1135 3393 1265 3446 naporom
1311 3379 1472 3448 popunjene
1498 3397 1529 3432 su
1563 3378 1588 3432 iz
1615 3378 1705 3433 Lucia
1734 3379 1797 3434 Lib.
1832 3380 1860 3434 ll
1891 3398 1947 3452 cap
1978 3383 2023 3436 XL

349 3471 478 3528 larornik
501 3468 592 3524 nalum
615 3483 645 3520 se
668 3485 686 3520 u
710 3465 890 3535 zemaljslrom
912 3464 1011 3518 artivu
1043 3483 1060 3518 u
1092 3463 1229 3535 Zagrebu,
1261 3465 1355 3535 medju
1380 3466 1563 3536 najstarijimi
1597 3467 1688 3537 piemi.
1712 3468 1782 3522 Doc.
1816 3469 1867 3524 lX.
1900 3469 1926 3524 Ο
1959 3471 2018 3540 istoj

349 3559 436 3616 listini
467 3559 538 3613 lraaa
555 3558 604 3626 jur
625 3555 732 3610 Lucio:
767 3552 930 3610 Membrana
952 3547 983 3609 in
1006 3553 1084 3607 calce
1118 3569 1232 3608 corrosa
1267 3563 1310 3610 est
1341 3554 1391 3625 ita,
1425 3561 1456 3609 ut
1488 3573 1525 3612 an
1555 3555 1679 3628 sigillum
1700 3557 1909 3628 apprehensum
1934 3557 2022 3630 sum-p,
2115 3537 2119 3580 t

349 3647 484 3722 cognosci
506 3645 611 3716 nequit.

1021 3829 1202 3912 uoxxl.
1234 3830 1346 3915 1089.

393 4017 519 4092 Stjepon
541 3978 621 4088 aran
644 4013 779 4094 hroctnn'
801 4014 908 4088 doruje
930 4017 1103 4073 somostonu
1125 4017 1222 4088 soene
1244 4011 1390 4088 Stjrpono
1412 4013 1457 4072 M.
1478 4016 1569 4088 njelrn
1590 4018 1697 4090 samba
1715 4017 1847 4078 Rodum
1869 4037 1982 4080 anana.

509 4151 546 4216 lu
565 4151 694 4215 nomine
718 4159 827 4214 sancte
851 4161 883 4214 et
906 4150 1071 4216 indiuidua
1091 4151 1252 4216 trinitatis.
1276 4149 1372 4216 Anno
1386 4153 1612 4218 incarnationis
1627 4153 1786 4220 dominice
1802 4156 2019 4224 MLXXXIX

350 4259 531 4326 Indictione
554 4257 619 4322 Xll
638 4267 670 4321 et
692 4265 805 4344 epacta
828 4257 925 4322 XXV
950 4257 1021 4342 Ego
1039 4258 1220 4344 Stephanus
1237 4257 1288 4324 dei
1316 4259 1421 4344 gratia
1441 4281 1500 4324 rex
1522 4258 1712 4326 Oroatorum
1735 4273 1767 4326 et
1789 4259 2021 4346 Dalmatarum,
2117 4245 2119 4306 ¹

350 4367 412 4432 boc
430 4365 555 4450 regium
579 4373 721 4428 nostrum
748 4361 951 4450 priuilegium
980 4363 1094 4429 litteris
1131 4365 1348 4430 mandandum
1378 4368 1500 4430 curaui.
1531 4365 1692 4454 Scriptum
1724 4378 1790 4432 est:
1822 4370 1961 4455 imperia
1990 4381 2020 4436 et
2117 4415 2119 4464 ,

316 4557 323 4572 ·
351 4494 453 4558 regna
474 4470 569 4535 buius
592 4470 703 4535 mundi
726 4469 811 4536 haud
835 4469 938 4554 aliter,
959 4480 1055 4557 atque
1078 4471 1184 4536 fumus
1219 4473 1252 4536 in
1283 4495 1378 4536 auras
1409 4494 1612 4556 euanescere,
1644 4483 1786 4560 tempore
1816 4476 2019 4562 procedente,
2116 4479 2119 4570 l

352 4577 516 4665 paullatim
533 4577 688 4656 consumi,
712 4585 744 4640 ct
766 4573 922 4662 quidquid
946 4576 998 4641 dei
1022 4599 1119 4641 causa
1141 4587 1301 4662 erogatur,
1326 4579 1360 4643 id
1383 4581 1510 4644 auctius
1533 4580 1664 4663 fieri,ac
1679 4580 1803 4662 melius,
1827 4583 1920 4646 iuxta
1944 4583 2019 4648 illud
2117 4571 2119 4642 J

350 4683 487 4773 apostoli
513 4684 659 4750 effatum:
684 4681 867 4747 Seminatur
890 4684 921 4746 in
947 4687 1143 4770 coruptione,
1168 4694 1278 4769 surget
1298 4686 1329 4750 in
1353 4685 1608 4771 incorruptions;
1625 4689 1801 4752 seminatur
1825 4687 1856 4751 in
1872 4685 2022 4774 ignobili·
2117 4657 2119 4758 l

335 4799 424 4874 tate,
442 4797 552 4874 surget
567 4790 601 4852 in
624 4785 745 4873 gloria;
769 4789 944 4854 seminatur
969 4810 1085 4875 corpus
1108 4789 1256 4866 animale,
1280 4801 1390 4878 surget
1417 4813 1533 4876 corpus
1561 4790 1743 4878 spirituale3
1768 4795 1909 4880 itemque
1933 4793 2020 4861 illum

352 4895 517 4985 psalmista
533 4893 738 4959 versiculum:
756 4891 820 4974 Qui
837 4895 973 4958 seminat
996 4898 1026 4959 in
1044 4894 1205 4982 lacrymis,
1229 4897 1263 4960 in
1287 4895 1404 4981 gaudio
1440 4905 1545 4961 metet.
1563 4894 1634 4976 Qua
1659 4899 1788 4985 quidem
1802 4901 2021 4988 unusquisque
2116 4883 2119 4938 3

351 5001 438 5090 apud
450 5023 484 5068 se
495 5000 666 5086 diligenter
678 5007 809 5086 reputet,
823 5009 855 5065 et
867 5023 924 5088 pro
938 5000 1061 5066 viribus
1074 5013 1260 5089 exequatur,
1278 5011 1410 5089 oportet.
1426 5001 1643 5083 Quamobrem
1656 5027 1716 5090 ego
1728 5027 1787 5070 rex
1809 5007 2021 5094 supradictus,

423 5219 427 5226 '
463 5218 517 5280 ¹L.
542 5220 712 5294 presenciae.
746 5213 805 5275 ¹12.
834 5219 993 5292 perpetino.
1020 5213 1077 5278 ³1..
1100 5221 1277 5293 precipimus.
1302 5215 1360 5278 ¹11.
1384 5222 1429 5278 cui
1451 5228 1481 5279 et
1495 5228 1584 5280 terras
1609 5220 1665 5282 5Ιι.
1690 5225 1800 5282 Pustiac
1836 5225 2022 5282 nominantur·
2117 5259 2119 5268 .

355 5307 414 5370 ⁵1..
441 5309 566 5384 iapustio.
593 5303 650 5366 ⁷12.
675 5307 856 5380 impressione
892 5305 1125 5366 ⁸1..d0minum.
1151 5305 1213 5368 ⁹1..
1248 5309 1392 5388 Strenigne
1424 5310 1612 5372 Barbarirtici.
1653 5307 1727 5372 ¹⁰1..
1760 5313 1912 5391 Jugorstici
1951 5311 1974 5348 ¹¹
1989 5316 2021 5373 L·
2118 5363 2119 5384 ,

354 5401 486 5460 Vraciua.
512 5394 540 5432 ¹¹
554 5399 587 5456 1..
611 5396 741 5456 Cenaene
763 5397 911 5461 luserunt
