4292 5926
1863 387 1904 451 61

222 575 299 640 licet
320 572 417 642 alicui
439 573 616 656 bominum,
640 573 735 657 bano,
759 575 906 661 principi,
925 575 1043 656 comiti,
1066 594 1122 638 een
1156 573 1290 640 cuilibet
1324 575 1542 642 ministrorum
1579 583 1762 642 nostrorum
1799 579 1903 666 ipsam

223 680 405 763 ecclesiam,
430 682 499 746 siue
522 679 801 766 archiepiscopum
826 681 927 766 ipsius
952 678 992 744 de
1015 678 1141 765 prefata
1164 679 1337 747 donatione
1354 679 1535 762 molestare,
1553 684 1743 768 inquietare,
1761 685 1906 749 minuere

222 785 276 878 vjel
297 785 500 853 defraudare.
526 783 731 873 Quicumque
753 807 831 850 vero
864 785 959 872 hujus
994 807 1065 850 mee
1101 785 1283 852 donationis
1316 787 1467 873 paginam
1502 785 1625 851 violare
1661 791 1905 875 presumpserit,

222 891 305 956 iram
329 893 558 978 omnipotentis
580 891 634 956 dei
657 896 691 957 et
713 892 835 976 regiam
860 891 1115 976 indignationem
1132 893 1286 975 incurrat,
1304 902 1336 956 et
1352 895 1422 978 ipsa
1439 891 1569 956 donatio
1587 891 1794 958 nihilominus
1809 917 1902 960 suum

159 1083 162 1086 Ι
223 996 323 1062 robur
346 996 499 1062 obtineat.
524 995 647 1062 Datum
671 1019 730 1083 per
751 1019 880 1062 manum
901 995 1052 1062 Barnabe
1083 995 1157 1061 aule
1192 999 1281 1082 regie
1316 996 1511 1074 cancellarii,
1547 999 1580 1061 in
1616 1001 1778 1084 presentia
1813 1000 1903 1065 Luce

223 1101 471 1190 archiepiscopi,
493 1112 526 1168 et
548 1101 637 1189 Arpe
661 1101 736 1167 bani
757 1113 788 1167 et
811 1101 947 1168 aliorum
971 1103 1164 1189 principum.
1188 1102 1284 1169 Anno
1307 1103 1538 1168 incarnationis
1574 1102 1695 1169 Christi
1720 1105 1900 1189 millesime,

225 1211 413 1293 centesimo,
438 1209 709 1296 quinquagesimo
733 1217 859 1274 octauo.

382 1407 412 1461 Ia
434 1391 614 1478 plsmobrane
638 1405 1008 1478 nadbislrupije·spljetske.
1033 1407 1140 1464 Fsrlsti
1165 1408 1245 1479 lllry.
1270 1407 1387 1464 Sacrum
1411 1411 1446 1468 Τ.
1470 1410 1521 1464 111.
1544 1429 1573 1480 p.
1599 1412 1670 1469 179.

790 1715 1019 1798 rnxxn.
1048 1715 1139 1800 om
1166 1689 1347 1820 armo.

221 1893 364 1970 aoraton,
387 1895 559 1974 uodbialrap
583 1899 727 1973 apljctslri,
751 1887 894 1958 ostentati
911 1900 982 1960 rodi
998 1901 1097 1974 njelrilr
1114 1899 1271 1974 proponet·
1294 1901 1378 1973 eooju
1394 1901 1510 1979 ciclica,
1522 1901 1590 1974 pide
1605 1901 1710 1975 suojim
1724 1901 1905 1962 auctenticum

401 2025 413 2083 i
432 2025 520 2097 pulta
542 2023 743 2098 spljetslromaa
766 2025 843 2082 reales
861 2019 988 2098 potabat
1004 2043 1047 2099 po
1071 2025 1159 2098 triopa
1176 2023 1336 2096 postaatte
1359 2023 1415 2083 alm
1438 2021 1720 2084 antemnarum.

373 2207 549 2300 A(bsolon)
574 2209 625 2275 dei
658 2213 764 2296 gratia
795 2210 987 2296 spalatensis
1024 2212 1160 2278 ecclesie
1192 2209 1324 2274 humilis
1353 2211 1509 2293 minister,
1545 2210 1722 2298 spalatensi
1751 2211 1837 2278 clero
1870 2223 1902 2278 et

223 2316 341 2405 populo
365 2317 511 2400 salutem,
536 2327 568 2381 et
590 2327 756 2404 paternam
782 2316 1052 2383 benedictionem.
1079 2315 1153 2380 Filii
1178 2315 1390 2399 dilectissimi,
1421 2315 1550 2382 mallem
1582 2319 1666 2381 inter
1693 2340 1752 2383 vos
1784 2320 1903 2383 morari

222 2435 355 2510 propter
378 2432 490 2488 sancta
513 2445 649 2510 corpora
672 2421 758 2487 beati
783 2422 915 2487 Domnii
943 2433 975 2486 ct
1010 2422 1185 2501 Anastasii,
1222 2445 1318 2508 quam
1354 2423 1432 2488 alibi
1466 2425 1499 2488 in
1534 2423 1669 2488 diuitiis.
1704 2424 1903 2490 Audiuimua

223 2531 308 2594 enim
334 2530 420 2616 qood
443 2530 610 2594 minamini
635 2529 729 2594 nobis
754 2531 823 2592 sine
854 2539 965 2593 nostra
997 2529 1100 2616 culpa.
1135 2528 1231 2594 Scitis
1265 2529 1352 2592 enim
1387 2531 1419 2592 in
1453 2531 1615 2616 presentia
1649 2538 1768 2612 vestra,
1804 2552 1900 2616 quam

221 2657 329 2700 coram
355 2635 460 2720 legato
485 2635 581 2719 regis,
606 2633 745 2720 qualiter
767 2634 944 2698 Marcutius
974 2657 1084 2698 comcs
1108 2643 1220 2699 contra
1246 2633 1421 2717 dominum,
1454 2657 1549 2721 quam
1584 2637 1616 2700 in
1645 2658 1703 2700 nos
1737 2637 1901 2719 insaniuit,

220 2739 342 2806 idcirco
367 2741 443 2826 quia
466 2741 621 2804 iustitiam
645 2762 750 2804 meam
774 2739 961 2826 querebam,
986 2739 1123 2806 relatum
1149 2749 1198 2804 eet
1221 2739 1282 2804 hoc
1307 2743 1388 2824 regi,
1412 2763 1509 2828 quam
1533 2741 1617 2824 duci,
1643 2751 1675 2805 et
1697 2741 1756 2806 toti
1790 2765 1903 2825 regno.

221 2846 313 2913 Unde
336 2845 431 2910 valde
454 2843 612 2928 indignati
635 2844 774 2927 fuerunt,
800 2855 831 2910 et
854 2847 930 2931 quia
953 2867 1013 2930 ego
1037 2847 1069 2910 in
1094 2847 1258 2932 presentia
1281 2847 1366 2928 regis
1390 2845 1435 2910 fui
1459 2847 1686 2930 interrogatus,
1712 2845 1831 2928 voluit,
1849 2869 1904 2912 no·

222 2951 290 3035 luit,
315 2951 455 3037 oportuit
479 2973 529 3015 me
554 2949 673 3015 dicere.
698 2950 742 3014 At
764 2959 831 3015 tum
856 2961 981 3014 tautum
1005 2953 1119 3036 rogaui
1143 2973 1263 3036 regem,
1289 2973 1384 3038 quam
1411 2951 1536 3032 ducem,
1561 2951 1649 3038 quod
1667 2951 1904 3016 condonauerit

222 3058 294 3140 sibi,
316 3067 439 3122 etcum
465 3057 570 3141 gratia
594 3057 680 3121 circa
703 3078 813 3140 regem
838 3067 990 3140 moratur,
1015 3067 1047 3121 et
1071 3081 1144 3122 cum
1168 3056 1290 3122 bonore
1313 3057 1479 3144 Spalatum
1504 3057 1633 3134 redibit.
1665 3057 1710 3122 At
1744 3067 1810 3122 tum
1842 3057 1904 3120 hoc

145 3183 148 3191 ·
224 3163 339 3228 mando
364 3162 468 3243 vobis,
493 3165 520 3227 si
544 3162 670 3250 placeat
693 3162 787 3226 vobis
811 3165 988 3249 paternitas
1022 3175 1140 3245 nostra,
1175 3174 1207 3228 ct
1228 3162 1332 3228 honor
1364 3163 1500 3229 ecclesie
1536 3173 1653 3246 vestre,
1686 3162 1831 3250 aliquem
1863 3162 1904 3228 de

221 3272 339 3335 nostris
363 3269 489 3334 clericis
513 3268 554 3332 ad
579 3291 637 3334 nos
662 3269 803 3334 mittetis.
822 3267 894 3333 Hoc
918 3292 977 3333 rex
1001 3278 1033 3334 et
1057 3269 1161 3335 banus
1193 3269 1371 3352 audientes,
1405 3272 1543 3336 maiores
1578 3281 1687 3355 grates
1725 3270 1819 3334 vobis
1854 3292 1904 3333 re·

191 3405 193 3410 ·
220 3375 334 3441 ferent.
360 3374 455 3456 Quod
480 3375 507 3439 si
532 3397 596 3440 non
620 3373 773 3456 faceritis,
798 3398 856 3438 nos
881 3375 1011 3461 quidem
1038 3398 1095 3460 per
1118 3377 1255 3458 gratiam
1278 3377 1364 3462 regis
1387 3399 1484 3464 quam
1516 3377 1607 3440 ducis
1637 3379 1669 3440 in
1710 3374 1903 3439 Dalmacbia

221 3485 350 3562 erimus,
372 3491 408 3546 nt
430 3490 521 3568 pater
545 3491 577 3546 et
600 3479 749 3546 dominus
774 3480 805 3545 S.
831 3482 907 3566 quia
930 3481 1068 3546 ecclesia
1092 3493 1201 3546 vestra
1225 3485 1294 3547 sine
1317 3495 1446 3570 pastore
1463 3483 1597 3562 sedebit,
1616 3492 1782 3568 peccatum
1808 3483 1904 3546 vobis

221 3589 291 3654 erit.
317 3587 445 3654 Satisne
468 3587 561 3654 vobis
585 3589 791 3674 precipimus.
812 3587 931 3651 Mittite
957 3588 1050 3653 nobis
1074 3589 1240 3654 incensum
1267 3611 1323 3674 pro
1348 3597 1514 3652 romaneto
1538 3598 1690 3674 eruptum.
1721 3586 1788 3650 Nos
1822 3608 1899 3650 vero

220 3717 293 3760 cum
318 3691 452 3758 consilio
475 3695 561 3778 regis
586 3703 618 3758 et
637 3693 729 3758 ducis
755 3693 910 3758 mittimus
944 3695 1028 3758 inter
1060 3717 1118 3760 vos
1149 3694 1308 3760 «loannem
1339 3696 1487 3759 comitem
1523 3703 1678 3772 nostrum,
1709 3715 1808 3756 causa
1840 3713 1898 3757 vos

221 3799 384 3882 visitandi,
408 3808 442 3864 et
464 3809 499 3863 ut
522 3808 608 3863 emat
632 3798 724 3864 nobis
749 3798 854 3864 oleum
877 3809 909 3864 et
931 3799 1051 3864 bonum
1077 3803 1197 3884 vinum,
1220 3824 1316 3888 quam
1342 3823 1410 3883 vos,
1442 3800 1488 3864 fili
1520 3799 1694 3880 karissimi,
1727 3797 1834 3862 clerici
1869 3807 1901 3860 et

220 3905 304 3988 laici,
327 3906 436 3970 iuuate
459 3929 531 3970 cum
557 3913 712 3991 quantum
737 3907 882 3990 potestis.
905 3904 1050 3970 Joannes
1074 3907 1128 3991 qui
1154 3908 1344 3992 peregrinus
1369 3917 1426 3986 est,
1444 3907 1548 3990 gratia
1564 3904 1614 3970 dei
1630 3915 1662 3970 et
1677 3904 1764 3988 regie
1781 3924 1901 3988 magno

221 4010 342 4076 honore
366 4011 534 4076 nobiscum
558 4021 708 4095 moratur,
734 4013 788 4097 qui
814 4033 871 4096 pro
895 4011 1015 4098 pascha
1040 4012 1208 4077 nobiscum
1234 4012 1362 4078 redibit.
1387 4011 1437 4076 De
1462 4019 1569 4076 cctcro
1593 4010 1709 4075 valete.

369 4229 399 4283 Ia
423 4227 601 4300 pismobrane
624 4227 825 4299 aadbirkopije
848 4227 995 4300 spljetsbe.
1019 4227 1128 4284 Parlati
1151 4228 1233 4308 illyr.
1259 4227 1376 4284 Sacrum
1400 4227 1434 4285 Τ.
1458 4227 1511 4286 Ill.
1535 4245 1564 4298 p.
1594 4227 1664 4285 180.

597 4542 864 4626 ¹LXXXIII·
892 4542 999 4624 1161.
1028 4539 1084 4621 13.
1112 4537 1267 4640 llpnju.
1296 4536 1333 4620 U
1361 4535 1507 4618 Illmu.

379 4733 588 4802 Alelrsundro
607 4735 667 4802 lIl.
693 4759 785 4823 papa,
813 4735 990 4820 uzimajudi
1021 4732 1084 4819 pod
1120 4733 1213 4818 svoju
1246 4731 1363 4795 naititu
1394 4729 1498 4794 crkvu
1522 4726 1677 4814 gradsk‘u,
1715 4727 1901 4816 potvrdjuje

221 4845 328 4931 njeain
354 4843 466 4935 poejed
490 4844 498 4904 i
522 4843 650 4929 njeaina
674 4865 784 4930 prava,
808 4852 840 4907 te
863 4839 1041 4928 podjeljuje
1065 4837 1214 4903 chrilru
1242 4835 1399 4924 patriarki
1427 4834 1626 4920 gradekomp
1657 4834 1900 4920 nadbislrupski

219 4949 291 5016 lrrst
313 4951 323 5015 i
348 4948 441 5037 ptest,
466 4947 601 5034 aejedno
624 4971 639 5012 s
663 4949 833 5050 primatem
857 4945 1017 5012 aadarske
1041 4943 1280 5031 nadbiskupijo.
1306 4941 1543 5028 (Apostolioum
1569 4940 1720 5007 Officium
1743 4941 1818 5024 etc.)

375 5149 466 5207 Jaliel
489 5149 611 5223 Regesta
634 5149 716 5207 Pont.
740 5149 819 5204 Rom.
843 5167 872 5220 p.
899 5147 973 5202 683.
