4350 5932
321 447 364 525 46

324 651 364 742 de
388 677 422 718 re
446 655 475 718 ei
499 653 653 720 duximus
678 651 770 720 hilari
796 657 903 720 animo
928 656 1005 721 dare
1037 657 1177 743 quiduis,
1202 667 1234 721 et
1257 679 1321 722 non
1353 657 1551 741 denegamus
1577 655 1728 722 charitati
1753 665 1868 737 vestre,
1894 653 2018 742 quibus

323 759 392 843 ipse
417 759 599 844 respondit:
624 759 698 823 volo
733 760 862 824 domine
886 771 918 825 et
941 773 1106 847 compater
1139 771 1175 826 ut
1208 763 1354 846 primum,
1379 761 1536 848 quidquid
1562 765 1689 849 proprio
1723 763 1787 826 emi
1819 763 1932 847 pretio,
1957 758 2016 824 vel

322 863 408 948 quod
430 863 582 927 donatum
609 873 658 928 est
682 866 713 928 in
738 865 955 930 immobilibus
984 878 1016 930 et
1034 865 1207 930 mobilibus
1225 868 1256 930 in
1274 877 1386 932 sancta
1402 878 1503 932 matre
1528 867 1674 948 ecelesia,
1702 867 1733 932 id
1757 877 1806 930 est
1830 868 1863 930 in
1888 867 2014 929 Lasani

322 979 353 1032 et
375 967 521 1053 Tagari¹
559 991 632 1032 cum
659 972 762 1034 servis
797 981 828 1034 et
859 971 985 1035 ancillis
1022 971 1148 1056 Stopus‚
1175 971 1322 1055 Sagoleo,
1356 970 1509 1037 Obortino
1533 973 1695 1058 presentia
1723 970 1877 1036 claritatis
1901 980 2016 1034 vestre

322 1095 378 1158 per
411 1073 595 1159 paginulam
628 1073 842 1159 priuilegilem
874 1085 984 1140 sancte
1018 1075 1194 1140 salonitane
1218 1075 1374 1141 ecclesiae
1406 1076 1489 1142 dicte
1514 1079 1695 1163 mancipata
1718 1077 1750 1140 in
1775 1086 2012 1161 eternumper-

321 1187 481 1258 maneant,
505 1201 543 1243 ac
568 1179 694 1261 deinde,
718 1191 751 1243 ut
782 1181 815 1243 in
851 1180 948 1244 latam
986 1191 1119 1246 matrem
1151 1182 1330 1262 ecelesiam,
1365 1203 1427 1267 que
1463 1192 1512 1246 est
1545 1181 1730 1266 metropolis
1768 1203 1869 1266 usque
1904 1181 2014 1264 ripam

322 1281 475 1366 Danubii,
499 1293 530 1348 et
553 1307 634 1376 pene
659 1307 715 1370 per
739 1295 839 1349 totum
863 1307 998 1369 regnum
1020 1284 1232 1350 Obroatorum
1247 1288 1260 1324 ²
1275 1297 1307 1350 et
1324 1309 1380 1371 pro
1404 1286 1545 1350 remedio
1576 1291 1681 1350 anime
1699 1295 1815 1366 vestre,
1840 1293 2014 1370 parentum

323 1387 374 1451 vel
399 1388 541 1452 fidelium
566 1399 756 1470 vestrorum,
782 1399 813 1453 et
837 1413 893 1474 per
916 1391 1153 1455 commodatum
1186 1399 1354 1474 argentum
1394 1391 1475 1455 detis
1512 1391 1646 1456 ecclesie
1683 1391 1767 1455 beati
1801 1379 1952 1472 Georgii,
1980 1389 2015 1449 in

322 1491 393 1556 loco
422 1493 762 1579 quidioiturPutalio,
782 1497 969 1580 omniaque
989 1496 1113 1560 obtinet
1138 1497 1385 1582 possessionum,
1411 1519 1521 1560 seruos
1545 1495 1675 1581 quidem
1700 1505 1732 1558 et
1754 1493 1897 1569 ancillas,
1928 1515 2017 1578 quae

322 1595 459 1660 Mislauo
489 1599 569 1662 duce
591 1601 693 1684 ipsam
715 1597 851 1662 ecclesie
883 1622 955 1663 cum
980 1600 1129 1664 dedicata
1152 1600 1288 1681 videtur,
1313 1613 1345 1664 et
1366 1600 1407 1663 ab
1431 1603 1500 1684 ipso
1526 1601 1709 1684 supradicto
1730 1599 1809 1662 duce
1841 1597 1934 1661 donis
1965 1596 2017 1658 di-

320 1689 430 1782 tatam,
452 1703 548 1766 simili
573 1703 667 1766 modo
692 1713 723 1767 et
745 1703 908 1790 priuilegii
931 1727 1076 1786 censura,
1101 1705 1160 1768 hec
1181 1703 1309 1790 quidem
1343 1703 1472 1768 donatio
1496 1728 1514 1767 a
1538 1705 1630 1768 vobis
1665 1704 1800 1767 firmiter
1832 1704 1929 1766 enixe
1959 1701 2018 1764 de·
2072 1703 2075 1708 '

321 1806 484 1890 poscimus
508 1807 638 1870 taliter³
661 1820 693 1872 et
716 1810 914 1894 suggestioni
940 1808 1046 1894 placiti
1078 1810 1154 1880 data
1184 1811 1225 1873 ad
1259 1833 1387 1872 sonsum
1424 1810 1662 1895 spopondimus,
1687 1817 1719 1872 et
1750 1811 1818 1872 iure
1851 1808 2018 1870 mansuris

323 1909 420 1974 rebus
452 1911 655 1996 priuilegium
695 1913 782 1995 fieri,
816 1925 997 1999 presentem
1033 1925 1173 1978 nostram
1207 1914 1487 1996 deliberationem,
1513 1896 1741 1999 precepimus,
1779 1897 1930 1976 videlicet
1970 1913 2019 1972 ita

322 2015 481 2080 duntaxat
504 2027 539 2080 ut
560 2029 666 2103 empta
699 2021 801 2104 pretio
826 2018 909 2092 infra
930 2022 1074 2082 terminis
1099 2021 1225 2101 nostris,
1254 2023 1282 2082 in
1309 2019 1387 2084 locis
1405 2022 1596 2100 memoratis,
1627 2021 1822 2103 sempiterna
1838 2016 2019 2080 donatione

323 2121 485 2205 possideat
504 2123 589 2185 dicta
611 2124 672 2186 iam
692 2135 803 2187 sancta
827 2122 961 2188 eeclesia
985 2149 1003 2186 a
1027 2127 1153 2187 nomine
1177 2123 1356 2188 infestante.
1381 2124 1526 2187 Tandem
1560 2145 1635 2186 vero
1661 2123 1815 2208 prefatam
1840 2120 2017 2184 ecclesiam

323 2226 363 2290 de
397 2227 496 2311 regali
528 2231 688 2291 territorio
710 2229 751 2291 ab
776 2227 923 2292 orientali
945 2238 976 2291 et
1000 2213 1191 2292 occidentali
1215 2239 1314 2314 parte,
1338 2252 1357 2292 a
1380 2251 1458 2314 rupe
1492 2229 1618 2310 montis,
1652 2227 1815 2313 usquead
1842 2249 1939 2304 mare,
1973 2225 2019 2288 ab

322 2340 457 2417 utroque
475 2332 574 2396 latere
593 2335 745 2397 terminos
763 2356 835 2396 oum
860 2332 1004 2419 lapideis,
1028 2344 1060 2397 et
1084 2334 1168 2396 ferro
1191 2337 1343 2417 signatos,
1369 2332 1451 2397 infra
1471 2357 1551 2420 quoa
1574 2337 1727 2397 terminos
1745 2331 1863 2395 nullius
1879 2331 2014 2394 adiacet

321 2438 526 2519 territorium,
552 2461 609 2500 noa
634 2438 805 2520 diligenter
829 2438 1059 2518 condonamus,
1083 2450 1114 2501 et
1137 2437 1198 2514 hoe
1221 2442 1252 2501 in
1271 2449 1440 2521 augmento
1458 2448 1567 2502 sancte
1584 2437 1761 2501 salonitana
1778 2435 1923 2518 ecclesie,
1941 2457 2018 2512 pro-

321 2539 460 2604 ferentes
491 2542 672 2623 firmamus,
697 2553 728 2605 et
751 2553 783 2606 ut
802 2542 937 2626 singulis
971 2544 1063 2606 annis
1087 2543 1127 2606 dc
1159 2544 1307 2606 omnibus
1346 2543 1576 2616 nascentibus⁴
1605 2554 1689 2606 terre
1707 2566 1748 2605 ex
1778 2552 1867 2604 curte
1892 2551 2017 2620 nostra,

319 2665 381 2729 que
406 2643 525 2710 Olusan
551 2647 675 2727 dieitur,
704 2647 827 2711 decime
858 2647 1036 2711 inferantur
1052 2649 1083 2710 in
1100 2661 1308 2711 memoratam
1337 2647 1514 2728 ecelesiam,
1540 2670 1620 2734 quas
1644 2647 1786 2710 decimas
1810 2657 2016 2710 antecessor·

323 2761 432 2814 noster
461 2751 644 2816 Mielauus⁵
677 2752 754 2816 dare
778 2755 878 2837 cepit3
904 2754 1019 2836 siquis
1039 2775 1115 2816 vero
1139 2752 1179 2816 de
1198 2754 1431 2838 superscriptis,
1451 2753 1607 2839 quidquid
1624 2753 1684 2815 deo
1700 2753 1886 2836 inspirante,
1902 2772 2019 2814 amore

324 2867 507 2920 sanctorum
536 2857 726 2920 inflammati
749 2858 865 2921 deuoto
892 2871 1018 2944 pectore
1043 2857 1225 2936 obtulimus,
1260 2860 1486 2936 concessimus,
1520 2868 1552 2920 et
1583 2859 1790 2941 imposterum
1823 2854 2021 2919 inconuulsa

322 2959 449 3024 firmata
464 2963 619 3025 manere⁶
641 2964 833 3043 censuimus,
860 2964 892 3025 in
917 2962 1087 3026 cenobium
1112 2975 1293 3026 sanctorum
1310 2971 1487 3048 martyrum
1502 2961 1634 3025 Domnii
1652 2973 1684 3023 et
1704 2959 1878 3040 Anastasii‚
1893 2958 2019 3024 Oosme

322 3075 355 3130 et
373 3065 541 3148 Damiani;
559 3077 590 3132 et
608 3069 723 3153 siquis
741 3067 889 3152 diripere,
906 3069 958 3146 yel
979 3067 1175 3148 subtrahere,
1193 3079 1321 3152 autper
1341 3070 1405 3130 vim
1420 3089 1581 3152 opponere
1590 3067 1769 3144 tentauerit,
1789 3067 1870 3140 iram
1890 3059 2021 3128 domini

323 3169 509 3252 Saluatoris,
527 3183 560 3236 et
573 3181 756 3235 sanctorum
770 3173 910 3235 omniurn
935 3171 1204 3245 maledictionem,
1221 3173 1349 3257 quidem
1369 3169 1454 3237 000
1479 3182 1604 3257 patrum
1625 3181 1657 3234 et
1680 3172 1856 3234 octodenas
1881 3169 2019 3233 vinculo

322 3273 486 3338 insolubili
499 3277 702 3340 anathemate
715 3275 905 3340 Maranatha
921 3276 1109 3356 denodatur,
1123 3275 1286 3370 diuidetur
1302 3286 1333 3339 et
1346 3275 1502 3340 evellatur
1522 3278 1631 3340 diuino
1649 3275 1769 3340 iudicio
1788 3299 1808 3338 a
1821 3277 2019 3360 cognatione

322 3389 354 3442 et
369 3381 482 3464 patria,
497 3403 598 3446 uxore
616 3391 646 3444 et
663 3379 745 3459 liliis,
760 3383 814 3466 qui
831 3403 986 3464 separare
1010 3380 1215 3444 donationem
1238 3391 1378 3444 nostram
1400 3383 1568 3446 temerarie
1584 3405 1603 3444 a
1627 3391 1738 3446 sancta
1758 3390 1859 3444 matre
1876 3380 2020 3444 ecclesia

323 3488 386 3549 iam
402 3487 519 3551 factam
534 3489 774 3573 presumpserit,
791 3488 917 3551 fouetur
934 3489 1041 3571 itaque
1058 3485 1111 3550 hic
1127 3486 1327 3570 litigantibus
1344 3509 1417 3550 cum
1434 3509 1470 3552 eo
1496 3487 1624 3550 vicariis
1642 3487 1762 3550 sanctis
1787 3483 2018 3568 religiosorum

323 3589 576 3678 subsistentium,
601 3592 786 3677 Principum
819 3593 924 3674 gratia
947 3601 1010 3655 tam
1029 3591 1200 3654 nefandum
1216 3593 1228 3629 ⁷
1245 3592 1366 3656 faciens
1383 3593 1528 3676 quisquis
1545 3589 1598 3654 ille
1615 3589 1839 3654 defunctorum
1857 3588 2019 3660 obliuioni

266 3695 268 3703 ’
325 3695 414 3776 dans,
448 3697 614 3761 etlumen
646 3699 823 3760 animarum
845 3717 953 3760 eorum
987 3697 1176 3779 octinguens
1209 3707 1240 3758 ct
1270 3699 1302 3758 in
1328 3697 1503 3759 nouissimo
1534 3694 1587 3758 die
1609 3695 1716 3778 magni
1743 3695 1912 3770 examinis,
1939 3714 2018 3755 curn

324 3801 462 3882 diabolo,
496 3815 527 3866 et
558 3805 626 3866 eius
658 3806 747 3866 tetris
773 3801 908 3885 angelis,
933 3812 965 3864 et
987 3801 1073 3864 Juda
1097 3800 1260 3881 Iscariote,
1286 3799 1406 3864 Christi
1439 3799 1601 3884 proditore
1632 3801 1665 3862 in
1694 3797 1844 3882 gehenna
1870 3796 2019 3860 barathri

324 3910 534 3976 muneretur⁸
550 3908 604 3972 ubi
628 3910 712 3992 ignis
737 3929 900 3992 nunquam
929 3907 1138 3988 extinguitur,
1163 3915 1194 3968 at
1217 3925 1344 3968 vermes
1369 3906 1539 3988 impiorum
1563 3926 1625 3966 non
1653 3905 1838 3966 moriuntur.

483 4008 601 4076 Actum
627 4007 762 4076 in'loeo
787 4014 841 4098 qui
867 4011 984 4074 dicitur
1008 4009 1119 4094 Byaci,
1143 4023 1284 4092 tempore
1317 4031 1419 4092 nuper
1440 4009 1516 4088 fato,
1555 4019 1587 4072 et
1621 4010 1750 4071 testium
1783 4009 1906 4087 notitia,
1940 4029 2016 4092 pre-

241 4191 243 4198 ,
309 4119 437 4198 sentia,
461 4119 622 4182 communi
643 4129 727 4198 voto,
750 4127 782 4179 et
807 4116 970 4179 voluntate
987 4113 1242 4184 corroboratum.

484 4221 618 4305 Signum
645 4245 751 4303 manu,
777 4243 893 4307 meque
917 4221 988 4304 ipso
1013 4218 1187 4302 Tirpimiro
1212 4215 1313 4296 Duce,
1333 4215 1425 4279 huius
1449 4219 1495 4279 rei
1514 4237 1704 4281 concessore
1729 4233 1761 4280 et
1783 4227 1925 4282 auctore.

409 4321 412 4325 ’
485 4327 620 4411 Signum
646 4350 741 4390 manu
768 4325 936 4391 Comicioo
959 4323 1117 4407 Zuppano
1141 4322 1242 4385 testis.
1336 4341 1348 4348 ·
1738 4335 1739 4338 ’

540 4480 556 4514 ,‚
679 4480 694 4514 „
765 4431 898 4496 Pretilia
1033 4479 1046 4504 „
1172 4473 1187 4506 „

538 4587 553 4618 „
666 4589 694 4626 -„
765 4535 933 4600 Nemustlo
1028 4579 1042 4611 „
1169 4577 1185 4610 „

433 4781 442 4813 ¹
465 4782 535 4836 Luc.
558 4781 567 4835 i
591 4782 716 4836 Farlati:
740 4780 871 4852 Turgari.

365 4884 373 4894 “
433 4865 447 4901 ²
469 4870 577 4922 Farlati
602 4869 724 4924 croatie.

433 4951 446 4987 ³
469 4957 539 5010 Luc.
566 4957 575 5008 i
598 4956 706 5010 Farlati
734 4955 847 5010 talibus.

434 5037 448 5076 ⁴
470 5043 542 5097 Luc.
565 5043 574 5095 i
598 5043 706 5096 Farlati
730 5041 804 5096 omni
830 5039 985 5092 nascentia.

434 5127 448 5164 ⁵
466 5131 536 5184 Luc.
556 5129 565 5182 i
589 5129 697 5182 Farlati
722 5122 862 5181 Mielauos

434 5211 539 5270 6Ῑιιιο.
562 5217 570 5268 i
595 5215 701 5268 Farlati
730 5214 836 5267 valere.

432 5298 445 5336 ⁷
468 5304 538 5357 Luc.
561 5301 572 5355 i
594 5301 703 5355 Parlati
725 5298 854 5354 nefandi.

436 5387 450 5423 ⁸
473 5388 583 5444 Parlati
607 5393 778 5442 numeretur.
