4292 5926
1765 397 1806 464 27

121 592 161 658 di
188 604 374 660 mantenere
398 596 472 680 ogni
497 617 582 677 cosa,
607 605 639 661 et
662 595 799 660 essendo
825 595 868 662 da
890 594 996 660 alcuni
1018 593 1194 660 Sohiavoni
1217 593 1292 660 dato
1314 593 1462 660 molestia
1484 594 1515 658 al
1540 594 1745 674 monasterio,
1778 601 1810 656 et

123 722 194 764 non
216 699 357 770 volendo
380 702 411 764 io
435 701 646 787 supportarla,
671 703 713 766 mi
737 703 861 788 opposi‚
885 709 917 764 et
941 709 1060 766 venuto
1085 703 1117 764 in
1142 699 1213 764 luce
1238 700 1282 786 (l)
1306 698 1390 764 dalle
1413 709 1498 764 terre
1518 699 1551 764 di
1581 699 1668 766 detto
1697 721 1807 764 mona·

125 806 241 886 sterio,
265 803 325 870 che
348 827 445 870 erano
469 815 551 871 state
575 817 739 892 occupate,
763 807 909 892 procurai
933 806 965 872 di
990 803 1205 892 recuperarle,
1230 813 1262 869 et
1286 803 1476 896 holtrovato
1501 804 1680 869 uneredita
1697 805 1730 868 di
1748 827 1806 868 sau

119 907 260 974 Stelano
284 909 317 973 di
340 919 422 975 sette
447 933 544 996 penne
566 911 598 976 di
624 921 709 975 terra
732 921 764 974 at
785 911 871 975 dalla
894 922 980 976 terra
1004 910 1036 976 di
1059 933 1115 974 san
1141 909 1328 994 Benedetto,
1353 910 1418 975 lino
1454 909 1518 974 alla
1550 914 1635 976 cima
1667 910 1700 974 di
1736 933 1803 974 una

117 1011 238 1078 chiesa
261 1015 293 1078 di
318 1025 410 1080 sante
433 1017 537 1081 Maria
560 1027 646 1082 terra
669 1017 792 1101 grand.
808 1070 814 1083 .
830 1039 880 1082 me
903 1025 1124 1082 eocettuatane
1148 1038 1212 1080 una
1236 1037 1335 1100 pezza
1358 1015 1391 1080 di
1415 1037 1472 1080 san
1496 1014 1670 1081 Giovanni.
1695 1015 1738 1078 Et
1760 1015 1801 1080 de

119 1117 156 1199 li,
182 1119 248 1183 fino
271 1119 303 1184 al
325 1119 422 1184 finme
447 1121 654 1206 andando'in
678 1145 716 1186 sn
739 1131 771 1186 et
795 1123 943 1188 venendo
967 1124 999 1186 in
1023 1124 1078 1207 gin
1101 1125 1165 1188 lino
1189 1120 1253 1184 alla
1277 1120 1416 1202 Stenius,
1441 1130 1473 1186 ot
1496 1121 1560 1186 lino
1584 1121 1614 1186 al
1639 1131 1745 1207 ponte,
1772 1130 1804 1185 et

118 1235 211 1288 sotto
234 1223 257 1288 il
282 1235 387 1310 ponte,
411 1225 496 1290 dalla
519 1226 644 1292 fabrica
668 1227 779 1292 finoal
803 1237 910 1314 ponte,
934 1238 966 1292 et
989 1227 1115 1292 chiariti
1148 1225 1169 1290 li
1202 1225 1330 1309 confini,
1362 1248 1402 1291 ne
1435 1225 1572 1290 havcmo
1605 1227 1751 1292 ricevuto
1784 1225 1808 1290 il

118 1327 235 1412 frusto,
261 1341 293 1394 et
314 1353 354 1396 ne
376 1330 528 1400 habiamo
554 1331 677 1397 lasoiati
703 1333 723 1396 il
748 1355 899 1421 possesso
930 1333 960 1396 al
992 1343 1185 1398 monastero.
1219 1330 1342 1412 Queste
1375 1355 1449 1396 cose
1483 1333 1597 1398 furono
1629 1331 1707 1396 fatte
1740 1329 1815 1396 alla.

117 1455 285 1519 presence
307 1436 348 1502 de
371 1440 559 1504 sottoscritti
584 1441 756 1506 testimoni.
782 1440 890 1504 Prima
913 1439 946 1504 di
977 1436 1144 1522 Sagarella
1173 1447 1331 1503 avvocato
1362 1437 1448 1502 della
1476 1437 1653 1502 medesima
1686 1436 1806 1518 chiesa,

118 1539 157 1603 di
183 1539 348 1608 Giovanni
369 1543 458 1625 Mile,
482 1543 606 1610 Rueina
628 1545 738 1630 Drago
762 1545 794 1610 di
817 1544 915 1625 Pirla,
939 1543 972 1608 di
996 1543 1160 1609 Neroinna
1183 1543 1329 1624 Vratina,
1353 1551 1385 1607 et
1408 1541 1440 1606 di
1454 1541 1566 1606 Dabro
1591 1565 1649 1606 sno
1665 1542 1805 1622 fratello,

117 1643 208 1710 Otra
232 1657 265 1710 et
288 1647 412 1732 Ugrino
435 1672 493 1714 suo
517 1650 606 1736 figlio
630 1651 660 1715 di
686 1650 782 1714 Subri
808 1649 949 1735 Brugog‚
973 1649 1185 1730 Ponasevioh‚
1209 1649 1241 1713 di
1267 1649 1406 1714 Raicsda
1432 1647 1642 1731 Cocosevioh,
1675 1647 1707 1712 di
1743 1647 1806 1712 Ne·

120 1751 260 1838 sdravoj
285 1752 449 1836 Sokolich‚
474 1755 507 1820 di
531 1755 626 1822 Prete
649 1756 776 1822 Alessio
800 1765 833 1822 ct
855 1755 888 1820 di
913 1755 1001 1820 molti
1025 1755 1110 1820 altri.
1134 1755 1177 1820 Et
1200 1758 1230 1820 io
1264 1755 1324 1819 Pro
1357 1752 1489 1818 Sabatio
1521 1753 1642 1819 nodare
1677 1755 1804 1839 giurato

15 1915 23 1922 .
118 1855 178 1920 del
203 1879 341 1923 comune
365 1858 405 1924 ho
430 1861 567 1946 copiato.

284 2057 453 2114 Documenti
488 2059 515 2114 di
546 2078 597 2116 son
621 2059 737 2117 Stefano
761 2061 790 2116 di
813 2060 940 2132 Spalato.
965 2060 992 2118 U
1015 2060 1150 2132 lrnjiiniei
1174 2059 1325 2132 mlctackoj
1353 2079 1394 2118 sv.
1433 2061 1542 2115 Morka.
1568 2058 1652 2120 MSS.
1683 2059 1805 2118 italieni.

118 2142 216 2198 Closs.
241 2144 275 2201 V.
297 2145 366 2238 (lod,
380 2147 429 2204 LI.
454 2156 502 2202 str.
527 2149 577 2207 39.
1051 2177 1055 2184 ·

477 2437 686 2530 ΧΧΧΙΧ.
714 2442 822 2536 1133.
849 2443 936 2529 dne
963 2442 1001 2524 3.
1028 2445 1224 2536 studenti.
1251 2441 1286 2526 U
1316 2447 1454 2530 Krku.

5 2673 7 2678 ,
123 2627 248 2686 Krloni
266 2629 445 2703 poolodjuju
468 2647 557 2705 scopa
579 2633 674 2691 tuero
696 2632 819 2708 Douma,
844 2635 972 2692 dabira
997 2637 1136 2708 prineste
1168 2651 1206 2694 aa
1237 2632 1449 2708 popraoljanje
1482 2631 1578 2706 prodo
1613 2631 1735 2690 Krtor'
1768 2646 1805 2689 so

838 2757 974 2816 mletaclri
991 2773 1092 2830 porea.

277 2940 372 3003 Anno
398 2939 623 3006 MOXXXIlI.
650 2943 702 3008 die
726 2921 785 3008 lll.
811 2944 996 3008 nouembris
1031 2943 1191 3009 Dominus
1205 2947 1392 3010 Dominicus
1417 2943 1597 3030 vegliensie
1623 2947 1805 3030 episcopua,

125 3047 162 3108 in
188 3065 246 3109 suo
270 3047 444 3132 episcopali
471 3047 598 3132 palatio,
624 3071 781 3114 unacum
807 3050 967 3114 iudicibus
992 3052 1131 3115 ciuitatis
1167 3073 1225 3137 pro
1257 3053 1486 3116 communitate
1520 3049 1633 3132 Veglie
1665 3073 1707 3114 ex
1737 3073 1801 3112 una
1889 3049 1895 3064 ’

120 3159 228 3235 parte,
252 3161 284 3214 et
307 3151 456 3216 dominus
479 3152 630 3240 Duymus
654 3177 762 3219 comes
786 3179 827 3219 ex
843 3155 943 3220 altera
963 3167 1191 3228 conuenerunt,
1206 3167 1240 3220 ut
1257 3157 1349 3237 solta,
1368 3179 1430 3244 que
1447 3157 1532 3242 apud
1549 3178 1719 3219 commune
1736 3164 1805 3220 erat

118 3277 182 3340 pro
207 3255 286 3320 urbe
299 3257 486 3342 reparanda,
507 3269 540 3323 et
562 3260 633 3324 aliis
650 3246 808 3346 expensis
820 3261 944 3351 fiendis,
962 3263 1149 3348 nuntiisque
1167 3264 1340 3344 mittendis,
1360 3273 1391 3327 ot
1407 3273 1516 3328 strena
1533 3262 1666 3326 Venetis
1683 3261 1800 3343 danda,

118 3361 277 3454 predicto,
295 3367 403 3428 comiti
428 3367 625 3450 promittenti
650 3366 778 3452 singula
796 3369 914 3454 exequi
939 3391 1093 3433 concessa
1116 3368 1185 3448 fuit.
1211 3377 1270 3434 etc.
1299 3371 1310 3408 ¹

274 3560 419 3632 illyricum
442 3580 553 3618 sacrum
574 3564 607 3619 F.
624 3565 658 3624 V.
683 3571 733 3622 atr.
760 3566 834 3621 229.

760 3856 851 3940 XL.
879 3857 970 3940 ouo
996 3880 1031 3958 g.
1061 3859 1172 3942 1134.

375 4031 487 4094 Ornata
504 4053 578 4114 pop,
602 4036 709 4111 daruje
731 4041 906 4097 samoetana
928 4055 970 4099 so.
995 4037 1164 4098 Benedikta
1186 4056 1207 4097 u
1230 4039 1346 4113 spuere
1370 4042 1458 4114 nieles
1480 4042 1551 4101 selo.

274 4221 311 4285 In
337 4220 457 4287 Christi
481 4225 620 4290 nomine.
646 4223 742 4304 Quod
766 4235 892 4291 constat
916 4233 1023 4290 actum
1048 4227 1159 4291 diuino
1184 4227 1311 4312 indicio,
1336 4251 1400 4292 non
1433 4237 1538 4314 potest
1570 4232 1715 4317 corumpi
1745 4231 1800 4296 hu·

118 4349 228 4390 mano.
253 4326 299 4394 Et
318 4327 391 4392 ideo
415 4351 476 4413 ego
502 4330 662 4415 presbiter
685 4329 825 4396 Oernota
855 4332 1116 4397 recordacionem
1149 4333 1233 4398 facio
1264 4333 1304 4398 de
1334 4335 1494 4398 territorio
1526 4357 1597 4399 meo
1632 4339 1735 4422 posito
1770 4337 1801 4400 in

118 4431 237 4496 Doloio
254 4431 294 4496 do
319 4431 495 4515 Conscaoo,
521 4437 611 4500 iuxta
634 4437 796 4502 territoria
820 4442 921 4502 sancti
947 4437 1088 4518 Domnii,
1114 4462 1176 4526 que
1201 4438 1359 4526 equaliter
1383 4443 1413 4504 in
1438 4440 1569 4527 longum
1587 4442 1627 4506 ad
1645 4441 1800 4508 orientem
1826 4457 1831 4464 “

118 4539 310 4618 respiciunt,
334 4539 503 4604 tendentes
525 4541 566 4605 ad
592 4565 675 4630 nque
699 4543 864 4630 antiquum
890 4545 1093 4625 conductum,
1119 4569 1176 4632 pro
1200 4555 1285 4610 meta
1302 4569 1399 4631 snpra
1422 4546 1508 4633 quod
1533 4557 1583 4613 cst
1605 4547 1692 4614 aliud
1711 4551 1801 4613 terri·

119 4643 240 4706 torium
266 4645 368 4708 suncti
393 4643 534 4728 Domnii,
559 4647 645 4732 quod
670 4651 864 4714 territorium
890 4650 1005 4716 Doleci
1030 4651 1114 4715 dono
1138 4675 1195 4737 pro
1218 4651 1361 4717 remedio
1385 4654 1491 4716 anime
1515 4675 1586 4718 mee
1608 4663 1640 4718 et
1656 4676 1800 4719 meorum

120 4757 294 4833 parentum
318 4753 516 4816 monasterio
540 4756 641 4817 sancti
666 4753 833 4820 Benedicti
858 4757 1108 4844 inperpetuum,
1132 4758 1214 4821 sicut
1237 4757 1333 4822 michi
1358 4763 1563 4824 oomm¹ssum
1588 4759 1691 4825 suita
1721 4761 1802 4826 meis

286 4981 296 5018 ¹
319 4985 376 5041 Iste
396 4987 501 5058 godins
528 4988 621 5050 1133.
645 4991 736 5062 bijaie
760 4989 873 5063 uiinjen
896 4993 973 5065 njeki
997 5009 1103 5065 ugoror
1129 4994 1165 5047 ad
1196 4977 1291 5048 straus
1319 4991 1481 5049 Mletcanah
1504 5013 1518 5049 e
1539 4993 1651 5050 krtlim
1682 4995 1801 5053 knezom

122 5071 266 5142 Dujmom‚
292 5073 379 5143 kojim
401 5090 431 5130 ee
452 5077 524 5146 grad
548 5077 608 5132 Krk
633 5080 703 5133 stari
725 5081 780 5150 pod
801 5081 903 5135 zattitn
939 5081 1092 5150 mletecku,
1124 5100 1136 5134 s
1160 5081 1293 5137 obvezom
1324 5081 1361 5136 da
1392 5082 1425 5138 te
1448 5082 1534 5136 snake
1560 5083 1664 5154 godino
1695 5071 1800 5155 placiti

122 5160 200 5229 njeki
223 5161 319 5216 dnnalr
335 5163 435 5232 poradi
458 5169 526 5235 toga
548 5165 592 5220 ito
615 5183 648 5222 sn
671 5165 806 5223 Mlctcani
829 5169 953 5240 pomogli
977 5167 1119 5225 Krianom
1137 5171 1209 5239 proti
1228 5169 1332 5239 njekim
1349 5187 1489 5240 gusarom.
1506 5169 1551 5225 ΘΙ.
1566 5170 1691 5242 Gicogna
1707 5173 1786 5226 lsori·

121 5248 196 5303 sioni
217 5249 378 5306 Venerione
401 5251 436 5308 T.
461 5251 511 5307 1v.
531 5252 556 5306 ia
578 5253 713 5324 rukopisa
737 5255 878 5325 knjiiniee
898 5275 938 5314 εν.
964 5257 1081 5312 Morka:
1108 5257 1201 5314 Storia
1224 5257 1300 5312 della
1322 5257 1449 5329 famiglia
1472 5258 1662 5330 Frangipane.
