4300 5930
1746 473 1808 544 tat

25 697 26 702 ¹
125 693 232 758 aqno
257 674 288 736 in
313 671 470 738 directum
494 669 689 755 protendens
713 690 771 752 per
794 665 916 752 lapides
940 665 1032 752 plura
1054 666 1180 752 sculpta
1202 676 1277 732 sunt
1296 669 1390 752 signa
1413 690 1434 732 a
1455 675 1546 754 parte
1561 665 1733 754 aquilonis,
1751 668 1808 734 ubi

25 781 26 790 ’
128 779 228 843 arbor
253 789 302 842 est
325 777 476 856 maxima,
501 778 533 840 in
557 797 622 862 qna
644 774 729 838 idem
755 775 882 856 signum
906 773 1097 856 impressum
1122 783 1265 858 apparet,
1288 795 1308 836 a
1331 794 1395 858 qua
1425 771 1541 838 arbore
1569 772 1730 862 vyenieudo
1762 774 1804 839 ad

25 863 27 896 ³
127 883 296 948 meridiem
321 903 422 968 nsque
446 879 487 944 ad
510 878 627 959 lucum,
649 880 740 942 iuxta
763 900 857 963 quem
883 879 1034 942 discurrit
1050 900 1134 963 aqua
1152 877 1271 964 yemali
1288 887 1442 965 tempore,
1460 878 1583 942 atinde
1601 879 1806 966 procedendo

128 988 171 1052 ad
195 988 295 1052 alium
321 999 461 1073 puteum,
486 995 517 1050 et
538 984 579 1049 ab
604 983 658 1049 illo
683 993 778 1072 puteo
800 982 905 1074 eundo
929 983 969 1048 ad
993 984 1173 1070 predictum
1198 983 1329 1048 fontem.
1354 982 1500 1048 Scientes
1525 983 1612 1049 illam
1645 983 1804 1067 siluulam,

127 1115 192 1179 que
216 1102 266 1157 est
289 1113 387 1177 supra
410 1090 544 1155 eandem
564 1099 702 1162 vcurtem,
725 1097 880 1174 quantum
905 1090 975 1174 ipsa
998 1092 1148 1168 continet,
1174 1089 1281 1154 datam
1306 1111 1377 1155 esse
1400 1092 1432 1154 in
1455 1092 1592 1177 pascuis
1622 1091 1726 1156 eidem
1746 1113 1809 1156 mo·

25 1217 27 1228 ¹
130 1199 283 1278 nasterio,
307 1197 349 1261 ad
374 1196 543 1262 utilitatem
566 1194 704 1270 illorum,
727 1195 781 1281 qui
808 1197 839 1258 in
864 1217 902 1260 ea
925 1205 1014 1260 curte
1038 1206 1132 1258 erunt
1156 1194 1330 1276 hominnm,
1357 1195 1426 1258 siue
1451 1194 1619 1281 pecodum.
1646 1191 1709 1260 Die
1732 1219 1810 1261 vero

126 1303 193 1386 illo,
216 1325 282 1388 quo
301 1325 361 1388 ego
384 1301 580 1368 Dedomirus
604 1299 778 1386 pristoldus
803 1299 1032 1364 circumcundo
1056 1311 1178 1366 curtem
1203 1301 1359 1387 prefatam
1384 1301 1515 1366 tradens
1550 1301 1638 1366 illam
1670 1303 1702 1366 in
1739 1303 1809 1368 iure

131 1417 163 1472 et
188 1409 394 1494 possessione
419 1407 604 1472 monasterii
624 1407 711 1470 beati
735 1404 920 1492 Grisogoui‚
945 1406 1039 1470 datus
1063 1417 1112 1470 est
1135 1409 1211 1470 mihi
1236 1406 1415 1472 infrenatus
1447 1415 1479 1472 et
1505 1406 1672 1472 insellatus
1705 1405 1808 1472 bonus

132 1536 240 1600 equus
263 1508 382 1577 ibidem
407 1535 426 1575 a
450 1512 588 1577 Petrana
610 1512 676 1577 filio
701 1509 835 1604 Oneille
850 1533 906 1597 pro
930 1513 1000 1598 ipso
1026 1513 1229 1590 monasterio,
1254 1514 1309 1598 qui
1334 1535 1406 1577 cum
1431 1510 1548 1578 abbate
1572 1521 1748 1590 memorato
1765 1513 1806 1578 ad

127 1619 252 1685 benum
278 1641 335 1704 pro
358 1618 419 1682 hac
441 1621 565 1682 ratione
577 1615 753 1682 aduocatus
770 1627 912 1697 venerat,
932 1617 1021 1682 velut
1035 1619 1202 1704 antiquius
1219 1615 1449 1702 pristaldorum
1466 1620 1569 1702 exigit
1586 1616 1704 1705 (ordo).
1721 1617 1808 1683 Huic

130 1747 264 1812 quoqne
288 1745 385 1788 cause
408 1723 621 1790 interfuerunt
643 1723 686 1787 hii
713 1721 855 1788 nobiles:
881 1720 1038 1787 Votcarra
1062 1723 1169 1802 iudex,
1192 1723 1399 1787 Prestaucius
1423 1732 1455 1788 et
1488 1723 1711 1802 Trunaannus,
1746 1721 1803 1788 filii

131 1829 315 1910 Michaelis,
340 1830 457 1908 Panae,
482 1829 635 1904 Diminia,
659 1827 743 1894 filius
767 1828 877 1906 Madii,
908 1827 1074 1894 Boleseius
1104 1825 1277 1906 Bonoaldi,
1314 1827 1427 1892 Petrus
1460 1827 1590 1912 Petrini,
1627 1827 1811 1916 Stephanus

25 1941 27 1944 ’
132 1935 248 2022 Josep,
272 1934 501 2018 Maldenarius,
524 1934 610 1998 filins
635 1933 806 1998 Laureneii
830 1932 999 2016 Briacelle,
1023 1933 1148 2012 Petrus,
1172 1931 1256 2000 filius
1281 1931 1435 2020 Stephani
1460 1931 1631 2016 Gamascii,
1665 1933 1811 1998 Jacobus

131 2041 266 2106 Andros
290 2040 331 2105 de
353 2039 460 2122 Licca,
485 2039 632 2104 Gaudius
656 2039 769 2120 Nosse,
793 2037 994 2124 Grisogonus
1012 2039 1199 2118 Prostancii,
1217 2039 1356 2126 Scioppe
1373 2038 1457 2104 filius
1474 2037 1616 2123 Georgii,
1634 2038 1810 2104 Andriolus

131 2157 287 2226 murator,
307 2145 456 2210 Radonia
478 2143 644 2227 Vironich,
668 2144 820 2224 Tolimir,
840 2143 924 2208 filius
948 2143 1102 2230 Stephani
1126 2143 1236 2209 Subioi
1261 2152 1292 2207 et
1318 2143 1437 2208 Murun
1461 2142 1718 2225 Scemesecuieh,
1735 2155 1810 2208 ante

25 2337 27 2342 ι
130 2273 214 2338 qnos
239 2273 300 2336 ego
320 2260 353 2316 ct
376 2251 539 2337 predictus
562 2251 670 2317 Lucas
695 2249 922 2331 subdiaconus,
945 2251 1000 2336 qui
1024 2272 1087 2313 una
1120 2271 1245 2313 mecum
1278 2249 1454 2335 pristoldus
1488 2249 1557 2332 fuit,
1580 2251 1810 2314 monasterium

25 2369 27 2446 ss
129 2359 235 2422 sancti
261 2355 438 2442 Grisogoni
462 2355 649 2438 locauimus,
674 2364 707 2420 et
729 2377 789 2440 ego
813 2353 962 2419 Mothous
986 2365 1097 2418 sancte
1127 2353 1300 2420 Anastasio
1331 2354 1549 2420 subdiaconus
1581 2365 1613 2418 et
1639 2356 1806 2442 jadrensis

25 2447 27 2456 ἢ
128 2464 287 2544 notarius,
309 2485 330 2527 a
353 2461 509 2548 predictis
533 2461 697 2548 pristoldis
720 2471 860 2546 rogatus,
885 2471 921 2525 ut
942 2459 1051 2525 audiui
1076 2461 1200 2546 scripsi,
1224 2461 1386 2538 roboraui,
1402 2471 1434 2526 ct
1449 2459 1542 2526 solito
1556 2461 1649 2546 signo
1668 2461 1807 2546 signaui.

201 2651 210 2662 '
280 2661 387 2718 Matina
408 2679 445 2717 na
469 2661 541 2720 loti.
566 2660 678 2718 Gerena
700 2661 764 2717 sril.
789 2677 875 2731 vrpca
896 2660 947 2716 bez
970 2658 1031 2731 ped.
1055 2659 1195 2732 Ugnber.
1218 2660 1279 2715 aad.
1296 2659 1357 2718 art.
1381 2659 1465 2732 (laps.
1490 2658 1514 2717 1.
1539 2658 1633 2716 Masso
1655 2659 1691 2714 K.
1716 2677 1760 2718 nr.
1777 2659 1808 2720 4.

480 2952 717 3036 CLXXIII.
744 2943 854 3036 11‘83.
881 2954 959 3053 mJ.
983 2951 1210 3053 listopada.
1239 2951 1276 3034 U
1305 2951 1460 3034 Zadru.

372 3103 376 3114 1

97 3105 104 3117 “
130 3133 259 3192 Prodna
287 3131 419 3193 Gudideo
441 3135 453 3192 i
475 3133 549 3194 dam
571 3151 621 3192 mu
643 3132 744 3201 Sicco,
768 3133 931 3206 ostovtiuju
955 3132 1115 3205 operatam
1138 3149 1192 3191 auo
1213 3132 1298 3204 aooja
1320 3133 1456 3207 aspidica
1477 3132 1602 3206 imantia,
1632 3134 1807 3193 samoataaa

794 3237 975 3311 sufflante
996 3255 1017 3297 a
1039 3237 1152 3298 Zodru.

288 3427 326 3492 In
350 3428 479 3492 nomine
503 3430 603 3490 eterni
629 3427 690 3491 dei.
710 3425 824 3490 Amen.
850 3425 945 3490 Anno
965 3427 1131 3491 incarnato
1154 3425 1258 3491 Jhesu
1281 3424 1411 3510 Christi,
1436 3425 1566 3492 domino
1595 3435 1715 3508 nostro,
1736 3425 1805 3491 mil-.

128 3529 244 3597 leeimo
270 3535 445 3598 centesimo
463 3533 658 3618 octogesimo
675 3533 783 3612 tercio,
801 3534 833 3595 in
851 3554 960 3596 mense
977 3531 1126 3613 octobris,
1144 3530 1319 3595 indictione
1335 3531 1477 3598 secunda
1493 3531 1557 3618 (I),
1574 3531 1703 3598 Jadere.
1721 3532 1805 3616 Reg-

132 3647 231 3702 nante
256 3637 387 3704 domino
410 3647 520 3702 nostro
544 3635 633 3717 Bela,
658 3636 708 3701 dei
734 3640 837 3722 gratia
862 3638 1067 3702 serenissimo
1084 3659 1159 3721 rege
1176 3635 1355 3721 Hungarie,
1372 3636 1544 3719 Dalmatio,
1563 3636 1693 3704 (lt-catio
1710 3646 1808 3722 atque

25 3751 27 3800 Γ
131 3739 279 3826 Ramme,
304 3753 337 3808 et
359 3745 392 3811 iu
416 3745 546 3808 ciuitate
569 3742 727 3807 iadertina
749 3741 931 3826 presidente
954 3741 1114 3806 Damiano
1139 3742 1273 3806 Desinic
1294 3743 1419 3808 comite.
1450 3741 1533 3808 Cum
1555 3765 1615 3829 ego
1640 3742 1808 3808 Prodanus

25 3833 27 3908 l
130 3845 172 3912 de
196 3846 326 3912 Gudizo
361 3847 651 3913 animaduerterem
676 3847 824 3932 fragilem
845 3857 877 3913 et
898 3847 1037 3913 debilem
1062 3847 1269 3912 humanitatis
1292 3851 1326 3913 in
1355 3849 1416 3912 boc
1451 3847 1560 3913 seculo
1596 3847 1725 3929 statum,
1762 3848 1807 3910 iu·

131 3963 227 4018 tuens
251 3951 331 4018 illud
356 3953 591 4039 euangelicum,
616 3963 718 4018 estote
743 3956 855 4040 parati,
880 3955 1106 4039 quianescitis
1129 3953 1214 4016 diem
1244 3975 1348 4040 neque
1383 3953 1506 4037 boram,
1541 3977 1616 4018 nam
1648 3952 1718 4018 dies
1753 3951 1809 4016 do·

132 4058 214 4122 mini
236 4060 320 4123 sicut
343 4059 396 4124 fur
418 4061 450 4122 iu
475 4069 568 4124 nocte
592 4061 637 4122 ita
660 4061 777 4141 veniet,
799 4062 915 4123 timens
940 4059 980 4122 da
1005 4058 1161 4144 supplicio
1184 4060 1290 4124 anime
1315 4082 1395 4142 mee,
1420 4069 1452 4124 et
1473 4082 1513 4124 ne
1537 4060 1645 4124 omnia
1668 4080 1740 4123 mea
1762 4059 1810 4122 in·

25 4211 27 4222 ,
130 4163 282 4229 ordinata
305 4173 471 4228 manerent
496 4173 567 4250 post
596 4163 765 4229 decessum
800 4187 915 4246 meum,
947 4167 1089 4248 cogitare
1120 4166 1200 4248 cepi,
1226 4165 1388 4251 quomodo
1423 4175 1628 4252 peccatorum
1663 4187 1808 4230 meorum

25 4287 26 4290 ’
132 4269 369 4354 indulgentiam
394 4268 436 4334 ab
456 4272 675 4356 omnipotente
700 4269 830 4335 domino
855 4272 1008 4356 consequi
1033 4291 1170 4354 possem,
1196 4291 1259 4334 non
1293 4272 1374 4335 meis
1410 4273 1544 4336 meritis.
1582 4270 1720 4355 Spiritus
1754 4268 1809 4334 ille

25 4365 27 4392 ³
129 4374 278 4441 cordium
302 4373 480 4440 illustrator
502 4383 641 4440 mentem
665 4398 771 4440 meam
791 4398 848 4440 sue
871 4375 1026 4439 claritatis
1049 4375 1171 4438 lumine
1195 4375 1373 4456 vinificans,
1392 4375 1483 4442 cordi
1500 4397 1570 4441 mco
1586 4375 1716 4440 salubre
1732 4397 1806 4440 con·

129 4479 240 4546 silium
263 4481 406 4545 inseruit
431 4481 524 4544 Tunc
546 4479 587 4545 ad
611 4503 745 4545 uxorem
771 4504 874 4546 meam
897 4480 1027 4546 Slauam
1051 4503 1238 4560 conuersus,
1274 4480 1362 4546 illam
1393 4481 1513 4548 talibus
1544 4481 1654 4548 verbis
1686 4481 1808 4568 alloqui

131 4586 262 4652 studui:
286 4585 373 4650 Ecce
396 4587 473 4672 quia
496 4596 569 4672 post
593 4587 714 4650 obitum
741 4596 884 4651 nostrum
909 4584 1181 4650 nullahercditas
1204 4585 1297 4649 bonis
1322 4591 1439 4652 nostris
1463 4598 1513 4652 est
1544 4609 1744 4668 successura,
1777 4595 1809 4652 et

25 4743 27 4772 3
129 4693 287 4778 quoniam
310 4691 439 4756 fortuna
462 4689 555 4754 nohis
579 4693 611 4754 in
636 4689 786 4756 habenda
810 4691 900 4777 prole
924 4693 1084 4757 contraria
1115 4693 1231 4772 extitit,
1268 4682 1425 4776 eligamus
1457 4693 1550 4758 nobis
1585 4695 1672 4758 viam
1707 4692 1806 4774 illam,

130 4821 190 4886 per
213 4819 310 4884 quam
329 4797 370 4861 ad
394 4807 503 4861 eterne
525 4791 688 4862 felicitatis
709 4798 828 4882 gaudia
863 4799 983 4862 intrare
1016 4809 1047 4861 et
1082 4795 1271 4864 delictorum
1308 4807 1489 4862 nostrorum
1523 4801 1652 4862 veniam
1688 4797 1808 4864 habere

25 4909 27 4990 ᾗ
130 4905 306 4991 possimus.
329 4901 480 4967 Predicta
503 4901 660 4988 siquidem
687 4923 788 4966 uxore
814 4925 885 4966 mea
907 4925 1073 4966 assensum
1099 4903 1177 4966 mihi
1211 4903 1375 4986 prebente,
1405 4902 1490 4989 quod
1525 4905 1558 4968 iu
1592 4905 1699 4968 animo
1735 4925 1806 4968 meo

25 4997 29 5128 lp
132 5009 191 5074 diu
213 5006 428 5091 reuolueram,
453 5007 569 5095 palam,
594 5008 711 5094 quibus
736 5009 835 5095 potui,
855 5007 1060 5073 denunciant.
1084 5007 1231 5073 Tradens
1255 5010 1394 5073 animam
1427 5018 1459 5073 et
1487 5031 1603 5095 corpus
1635 5033 1741 5074 meum
1776 5011 1808 5074 in

129 5135 247 5180 manus
271 5111 401 5180 domine
423 5113 553 5180 Rosane
575 5113 818 5199 religiosissime
842 5121 873 5179 et
896 5113 956 5180 deo
981 5115 1084 5179 dicate
1100 5113 1265 5179 abbatisse
1282 5113 1417 5179 ecclesie
1433 5124 1543 5180 sancte
1561 5113 1664 5180 Maris
1680 5137 1808 5200 semper

129 5221 279 5308 vlrglnis,
304 5219 440 5285 cenobio
463 5219 616 5285 videlicet
639 5219 877 5302 monacharum,
901 5219 961 5286 deo
986 5219 1101 5285 deuote
1125 5219 1357 5303 famulantium,
1381 5220 1467 5307 quod
1491 5229 1523 5285 et
1545 5223 1610 5284 iam
1626 5220 1713 5284 dicta
1729 5242 1804 5284 con·
1870 5305 1873 5312 ι

128 5329 190 5394 iux
212 5349 286 5394 mea
306 5347 366 5392 sua
388 5335 502 5416 sponte
526 5326 612 5391 fecit.¹
629 5325 690 5391 His
707 5327 816 5413 itaque
834 5335 959 5412 promta
976 5325 1140 5392 voluntate
1167 5329 1314 5411 peractis,
1334 5325 1499 5391 dominum
1516 5325 1682 5392 'Andream
1703 5324 1807 5392 arch'i·

1485 5449 1486 5457 ’
1601 5433 1622 5502 9
