4300 5930
330 382 390 450 108

328 581 413 646 tione
435 583 573 666 illorum,
596 587 650 671 qui
674 583 796 650 litteras
819 595 1035 673 portauerant,
1061 595 1091 650 te
1115 587 1198 674 apud
1221 587 1354 652 Fossam
1380 607 1495 652 nouam
1521 587 1665 653 dolenter
1688 589 1871 653 audiuimus
1907 588 1997 652 infir·

329 688 427 769 mari;
452 692 688 776 compacientes
710 701 816 756 autem
840 692 1027 770 infirmitati,
1041 713 1169 758 oramus
1185 709 1219 758 ut
1234 693 1345 758 fortior
1362 693 1565 778 pergratiam
1582 695 1808 779 omnipotentis
1825 714 1990 776 resurgas,

330 801 362 856 et
384 793 561 880 apostolum
586 797 737 878 imitatus,
761 796 908 882 glorieris
931 800 964 862 in
987 797 1227 863 infirmitatibus
1250 802 1322 874 tuis,
1346 810 1381 864 ut
1412 797 1569 864 inhabitet
1603 802 1634 864 ln
1668 810 1698 864 te
1734 801 1835 864 virtus
1858 797 1994 864 Christi.

326 897 379 962 Ex
402 901 543 986 ipsarum
567 924 694 990 qnoque
717 901 893 969 litterarum
917 913 1027 969 tenore
1051 903 1144 968 nobis
1168 906 1314 989 innotuit,
1337 901 1423 992 quod
1447 905 1551 970 clerus
1572 915 1605 970 et
1620 904 1755 992 populus
1771 906 1912 970 ciuitatis
1928 913 1997 984 tue,

330 1001 405 1070 licet
427 1015 459 1070 te
482 1005 657 1073 honorifice
681 1020 863 1096 susceptum
885 1009 999 1074 deuote
1022 1033 1060 1074 ac
1082 1019 1268 1074 reuerenter
1294 1010 1467 1092 audissent,
1500 1019 1611 1096 postea
1626 1032 1703 1074 vero
1720 1010 1759 1075 de
1778 1009 1997 1096 promittenda

331 1109 506 1176 venerabili
529 1112 620 1178 fratri
644 1123 752 1180 nostro
775 1114 923 1200 gradensi
949 1113 1128 1200 patriarche
1160 1113 1350 1198 obedientia,
1379 1114 1541 1181 intellecto
1576 1114 1704 1197 turbati,
1740 1124 1772 1179 et
1806 1116 1882 1180 moti
1918 1123 1998 1179 sunt

326 1215 409 1280 ultra
432 1218 571 1284 modum.
596 1219 752 1285 Miramur
774 1205 880 1286 auteni
903 1219 1087 1308 plurimum,
1103 1220 1188 1306 quod
1205 1222 1286 1285 sicut
1302 1232 1333 1285 te
1349 1219 1550 1306 significante
1566 1221 1758 1306 accepimus,
1771 1219 1996 1305 adquiescant,

326 1331 489 1388 uteorum
515 1324 776 1411 archiepiscopus
800 1350 819 1390 a
842 1325 966 1412 prefato
989 1325 1171 1412 patriarcha
1194 1327 1466 1391 consecrationem
1491 1327 1634 1411 recipiat,
1658 1334 1690 1388 et
1713 1323 1753 1387 ad
1785 1327 1887 1410 ipsius
1918 1347 1996 1388 con·

324 1426 432 1492 cilium
457 1439 590 1494 vocatus
614 1430 755 1514 accedat,
780 1431 1053 1496 confirmationem
1079 1441 1183 1496 autem
1207 1429 1372 1496 electionis
1403 1427 1628 1516 epatriaroha
1658 1429 1727 1494 lieri
1760 1429 1810 1493 rel
1842 1428 1883 1493 ad
1915 1450 1993 1493 eum

324 1533 482 1620 appellari
506 1535 689 1601 firmissime
713 1537 944 1602 contradicunt.
974 1538 1057 1603 Sane
1082 1539 1183 1602 maius
1207 1536 1328 1624 aliquid
1351 1547 1400 1602 est
1422 1538 1630 1617 consecratio,
1662 1557 1758 1622 quarn
1789 1535 1994 1600 confirmatio

325 1639 501 1724 electionis,
526 1643 609 1707 sicut
629 1643 795 1708 euidenter
818 1653 960 1730 apparet.
984 1642 1175 1708 Consecrari
1198 1643 1328 1729 quidem
1353 1665 1414 1706 non
1450 1651 1555 1728 potest
1583 1643 1664 1729 quis,
1697 1643 1759 1706 nisi
1790 1640 1832 1705 ab
1865 1663 1903 1704 eu
1936 1641 1993 1726 qui

325 1743 557 1832 plenitudinem
581 1743 679 1812 habet
703 1747 893 1833 pontificalis
917 1747 1026 1812 officii.
1051 1745 1240 1813 Confirmari
1264 1759 1369 1813 autem
1394 1749 1508 1812 electio
1531 1746 1666 1812 alicuius
1690 1747 1731 1810 ab
1756 1746 1857 1810 electo
1874 1757 1994 1810 metro·

327 1849 479 1939 politam,
505 1851 715 1940 velprimate
738 1864 852 1939 potest,
876 1856 1045 1918 autetiam
1069 1877 1089 1916 a
1111 1853 1250 1938 capitulo
1273 1855 1301 1918 si
1332 1853 1468 1919 ecclesia
1499 1864 1600 1921 vacat.
1631 1851 1874 1939 Appellationes
1911 1873 1992 1915 rero

325 1980 345 2021 a
368 1957 612 2045 metropolitano
635 1957 675 2023 ad
698 1960 878 2045 primatem¹
892 1958 970 2040 fieri,
994 1960 1183 2023 canonicum
1208 1967 1266 2038 est,
1289 1959 1375 2024 etin
1399 1957 1549 2043 gradensi
1573 1967 1605 2023 et
1626 1955 1951 2038 iadcrtinaecclesiis,
1970 1980 1989 2018 a

328 2071 471 2149 tempore
495 2063 598 2129 felicis
619 2066 772 2128 memorie
795 2064 1033 2150 predecessoris
1055 2063 1157 2128 nostri
1178 2087 1260 2152 pape
1275 2063 1420 2147 Adriani,
1437 2063 1591 2129 hactenus
1608 2063 1824 2129 obseruatum.
1838 2059 1993 2127 Ceterum

219 2155 224 2166 ’
327 2167 469 2234 Venetia
491 2170 522 2233 in
547 2169 668 2234 unitate
692 2166 849 2234 catholica
878 2167 1084 2235 laudabiliter
1107 2173 1203 2254 stetit,
1227 2180 1259 2236 et
1278 2169 1338 2235 fuit
1360 2171 1475 2235 ciuitas
1505 2169 1621 2256 refugii
1656 2169 1817 2256 episcopis
1852 2177 1885 2232 et
1918 2165 1993 2232 aliis

300 2277 304 2292 '
327 2274 534 2340 ecclesiarum
558 2275 699 2362 prelatis,
723 2278 777 2364 qui
801 2276 841 2341 de
862 2275 1069 2358 Lumbardia,
1093 2275 1221 2357 Tuscia,
1248 2283 1280 2338 et
1302 2272 1447 2350 Marchia
1470 2297 1490 2337 a
1512 2273 1644 2340 sedibus
1668 2275 1820 2360 propiciis
1849 2271 1992 2336 instante

326 2379 499 2446 schismate
521 2380 599 2446 illuc
615 2381 774 2447 diuertore
791 2381 969 2460 voluerunt,
986 2383 1017 2445 in
1034 2381 1260 2445 reformatione
1277 2401 1404 2467 quoque
1421 2379 1557 2444 ecclesie
1573 2382 1709 2466 imperii,
1726 2378 1864 2466 qualiter
1880 2377 1993 2443 sedern

327 2485 536 2572 apostolicam
560 2487 742 2553 adiuuerint
766 2496 798 2551 et
827 2485 1067 2569 honorarerint,
1097 2484 1138 2552 ad
1173 2495 1259 2552 tuam
1294 2487 1455 2551 credimus
1488 2487 1634 2552 notitiam
1670 2486 1867 2572 peruenisse.
1907 2481 1995 2562 Quia

325 2593 424 2676 igitur
445 2591 652 2657 sollicitudini
676 2602 729 2658 tue
753 2601 860 2657 ruanet
883 2591 1045 2658 subiectos
1067 2617 1087 2656 a
1111 2593 1349 2680 presumptione
1373 2615 1430 2656 sua
1453 2614 1667 2679 compescere,
1692 2613 1764 2656 cum
1787 2613 1852 2654 non
1874 2589 1992 2655 debea-

325 2719 397 2786 m‘us
418 2701 508 2785 sequi
532 2695 693 2784 populum,
718 2707 768 2764 set
786 2699 911 2781 docere,
935 2721 994 2762 nec
1018 2699 1074 2763 tibi
1100 2696 1267 2762 molestum
1290 2697 1393 2762 videri
1415 2697 1511 2763 debet
1534 2697 1666 2764 obedire
1689 2703 1751 2763 iam
1776 2696 1862 2761 dicto
1895 2695 1992 2782 putri·

325 2803 432 2888 arche,
457 2803 545 2870 velut
568 2807 704 2891 primati,
729 2829 800 2870 cum
826 2806 978 2890 scriptum
1003 2806 1052 2885 sit,
1077 2805 1132 2890 qui
1156 2827 1190 2868 se
1213 2807 1274 2868 scit
1303 2802 1374 2870 aliis
1409 2827 1481 2868 esse
1514 2803 1721 2890 prepositum,
1758 2825 1821 2867 non
1857 2800 1992 2866 moleste

326 2909 407 2974 ferat
429 2909 568 2997 aliquem
593 2909 654 2974 sibi
678 2909 847 2996 prelatum,
872 2919 922 2975 set
944 2909 1169 2992 obedientiam,
1193 2931 1289 2997 quern
1314 2910 1425 2996 exigit,
1451 2911 1519 2996 ipse
1539 2910 1709 2996 dependat.
1741 2907 1992 2973 Fraternitatern

324 3023 412 3080 tuam
437 3039 494 3102 per
517 3015 693 3102 apostolica
717 3019 836 3103 scripta
859 3039 1034 3099 monemus,
1059 3015 1248 3081 mandamus
1270 3024 1367 3103 atque
1392 3015 1594 3102 precipimus,
1618 3025 1775 3102 quatenns
1808 3012 1892 3077 infra
1926 3021 1992 3076 tres

328 3144 454 3186 menses
479 3131 645 3208 postquam
670 3123 859 3187 iadertinam
883 3123 1002 3202 inieris,
1027 3145 1165 3208 pergens
1189 3121 1350 3204 Venetiae,
1375 3121 1478 3186 eidem
1505 3119 1683 3208 patriarche
1700 3119 1928 3197 obedientiam,
1960 3129 1993 3182 et

325 3229 539 3292 reuerentiam
563 3230 691 3315 primati
715 3227 865 3309 debitam,
890 3229 1065 3309 occasione,
1090 3237 1123 3292 et
1145 3229 1353 3292 excusatione
1376 3237 1532 3306 cessante,
1558 3228 1743 3313 promittas,
1759 3235 1791 3290 et
1811 3223 1992 3311 impendas,

264 3359 266 3366 ·
324 3343 355 3396 et
378 3332 508 3415 clerum,
533 3343 564 3396 et
588 3334 739 3421 populum
764 3343 852 3399 tuum
875 3335 915 3398 ad
940 3333 1034 3414 idern,
1059 3335 1141 3398 sicut
1164 3342 1194 3398 te
1217 3332 1320 3415 decet,
1345 3331 1488 3411 inducas,
1511 3333 1557 3396 ita
1587 3331 1671 3418 quod
1707 3334 1779 3418 ipse
1807 3328 1993 3418 patriarcha

325 3441 475 3506 continue
500 3443 664 3504 materiam
689 3439 906 3527 conquerendi
931 3463 992 3503 non
1017 3438 1143 3522 habeat,
1165 3461 1225 3503 neo
1248 3439 1330 3503 inter
1359 3437 1498 3502 Venetos
1530 3447 1562 3502 et
1590 3436 1770 3502 Jadrsnsee
1804 3436 1915 3519 grauis
1949 3456 1994 3499 ex
2115 3445 2116 3452 ’

326 3542 396 3626 hoc,
421 3555 453 3609 et
476 3545 656 3631 periculosa
679 3545 841 3610 discordia
863 3549 992 3610 oriatur.
1016 3543 1169 3630 Alioquin
1195 3567 1286 3614 usum
1307 3543 1366 3609 tibi
1390 3543 1477 3631 pallii
1501 3543 1732 3624 interdicimus,
1756 3553 1788 3606 et
1819 3553 1851 3606 te
1882 3562 1993 3604 conse·
2115 3577 2116 3580 =

325 3649 434 3722 orandi
459 3651 679 3736 suffraganeos
703 3661 783 3731 tuos,
809 3663 840 3716 et
863 3650 1016 3716 ecclesias
1039 3649 1210 3716 dedicandi
1241 3651 1429 3716 auctoritate
1460 3651 1635 3736 priuamus.
1667 3651 1782 3714 Datum
1813 3647 1989 3734 Anagnoni

324 3766 438 3822 octauo
462 3757 613 3822 calendas
636 3757 826 3822 decembris.

471 3943 500 4012 la
523 3957 676 4029 rulopisa:
699 3956 785 4012 Liber
810 3957 956 4012 Paetorum
980 3958 1014 4010 Τ.
1038 3957 1059 4010 l.
1083 3957 1182 4012 charta
1201 3951 1252 4013 40.
1270 3973 1286 4010 u
1303 3955 1469 4012 mletsdlrom
1485 3955 1602 4025 arkiru;
1627 3955 1635 4008 i
1652 3955 1686 4010 T.
1704 3954 1728 4010 1.
1747 3953 1782 4009 N.
1800 3953 1851 4007 62.
1868 3970 1886 4007 u
1904 3970 1927 4006 c.
1945 3953 1988 4010 kr.

324 4045 473 4099 dvorslrom
497 4046 595 4100 srklru
619 4063 637 4100 u
660 4043 746 4104 Bedu.
770 4045 879 4099 Farlati
909 4045 945 4104 Τ.
982 4045 1016 4102 V.
1051 4053 1101 4104 str.
1138 4043 1187 4100 63.
1217 4045 1310 4100 insede
1343 4043 1368 4098 ia
1403 4043 1573 4098 Dandulore
1607 4041 1726 4096 kronilre
1760 4057 1838 4096 samo
1875 4040 1990 4094 ulomalr

324 4149 415 4205 eroga
438 4133 537 4204 pune.

864 4423 1066 4512 CXLVII.
1094 4427 1199 4508 1178.
1226 4425 1292 4508 Na
1318 4423 1452 4508 Rabu.

324 4607 389 4668 Sud
410 4610 511 4668 rotati
528 4591 676 4682 pritanis,
699 4609 740 4668 da
757 4624 828 4686 pop,
852 4608 907 4666 ato
924 4608 958 4680 je
978 4607 1068 4682 plova
1090 4607 1216 4682 aadrapt
1234 4607 1312 4679 sooje
1334 4606 1452 4680 obitelr'i,
1475 4607 1536 4664 ima
1559 4606 1614 4664 titt
1641 4603 1724 4679 pleds
1750 4603 1949 4676 aprnoly'nnjn
1980 4604 1992 4658 t

741 4731 875 4790 redonat
898 4731 1064 4806 odyoooran
1087 4749 1186 4791 evomo
1209 4731 1345 4804 oetaeo,
1368 4749 1388 4790 a
1410 4746 1447 4789 ne
1469 4731 1573 4790 tuero.

482 4921 576 4984 Anno
599 4919 718 4984 domini
743 4917 1015 5006 MOLXXVIIU)
1039 4919 1212 5002 indictione
1242 4917 1301 4982 Xl.
1336 4917 1495 5002 Tempore
1527 4919 1635 5003 itaque
1668 4915 1850 4984 Sebastiani
1886 4914 1992 4994 ducis,

326 5051 364 5092 ac
388 5027 518 5092 Andree
542 5026 693 5113 episcopi,
720 5029 752 5091 et
782 5025 906 5090 Nicolai
936 5027 1073 5105 comitis,
1107 5023 1261 5111 Stephani
1294 5045 1332 5088 ao
1367 5021 1533 5088 Michaelis
1568 5023 1719 5086 ind'oum.
1756 5021 1823 5084 Nos
1860 5021 1994 5106 quidem

326 5132 472 5198 arbensis
504 5133 611 5198 clerus
642 5131 725 5196 hanc
760 5134 941 5198 testamenti
975 5130 1130 5195 cartulam
1167 5131 1235 5194 lieri
1268 5129 1403 5194 facimus
1437 5130 1572 5214 posteris
1606 5140 1761 5213 perpetuo
1796 5124 1996 5190 habendam.

332 5239 434 5326 lgitur
458 5261 529 5304 curn
555 5238 698 5324 prefatus
722 5239 891 5325 epiecopus
915 5261 953 5303 ac
976 5259 1083 5301 comes
1111 5247 1141 5299 et
1164 5236 1295 5318 indices,
1320 5257 1383 5299 una
1405 5233 1536 5298 insimul
1559 5255 1631 5298 cum
1654 5233 1725 5297 aliis
1749 5231 1914 5298 nobilibus
1939 5231 1999 5296 hn-
