4292 5926
1800 391 1841 458 21

156 605 229 668 qne,
245 591 399 668 perpetue
424 589 566 646 vestram
591 580 867 663 consuetudinem,
891 591 924 646 et
947 589 1063 645 statum
1088 591 1242 664 veebum,
1266 591 1299 646 et
1321 581 1503 647 libertatem
1528 555 1613 648 terre
1638 591 1757 666 vestre,
1782 606 1837 668 po-

156 695 382 774 testatemque,
409 696 504 773 prout
526 689 704 774 antiquitas
725 688 832 752 dicitis
856 685 1008 751 habuisse
1031 685 1092 751 sub
1115 689 1308 772 imperatore
1331 687 1694 772 constantinopolitano,
1719 697 1751 751 et
1775 688 1836 752 sub

157 815 237 878 rege
261 792 477 878 Vagarcrum,
500 793 662 880 presulem
688 791 780 858 vobis
810 791 950 877 eligendi
973 813 1013 856 ac
1044 794 1204 874 comitem,
1236 793 1479 858 confirmatione
1510 795 1637 860 comitis
1668 805 1836 859 reseruata

163 907 272 963 nostre
295 901 391 964 carie.
425 898 563 985 Insuper
593 898 700 964 taliter
723 920 781 964 vos
808 920 922 983 regere
945 907 977 962 et
1000 907 1216 976 manutenere,
1251 899 1345 962 sicuti
1379 920 1475 963 unam
1508 920 1552 962 ex
1582 897 1724 964 Venecie
1753 897 1841 964 boris

156 1003 278 1069 Riualti
298 1015 330 1070 et
353 1006 436 1070 sicut
459 1004 553 1070 robis
576 1003 773 1070 Dalmaticis
797 1003 995 1070 Colomanus
1011 1025 1070 1068 rex
1082 1003 1250 1089 Hungaris
1267 1005 1386 1068 iurauit
1401 1004 1468 1067 suis
1485 1025 1561 1068 curn
1576 1003 1843 1089 archiepiscopis,

156 1111 330 1196 episcopis,
354 1119 385 1176 ct
407 1111 590 1192 comitibus,
614 1119 650 1177 ut
670 1113 703 1176 in
727 1111 889 1177 breuiaric
913 1109 967 1174 ilio
984 1109 1174 1175 continetur.
1199 1109 1319 1174 Actum
1344 1113 1393 1174 est
1410 1105 1472 1174 hac
1489 1111 1522 1173 in
1538 1108 1686 1174 arbensis
1703 1109 1839 1175 ecclesie

154 1217 250 1298 atrio,
272 1216 307 1280 in
329 1225 474 1303 tempore
497 1215 633 1304 predicti
658 1216 794 1303 presulis
819 1225 851 1282 ct
873 1217 1008 1292 comitis,
1031 1215 1098 1279 vitu
1122 1213 1226 1280 felice.

200 1459 205 1464 '
307 1449 334 1506 U
357 1448 525 1506 mletadkom
541 1451 641 1506 arhiru
659 1450 713 1507 Dei
729 1450 820 1510 Frari.
839 1450 901 1507 Lib.
917 1449 1070 1509 Paetorum
1086 1421 1107 1506 1ss
1124 1455 1171 1504 stt.
1191 1449 1264 1506 150.
1282 1451 1311 1506 6.
1325 1449 1352 1506 U
1364 1467 1388 1504 c.
1401 1447 1429 1504 h.
1443 1449 1595 1505 drorskom
1608 1449 1708 1504 arhirn
1722 1467 1740 1504 u
1753 1449 1839 1505 Beda.

155 1536 244 1592 Liber
259 1537 411 1594 Paetorum
426 1538 447 1594 Ι.
467 1546 516 1596 str.
537 1537 611 1597 238.

562 1867 769 1950 XXVIII.
796 1867 960 1950 111111.
987 1866 1151 1970 srpnje.
1178 1863 1216 1946 U
1245 1863 1427 1965 Splictu.

153 2083 272 2153 Morte,
293 2085 412 2158 opete'ce
439 2086 613 2143 semesteee
634 2100 677 2143 sn.
701 2083 869 2143 Benedttte
891 2101 913 2142 e
935 2081 1060 2156 sperate,
1083 2082 1195 2154 terroe
1214 2084 1266 2155 pet
1295 2081 1424 2141 strenuis
1453 2081 1559 2156 merop
1573 2101 1577 2104 ·
1591 2082 1702 2154 torrete,
1729 2098 1836 2155 seqre·

770 2207 862 2279 11111
884 2224 922 2268 ee
945 2207 1046 2281 ejecta
1068 2209 1231 2267 comestae.

222 2423 231 2432 ’
309 2432 404 2497 Anno
427 2433 470 2526 ab
493 2433 719 2498 incarnacione
738 2442 845 2498 nostre
870 2431 1084 2496 redemcionis
1108 2430 1467 2496 milesimccentesimo
1498 2451 1583 2493 nono
1616 2429 1752 2510 decimo,
1787 2431 1833 2495 in·

158 2539 306 2603 diceione
329 2561 407 2602 vero
432 2541 578 2624 septima,
603 2547 746 2624 tempore
771 2536 926 2604 Cirnetha
950 2539 1075 2624 prioris.
1100 2538 1171 2624 Ego
1196 2535 1299 2600 Maria
1322 2535 1488 2601 abbatissa
1511 2533 1638 2600 cenobii
1655 2537 1759 2599 sancti
1779 2535 1838 2599 Be-

159 2644 291 2728 nedicti,
317 2667 388 2708 num
414 2647 495 2708 meis
518 2644 668 2708 omnibus
691 2643 865 2724 sororibus,
892 2645 954 2708 emi
980 2644 1110 2706 terciam
1135 2651 1257 2730 partem
1290 2641 1330 2705 de
1361 2643 1459 2724 turre,
1484 2663 1546 2727 que
1577 2639 1751 2726 aliquando
1779 2640 1839 2704 fuit

161 2748 549 2835 Grimaldi,anepotibus
573 2747 735 2830 Trescaie,
760 2749 883 2824 scilicet
910 2749 1048 2813 Piruana
1071 2759 1104 2813 et
1126 2772 1145 2812 a
1169 2747 1267 2812 fratre
1291 2745 1457 2828 Cirnetha,
1480 2768 1538 2832 pro
1563 2747 1676 2830 viginti
1701 2756 1835 2811 octeso·

160 2853 243 2920 lidos
259 2866 442 2926 romanatos
460 2877 516 2940 pre
529 2853 602 2934 fine,
614 2864 646 2918 et
657 2853 762 2918 IIIIor
787 2855 893 2918 modia
916 2853 1068 2918 frumenti
1093 2852 1178 2938 (pro)
1193 2851 1433 2934 benediccione,
1456 2875 1476 2914 a
1501 2851 1710 2919 fundamento
1734 2873 1836 2938 nsque
1883 2901 1885 2904 -

157 2959 199 3023 ad
223 2960 360 3043 culmen,
385 2971 417 3024 et
438 2963 549 3046 quinta
572 2982 647 3046 pars
670 2959 710 3024 de
734 2969 830 3041 turre,
846 2962 931 3045 ,quia
954 2959 1016 3027 alie
1041 2967 1306 3045 quatuor·partes
1322 2967 1418 3022 antea
1434 2958 1579 3038 emimus,
1596 2956 1652 3021 tali
1672 2957 1778 3040 modo,
1802 2967 1838 3022 ut

163 3065 275 3130 nullus
289 3065 407 3131 audeat
421 3089 518 3152 super
539 3089 597 3130 nos
620 3066 778 3131 fenestras
802 3067 928 3151 aperire
950 3065 1002 3130 vel
1027 3085 1206 3150 supernos
1231 3063 1426 3150 prospicere.
1458 3060 1544 3126 Ante
1571 3064 1689 3127 noticia
1719 3061 1834 3128 horum

156 3174 307 3238 testium:
332 3171 466 3236 Domuii
489 3171 717 3247 archidiaconi,
740 3171 867 3236 diaconi
892 3170 1093 3252 Nichodemi,
1118 3169 1244 3234 diaconi
1268 3168 1383 3250 Dabri,
1416 3167 1474 3232 filii
1505 3167 1633 3252 Petrici,
1665 3169 1837 3254 presbiteri

163 3275 329 3362 Stephani,
354 3277 524 3362 presbiteri
549 3275 656 3341 Amici
680 3279 825 3354 sacriste,
852 3274 1006 3340 Cirnetha
1032 3285 1165 3361 patruus
1187 3275 1295 3360 priori,
1319 3273 1464 3338 Niciforo
1488 3274 1620 3356 Dexini,
1645 3273 1753 3338 Draus
1771 3273 1832 3336 Ns·
1877 3301 1885 3318 r

160 3381 260 3466 slana,
284 3381 405 3446 Zanino
430 3383 597 3466 indicator,
623 3391 654 3446 et
677 3381 739 3448 alio
762 3381 884 3446 Zanizo
909 3380 950 3446 de
975 3381 1111 3462 Petrina,
1134 3391 1166 3444 et
1192 3379 1290 3445 Stano
1310 3379 1410 3446 fratre
1434 3382 1512 3462 eius,
1537 3379 1623 3444 Petri
1640 3377 1832 3463 01111181-

160 3487 241 3552 bacii
267 3489 417 3566 Benecie,
441 3487 582 3553 Teodori
606 3487 717 3552 Tiberi
739 3535 747 3552 .
773 3535 802 3568 .,
825 3486 913 3550 Petri
937 3485 1056 3552 Melete
1079 3496 1111 3551 et
1126 3485 1285 3566 Andreas,
1303 3507 1405 3571 nepos
1421 3485 1500 3568 eius,
1525 3485 1661 3570 Sergulo
1677 3493 1709 3550 et
1734 3507 1835 3570 gener

161 3593 245 3658 Petri
270 3595 407 3658 auocati.
431 3593 502 3676 Ego
527 3591 658 3657 Dabrns
683 3591 935 3678 archipresbiter
957 3593 1156 3678 precipiente
1186 3590 1373 3676 supradicta
1406 3590 1525 3656 domna
1558 3590 1733 3672 abbatissa,
1769 3589 1835 3655 filia

162 3697 238 3763 Ursi
262 3699 384 3782 Tiberi,
410 3701 525 3784 scripsi
550 3707 582 3763 et
604 3697 725 3763 ibidem
738 3720 808 3763 sum
833 3707 924 3764 teste.
951 3697 1036 3764 Acta
1058 3706 1133 3762 sunt
1150 3696 1212 3762 hee
1235 3698 1268 3762 11
1291 3696 1431 3763 kalenda
1454 3695 1541 3780 iulia,
1568 3699 1599 3760 in
1621 3697 1710 3762 curia
1726 3717 1835 3760 mona·

160 3807 247 3869 sterii
270 3806 373 3870 sancti
397 3803 575 3870 Benedicti.

307 4040 399 4112 Pripis
417 4058 455 4096 na
477 4041 602 4112 irrcmoj
627 4039 713 4094 listini
737 4058 764 4111 g.
791 4041 884 4097 1069.
904 4055 921 4094 1
945 4039 1045 4095 arkivu
1068 4039 1218 4095 aadarshih
1243 4037 1437 4110 haludJericah
1453 4057 1494 4094 sr.
1518 4037 1627 4109 Marije.

850 4385 1015 4468 XXIX.
1041 4388 1147 4469 1119.

273 4608 372 4680 Njete
395 4607 567 4676 Meritone,
590 4605 697 4680 derujc
719 4609 894 4666 sementare
916 4621 958 4666 su.
984 4605 1152 4666 Benedttte
1174 4624 1196 4665 e
1215 4605 1332 4678 Scitote
1355 4605 1437 4678 111111·
1460 4605 1516 4666 Irus
1536 4604 1711 4679 otaaprede.

315 4813 352 4876 In
378 4811 497 4876 Christi
523 4813 660 4876 nomine.
684 4811 755 4897 Ego
779 4809 946 4875 Marihena
970 4813 1154 4898 paginulam
1178 4814 1416 4882 recordacionis
1439 4813 1510 4879 fieri
1534 4813 1673 4900 precepi,
1706 4812 1830 4876 scilicet

146 4917 198 5002 ,de
232 4928 385 5004 partenea
426 4941 488 5004 qne
532 4941 631 5004 prope
674 4929 797 5003 portam
838 4919 1022 4982 monasterii
1066 4921 1169 4984 sancti
1211 4919 1378 4986 Benedicti
1417 4931 1475 5000 est,
1518 4913 1647 5006 qualem
1688 4939 1744 5002 pro
1783 4939 1829 4981 re·

159 5023 263 5088 medio
285 5025 391 5087 anime
413 5045 483 5088 mee
507 5044 546 5088 ac
569 5047 712 5089 meorum
727 5022 951 5088 defunctorum
974 5026 1006 5088 in
1021 5024 1135 5090 eodem
1158 5029 1353 5090 monasterio
1378 5024 1489 5112 optuli.
1506 5024 1540 5089 Si
1553 5025 1625 5111 quis
1638 5034 1745 5088 autem
1759 5044 1832 5087 eon·

160 5112 273 5193 temtor
297 5151 368 5192 mee
392 5128 579 5192 donacionis
604 5129 756 5209 extiterit,
781 5130 898 5194 iratum
923 5127 1039 5194 habeat
1062 5132 1179 5194 trinum
1205 5141 1236 5196 et
1267 5153 1367 5196 unum
1400 5131 1505 5215 deum,
1539 5151 1599 5196 nac
1631 5153 1695 5196 non
1729 5151 1833 5194 meam

160 5233 423 5299 malediccionem
448 5234 601 5299 incurrat.
