4300 5930
1768 398 1809 461 et

144 601 234 676 parte
258 600 333 654 sunt
356 599 439 654 terre
462 589 502 654 de
525 587 664 670 Serecia,
689 589 840 653 contiuua
864 589 936 652 istis
962 589 1063 671 terris,
1087 586 1273 676 incipiendo
1297 611 1316 651 a
1339 587 1461 673 prefato
1495 597 1601 652 monte
1637 609 1737 676 usque
1769 588 1811 654 ad

146 717 246 760 mare.
270 695 375 760 Huius
398 705 505 760 sutem
530 693 645 779 placeti
671 715 739 779 pro·
752 691 916 778 prelibatis
939 692 1030 756 t··rris
1054 691 1117 756 duo
1141 691 1271 758 fuerunt
1294 691 1362 758 dati
1382 691 1548 779 pristaldi:
1580 692 1691 758 Debre
1723 693 1810 760 vide·

147 802 231 882 licet,
256 799 340 866 iilius
363 799 474 882 Ottoii,
499 810 531 864 et
553 797 742 864 Alexander
764 799 908 862 seruiens
929 797 1049 864 domini
1063 796 1205 864 Reiuerii
1220 798 1416 864 venerabilis
1432 798 1681 886 archiepiscopi.
1705 798 1811 865 Huius

145 917 254 972 autem
275 909 321 972 rei
345 908 397 972 isti
427 916 500 970 sunt
534 915 640 987 testes,
674 904 708 968 in
742 905 869 991 primis:
907 903 1065 969 Domnius
1101 906 1305 991 primicerius
1340 906 1441 970 sancti
1477 903 1618 988 Domuii,
1654 905 1812 992 presbiter

146 997 270 1096 Radde,
295 1011 401 1076 hficha
425 1010 464 1076 de
487 1009 676 1092 hdalaurata,
707 1019 738 1074 et
771 1008 900 1096 Dragus
934 1011 1103 1097 iuppanus.
1139 1009 1183 1075 Et
1214 1033 1274 1097 ego
1309 1001 1467 1098 magister
1499 1009 1696 1094 Gualterius,
1728 1035 1811 1078 cum·

146 1119 254 1182 munis
276 1117 430 1198 notarius,
454 1115 549 1182 huius
572 1113 694 1183 cartule
718 1116 855 1202 scriptor
873 1116 964 1180 testis
987 1137 1069 1214 snm.
1287 1113 1289 1118 ’

297 1317 325 1370 ta
343 1317 457 1388 prepisa
479 1315 669 1390 XV1.rishs,
691 1333 709 1371 u
733 1313 831 1370 srhiru
853 1315 970 1387 kaptcla
990 1315 1073 1372 crkre
1096 1315 1241 1388 sptjetske.
1316 1387 1320 1392 Ι

477 1606 697 1692 cxxxll.
723 1609 823 1691 1177.
850 1609 1036 1710 inlcseoa
1062 1607 1241 1711 vellate.
1268 1607 1305 1696 U
1334 1607 1487 1692 hairu.

150 1787 339 1867 Lampadio,
361 1788 530 1861 accretae
550 1788 700 1866 sudorsiri,
724 1805 759 1846 sc
781 1757 964 1849 rodursbimi
984 1788 1103 1848 toarcii
1123 1791 1135 1848 i
1157 1790 1281 1860 vtastelr',
1304 1789 1365 1850 eat
1382 1790 1503 1862 praeda
1519 1788 1618 1862 medju
1634 1753 1779 1863 Robtjuni
1801 1788 1813 1848 i

766 1894 911 1974 Ruperunt
934 1894 1052 1954 turam
1070 1891 1201 1968 aarum.

308 2084 403 2150 Anno
427 2082 546 2149 domini
571 2130 581 2160 .,
604 2134 610 2147 .
635 2081 715 2148 Jesu
738 2080 859 2148 Christi
881 2080 1117 2148 ncuxxvlt.
1142 2105 1252 2148 mense
1271 2083 1444 2167 februario,
1459 2082 1632 2149 indictione
1647 2081 1718 2166 xl,
1736 2093 1813 2149 tem·

150 2190 282 2274 poribus
305 2189 454 2278 equidem
477 2189 657 2258 sebastiani
678 2187 776 2256 Ziani
794 2185 895 2270 ducis,
918 2199 950 2254 et
972 2185 1150 2276 Lampridii
1174 2189 1368 2255 venerabilis
1389 2189 1545 2255 iodrensis
1569 2188 1814 2278 archiepiscopi,

151 2308 246 2383 atquc
271 2297 433 2362 Dominici
456 2295 803 2362 Maurocenicomitis.
839 2295 1066 2383 Nassumque
1100 2295 1303 2382 Lampridius
1341 2281 1500 2361 iadrensis
1538 2295 1625 2361 sedis
1656 2293 1815 2383 archiepi-

152 2424 278 2490 scopus,
301 2425 366 2467 una
388 2425 460 2469 cum
486 2404 604 2466 nostris
627 2401 811 2467 consulibus
836 2401 901 2466 Bar
925 2453 932 2467 .
959 2453 965 2467 .
988 2403 1069 2485 nice,
1093 2402 1233 2500 (Μινύαο
1256 2401 1391 2482 Stomdi,
1416 2402 1503 2468 Petri
1527 2401 1575 2468 Ro
1599 2454 1606 2470 .
1632 2451 1640 2466 .
1664 2403 1756 2484 itane,
1785 2411 1817 2466 et

152 2511 225 2574 aliis
249 2521 357 2575 nostre
380 2511 520 2575 ciuitatis
545 2508 715 2584 nobilibus,
740 2506 922 2592 Grisogono
937 2506 1052 2591 iudice,
1070 2508 1229 2574 Damiano
1256 2506 1391 2592 Sloradi,
1427 2506 1540 2574 Vota.
1564 2557 1573 2572 .
1594 2531 1676 2590 arra,
1704 2506 1813 2572 Medio

152 2614 298 2697 Joannis,
322 2618 419 2701 greci,
444 2613 591 2701 Scioppe,
617 2613 725 2678 Mioha
747 2613 914 2700 Botoiuge,
939 2613 1240 2697 Valentinossessi,
1264 2613 1474 2679 Prestsncio.
1499 2662 1507 2678 .
1532 2611 1669 2678 hiichaei
1692 2611 1809 2697 Pence,
1919 2699 1924 2707 Ι

154 2719 348 2808 Lampredio
371 2720 494 2798 Vitaae,
519 2719 627 2784 Micha
650 2720 779 2800 Petrini,
802 2719 924 2785 Bolisic
948 2719 988 2784 de
1012 2719 1201 2805 Boneguali,
1217 2719 1355 2784 Martius
1371 2718 1425 2806 lip.
1451 2768 1459 2786 .
1483 2769 1490 2784 .
1515 2743 1543 2803 a,
1561 2728 1592 2784 et
1606 2717 1714 2784 multis
1730 2719 1811 2800 aliis,

153 2826 238 2890 hunc
262 2836 461 2890 contractum
485 2824 630 2908 fecimus,
655 2823 799 2890 volentes
823 2847 970 2890 resecare
993 2827 1255 2909 controuersiam,
1290 2848 1352 2912 que
1388 2827 1471 2890 inter
1504 2824 1658 2892 arbenses
1691 2833 1723 2891 et
1755 2825 1816 2890 Ro·

154 2933 278 3016 gerium
302 2931 462 2996 Dominici
486 2931 672 2996 Mauroceni
696 2931 844 2996 iadertini
866 2932 992 2996 comitis
1013 2931 1122 3014 fliium,
1146 2930 1186 2996 ds
1209 2933 1359 2997 comitatu
1383 2931 1486 2996 insule
1501 2930 1606 2998 Kesse
1622 2929 1816 2998 vertebatur.

152 3037 234 3102 Num
260 3039 421 3124 predictus
445 3038 602 3122 Rogerius
625 3036 762 3102 insulam
783 3036 897 3118 Kesse,
922 3036 1105 3123 incipiendo
1128 3060 1148 3100 a
1170 3036 1349 3124 columpnis
1384 3035 1500 3102 Caunii
1535 3048 1566 3103 et
1601 3036 1697 3104 Bar.
1722 3087 1730 3103 .
1755 3060 1816 3114 um,

153 3144 194 3210 ab
218 3146 349 3208 introitu
375 3167 413 3207 ve
438 3193 445 3209 .
470 3191 478 3208 .
503 3143 636 3228 Pagum,
660 3146 710 3206 sui
732 3145 910 3224 comitatus,
934 3142 1057 3207 scilicet
1080 3141 1183 3207 Kcsse
1207 3142 1274 3207 fore
1291 3143 1471 3208 asserebat.
1494 3142 1523 3207 Ε
1547 3153 1658 3209 contra
1673 3142 1748 3208 And
1775 3191 1783 3209 .
1808 3191 1816 3208 .

157 3273 192 3314 as
227 3249 488 3331 archidiaconus,
523 3247 704 3336 Stephanus
735 3247 954 3314 Maidensrius
986 3246 1103 3332 Miche,
1137 3248 1301 3313 iodrenses
1333 3249 1467 3338 iudices,
1500 3248 1623 3332 Petrus,
1655 3247 1817 3314 Domiuna

156 3354 279 3437 Basilii,
303 3357 357 3441 qui
380 3353 421 3419 ad
446 3354 539 3418 buius
563 3356 683 3439 negotii
706 3376 835 3418 causam
859 3355 1058 3419 tractandam
1083 3353 1125 3418 ad
1140 3377 1197 3419 nos
1216 3365 1380 3438 venerunt,
1397 3354 1629 3441 respondentes
1646 3353 1815 3420 dicebant:

155 3459 359 3526 Manifestum
384 3461 514 3547 quidem
538 3471 714 3546 etcertum
738 3459 882 3543 habetur,
907 3459 1150 3546 predecessores
1172 3473 1307 3543 nostros,
1331 3483 1389 3547 per
1411 3453 1565 3525 ducentos
1594 3481 1696 3525 annos
1723 3471 1755 3525 et
1781 3482 1818 3526 cc

23 3613 55 3636 .-
154 3566 291 3652 amplius
311 3564 466 3652 prefatam
491 3564 626 3630 insulam
651 3560 842 3652 possedisse,
867 3577 899 3630 ct
921 3565 1076 3650 coluisse3
1103 3589 1199 3654 super
1234 3565 1295 3631 bac
1329 3568 1427 3652 igitur
1461 3589 1519 3632 vos
1555 3565 1682 3632 domine
1716 3565 1818 3631 urchi·

157 3675 317 3759 episcope,
341 3681 373 3736 et
393 3672 588 3736 iodrensium
613 3671 789 3754 consulum,
813 3681 1056 3759 ceterorumque
1079 3673 1232 3738 nobilium
1255 3671 1423 3760 prouideat
1445 3674 1614 3759 sagacitas,
1638 3675 1664 3737 si
1697 3695 1754 3738 uos
1785 3676 1818 3738 in

23 3745 25 3812 i
70 3821 71 3847 r
155 3782 217 3844 iarn
242 3779 329 3843 dicta
350 3777 453 3842 insula
476 3799 536 3842 cau
561 3829 568 3845 .
593 3825 601 3842 .
624 3777 820 3864 respondere
854 3779 1040 3844 teneminib.
1070 3777 1138 3844 Nos
1170 3781 1277 3864 itaque
1309 3777 1513 3864 Lampridius
1546 3777 1818 3864 archiepiscopus,

155 3908 218 3950 una
241 3891 314 3948 c'um
337 3882 528 3970 supradictis
552 3883 765 3970 c(onsulibus)
790 3894 822 3948 et
843 3883 1033 3970 (n)obiiibus
1059 3933 1066 3948 .
1091 3933 1097 3945 .
1123 3894 1436 3970 utramquepartem
1461 3907 1519 3949 sua
1549 3887 1669 3950 iustitia
1703 3898 1734 3951 et
1770 3909 1819 3950 ra·

154 3993 241 4056 tione
265 4039 273 4054 .
299 4037 306 4052 .
330 3992 392 4054 iter
412 3989 550 4071 destitui,
574 3987 614 4053 de
638 3988 687 4053 his
711 3989 860 4080 omnibus
884 4013 941 4076 per
964 3990 1045 4054 duos
1070 4037 1078 4053 .
1104 4039 1111 4054 .
1137 4013 1166 4054 m
1192 3989 1346 4054 babentes
1371 4013 1428 4075 per
1464 3989 1566 4074 legem
1599 4001 1632 4054 et
1664 3989 1817 4056 iudicium

23 4093 24 4096 '
155 4106 312 4160 statuen.
339 4095 607 4182 ‚(de)creuimus,
643 4105 677 4160 ut
711 4095 865 4160 arbenses
888 4117 964 4182 sepe
987 4096 1073 4161 dicto
1096 4097 1234 4183 Rogerio
1258 4099 1390 4182 eiusque
1414 4097 1655 4162 successoribus
1684 4099 1716 4160 in
1747 4120 1818 4184 per-

64 4263 66 4289 3
153 4211 285 4288 petuum
307 4201 499 4288 respondere
521 4223 585 4266 non
608 4201 773 4288 de(beant)
797 4250 805 4265 .
829 4247 837 4266 .
862 4202 1087 4286 stabiliuimus,
1110 4214 1267 4289 quatenus
1293 4205 1435 4289 predicta
1470 4201 1573 4267 insula
1605 4201 1711 4269 Kesse
1734 4224 1818 4269 com·

23 4379 24 4384 η
155 4310 294 4372 muniter
316 4305 567 4403 aciadrensibus,
600 4306 854 4393 arbensibusque
885 4305 1069 4372 hominibus
1094 4357 1101 4371 .
1126 4358 1133 4372 .
1159 4308 1231 4392 ccii,
1257 4311 1343 4394 pasci
1379 4321 1410 4372 et
1444 4308 1592 4374 omnibus
1625 4309 1729 4376 modis
1763 4312 1819 4393 uti,

156 4415 320 4501 perpetuis
344 4413 541 4500 temporibus
561 4411 735 4489 debeatur;
760 4421 791 4478 et
814 4422 849 4478 ut
871 4435 1003 4500 presens
1025 4423 1208 4479 contractus
1233 4461 1239 4474 .
1263 4463 1271 4480 .
1296 4414 1436 4501 (tirtmus
1467 4424 1499 4480 et
1529 4414 1654 4480 stabitis
1680 4466 1687 4481 .
1712 4465 1719 4480 .
1742 4417 1818 4481 etim
1940 4451 1945 4462 ,

65 4519 67 4588 ἶ
157 4529 375 4602 consereretur,
397 4518 680 4608 archiepiscopalis
704 4519 799 4605 sigilli
823 4521 998 4584 munimine
1021 4519 1230 4601 firmauimus,
1252 4521 1346 4585 simul
1371 4532 1402 4586 et
1424 4523 1529 4607 ipsum
1543 4521 1818 4586 communiuimus.

65 4625 66 4634 ’
303 4623 375 4710 Ego
398 4625 603 4712 Lampridius
626 4625 678 4690 dei
702 4623 806 4711 gratia
826 4625 984 4690 iadrensis
1007 4626 1278 4714 archiepiscopus,
1304 4649 1433 4692 manum
1458 4649 1561 4692 meam
1586 4627 1669 4692 misi.
1710 4689 1715 4699 x

305 4731 419 4820 †Ego
443 4731 591 4797 Andreas
614 4731 666 4800 dei
690 4735 794 4818 gratia
815 4732 961 4798 arbensis
985 4733 1156 4818 episcopus
1236 4801 1241 4810 ,
1361 4782 1377 4816 „
1511 4783 1525 4812 „
1617 4781 1633 4817 „

304 4838 419 4924 †Ego
443 4837 577 4904 Cosmas
600 4838 746 4904 arbensis
769 4837 1016 4904 archidiaconns
1362 4889 1378 4920 „
1618 4889 1632 4919 ,

259 5012 261 5016 ,
305 4941 420 5030 'shigo
443 4943 591 5012 Andreas
614 4943 784 5034 presbyter
805 4943 930 5009 Saidini
954 4943 1039 5009 iilius
1362 4993 1377 5024 ,‚
1617 4993 1633 5027 „

305 5049 419 5138 †ltgo
442 5051 607 5117 iohannes
632 5061 742 5116 sancte
766 5052 935 5117 Anastasis
959 5052 1113 5116 diaconus
1361 5097 1376 5134 „

306 5159 326 5240 †
348 5155 419 5244 Ego
441 5157 467 5221 P
491 5205 499 5222 .
525 5207 532 5222 .
556 5157 642 5223 dicte
666 5167 775 5223 sancte
798 5159 967 5223 Anastasia
988 5157 1204 5222 subdiaconus
1364 5205 1379 5240 „

306 5266 328 5346 †
349 5263 481 5352 Signum
506 5263 616 5329 Dauid
638 5265 788 5349 consulis,
813 5266 867 5351 qui
891 5263 951 5330 hoo
972 5263 1041 5329 heri
1064 5265 1166 5333 iussit..
