4292 5926
343 379 396 446 :50

353 569 480 636 babere.
497 571 692 635 curarimus.
719 565 862 634 Consilio
886 569 984 654 igitur
1008 567 1130 634 domini
1155 567 1275 654 Doymi
1295 565 1459 652 veglensis
1482 565 1587 632 felicis
1608 565 1747 648 comitis,
1758 573 1790 632 et
1804 564 1942 632 alierum
1962 586 2033 651 quo
2130 579 2131 614 ³

354 675 502 742 rumdam
517 675 673 742 bonorum
686 674 862 757 hominum,
887 697 1024 762 quornm
1043 672 1225 759 subscripta
1247 682 1321 738 sunt
1337 673 1476 754 nomina,
1494 669 1662 738 nobiscnm
1678 671 1869 754 astantibus,
1889 669 2032 736 eiusdem

346 781 491 848 ecclesie
515 779 700 846 aduocatis:
724 778 882 845 Dedoeba
897 779 1060 861 videlieet,
1085 789 1117 844 et
1135 777 1347 860 Radosolauo,
1365 779 1423 844 tibi
1439 777 1569 844 domino
1588 777 1711 844 Uberto
1730 778 1916 846 monasterii
1935 782 2034 842 uncti
2130 821 2131 824 ,

352 886 520 952 Benedicti
545 909 642 973 super
664 885 788 950 Padum
813 883 992 951 venerabili
1014 885 1135 966 abbati,
1161 883 1231 950 loco
1255 894 1309 950 tuo
1331 884 1562 972 recipientibus
1585 883 1716 949 domino
1739 882 1883 950 Henrico
1916 891 2025 948 uncte

354 1003 485 1058 romane
510 991 646 1058 ecclesie
671 991 879 1075 subdiacono,
904 990 1081 1077 apostolice
1106 989 1193 1056 sedis
1217 1000 1293 1056 tunc
1316 989 1432 1076 legato,
1451 999 1484 1056 et
1506 988 1846 1056 domnoAlhertotuo
1864 986 2031 1070 monacho,

343 1121 413 1186 apro
438 1101 546 1162 anima
568 1108 678 1164 nostre
702 1097 840 1180 domine,
865 1097 948 1162 bone
973 1097 1126 1162 memorie
1151 1096 1254 1162 Maria
1277 1095 1353 1162 olim
1387 1107 1495 1164 nostre
1527 1097 1701 1179 comitisse,
1734 1094 1907 1162 ecclesiam
1932 1096 2031 1158 saneti

354 1205 484 1270 Martini
509 1203 676 1285 tradimus,
700 1205 828 1289 tuisque
852 1203 1095 1268 successoribus
1119 1225 1191 1267 cum
1216 1201 1339 1289 onpells
1362 1203 1464 1266 sancti
1490 1201 1686 1289 Apollinaris
1719 1211 1846 1268 etcum
1880 1199 2029 1266 omnibns

340 1310 558 1397 ,pertiuentiis
582 1311 648 1374 suis
672 1319 738 1374 tam
766 1308 939 1374 'mobilibus
962 1331 1058 1395 quam
1083 1307 1312 1392 immobilibus,
1334 1318 1493 1394 quotenus
1517 1306 1592 1374 hinc
1616 1309 1649 1374 in
1673 1315 1769 1374 antea
1796 1306 1960 1387 babeatis,
1984 1305 2031 1370 do·
2104 1357 2110 1364 .

355 1418 530 1496 minemini,
554 1414 756 1502 possideatis,
781 1424 813 1479 et
835 1413 926 1480 saluo
950 1415 1053 1480 uestri
1077 1416 1281 1502 episcopatus
1309 1415 1386 1496 iure,
1412 1412 1565 1501 quicquid
1589 1414 1621 1478 in
1645 1423 1730 1480 eset
1741 1436 1783 1478 ex
1799 1437 1838 1478 eu
1854 1411 2031 1490 volueritis,

354 1523 490 1587 faciatis.
515 1523 668 1587 Preterea
689 1544 747 1586 nos
772 1531 963 1607 nostrosque
987 1543 1191 1586 successores
1212 1519 1403 1605 obligantes,
1437 1543 1477 1584 ne
1507 1522 1541 1584 in
1573 1529 1736 1605 posterum
1768 1517 1880 1604 aliqua
1911 1518 2033 1584 oriatur

355 1631 490 1715 questio,
517 1650 600 1713 pena
623 1627 964 1692 excommunicationis
990 1625 1191 1707 muletamus,
1216 1624 1302 1712 quod
1328 1627 1354 1690 si
1375 1624 1548 1711 aliquando
1574 1647 1631 1690 nos
1655 1624 1708 1690 vel
1732 1627 1832 1692 nostri
1866 1645 2033 1690 successo·

356 1757 408 1800 res
432 1733 526 1798 nobis
551 1743 606 1798 aut
629 1734 747 1798 vestris
772 1732 1016 1798 suecessoribus
1039 1731 1234 1797 calumniam
1258 1731 1477 1814 infecerimus,
1502 1730 1554 1797 vel
1577 1729 1757 1796 molestiam
1791 1752 1850 1817 per
1885 1753 1945 1796 nos
1973 1739 2032 1794 'sot

355 1862 412 1926 per
436 1839 631 1903 submissam
656 1847 826 1922 personam
850 1837 1033 1917 fecerimus,
1058 1836 1163 1904 iaculo
1187 1837 1378 1902 anatematis
1411 1845 1565 1922 perpetue
1596 1835 1760 1903 feriemur.
1789 1835 1930 1923 Insuper
1968 1835 2032 1920 qni·

339 1968 495 2031 ¹cumque
520 1954 631 2010 oorrtra
655 1943 703 2008 fas
727 1943 789 2009 hoc
811 1943 998 2008 rescindere
1020 1963 1119 2008 ausus
1150 1941 1255 2022 fuerit,
1289 1965 1308 2007 a
1334 1949 1457 2028 gremio
1488 1949 1599 2008 sancte
1631 1944 1742 2006 nastris
1772 1938 1911 2006 ecclesie
1944 1961 2032 2026 sepa·

355 2062 473 2133 rantes,
498 2058 534 2114 ut
554 2049 689 2116 ecclesie
713 2048 902 2114 violatorem
926 2058 1088 2116 extorrem
1113 2052 1186 2114 esse
1209 2071 1390 2131 censemus,
1415 2047 1560 2135 predicta
1591 2047 1763 2114 traditione
1795 2046 1889 2112 saluo
1920 2055 1955 2111 et
1990 2047 2033 2110 in-

355 2179 517 2222 coneussa
538 2177 595 2220 suo
619 2157 873 2221 iuremanente.
1431 2161 1433 2165 ’

429 2295 431 2304 ⁴
482 2261 576 2345 ·Ego
600 2260 715 2326 Petrus
733 2259 901 2328 -ueclensis
924 2259 1011 2326 sedis
1030 2264 1204 2353 episcopus
1229 2258 1417 2346 subscripsi.

503 2366 746 2452 EgoDoymus
772 2365 932 2432 veclensis
955 2387 1064 2432 comes
1088 2365 1279 2452 subscripsi.
1309 2356 1318 2364 ⁸

503 2471 575 2557 Ego
599 2469 805 2536 Iuresolauus
829 2471 1017 2558 subscripsi.

396 2589 403 2596 ”
502 2577 573 2661 Ego
597 2575 860 2664 archipresbyter
882 2577 998 2646 Petrus
1019 2576 1208 2663 subscripsi.
1293 2589 1295 2596 ’

502 2681 575 2767 Ego
601 2683 803 2768 primicerius
826 2682 992 2768 thannes
1016 2682 1205 2769 subscripsi.

410 2865 413 2870 Ι
501 2787 575 2871 Ego
599 2785 747 2852 Andreas
772 2787 812 2852 de
832 2786 992 2853 Budimeo
1012 2787 1188 2852 aduocator
1211 2785 1354 2852 scribere
1377 2790 1499 2872 rogaui.

503 2893 577 2978 Ego
599 2892 766 2959 Jobannes
789 2893 830 2958 de
854 2891 1010 2982 Britler)0
1034 2892 1177 2958 seribere
1200 2893 1326 2978 rogaui.

423 3083 425 3088 ,
501 2997 574 3083 Ego
597 2997 789 3064 Dominicus
813 2997 969 3064 Grotulus
991 2998 1163 3085 presbyter
1186 3009 1217 3062 et
1245 3000 1388 3064 notarius
1410 2996 1472 3063 boo
1494 2995 1682 3084 exemplum
1717 2997 1916 3086 exemplaui,
1948 3023 2031 3066 anno

354 3103 477 3170 domini
503 3103 670 3169 millesimo
695 3105 871 3170 centesimo
895 3106 1104 3188 nonagesimo
1128 3125 1222 3185 nono,
1248 3106 1368 3170 mensis
1394 3103 1543 3189 Augusti,
1576 3103 1637 3170 snb
1660 3101 1840 3170 indictione
1878 3105 2030 3188 secunda,

354 3219 390 3278 ut
412 3211 479 3276 vidi
503 3211 536 3274 in
560 3208 665 3276 litters
687 3209 807 3279 domini
831 3210 917 3276 Petri
943 3212 1086 3298 episcopi
1112 3209 1285 3296 veglensis,
1312 3232 1371 3276 nec
1393 3211 1504 3292 minui,
1524 3230 1585 3274 nee
1607 3206 1771 3295 amplisui,
1797 3210 1857 3276 sed
1874 3211 2032 3299 complosi

345 3325 386 3382 -et
411 3315 573 3382 roboraui.
1415 3331 1417 3336 ·

349 3575 353 3582 Ἴ
414 3583 416 3586 Ι
482 3499 648 3576 ⁸Illyricum
674 3499 801 3566 Sacrum.
825 3457 919 3554 Ἦν.
942 3505 991 3557 etr,
1018 3499 1090 3556 639,

730 3789 913 3872 LXXII.
940 3789 1048 3873 1153.
1075 3793 1153 3893 mj.
1181 3791 1398 3896 prosince.
1425 3789 1489 3874 Na
1517 3791 1655 3874 Krku.

343 3929 480 4059 'Deiota
502 3972 514 4028 e·
536 3947 699 4042 liodoaldo,
721 3947 891 4044 sastupne‘ct
911 3968 1013 4046 prodo*
1035 3951 1201 4030 Moiteuice
1223 3987 1264 4028 rso
1287 3970 1376 4052 otolu
1399 3970 1496 4042 Krlcu,
1519 3949 1633 4044 dareris
1655 3971 1846 4032 redoouikom
1867 3989 1911 4033 so.
1937 3971 2030 4048 Berse-

748 4072 834 4152 dileto
855 4095 948 4153 erton
971 4111 1014 4155 so.
1037 4093 1187 4164 Martius,
1208 4109 1224 4152 s
1247 4091 1381 4166 tapetem
1398 4108 1441 4155 su.
1465 4093 1645 4168 Apelletem.

511 4281 606 4345 Anno
631 4279 795 4346 salutifere
818 4281 1050 4346 incarnationis
1075 4279 1196 4344 domini
1220 4290 1252 4346 et
1275 4281 1446 4348 saluatoris
1470 4285 1569 4347 nostri
1593 4283 1675 4348 Jesu
1698 4281 1829 4367 Christi,
1856 4285 2026 4352 millesimo
2130 4313 2131 4322 ¹

353 4389 530 4451 centesimo
554 4388 821 4472 quinquagesimo
845 4389 949 4467 tertio,
981 4385 1157 4451 indictione
1187 4385 1669 4473 primamen'se'decembris.
1704 4387 1773 4455 Nos
1808 4390 1965 4456 Dedoeba
1997 4405 2030 4455 et
2130 4411 2131 4464 i

352 4489 537 4556 Radoslauo
560 4491 600 4556 de
623 4507 730 4560 castro
752 4491 908 4576 lllusehlo,
932 4491 1080 4564 aduocati
1104 4491 1242 4558 ecclesie
1265 4496 1368 4558 sancti
1392 4491 1524 4560 Martini
1547 4505 1579 4559 et
1602 4497 1705 4561 saneti
1722 4496 1943 4590 Appolinsris,
1959 4499 2026 4562 sius
2130 4527 2131 4572 3

352 4596 476 4683 capelle
499 4596 539 4661 de
561 4597 667 4662 insula
690 4596 803 4682 Vegle,
827 4619 898 4662 eum
925 4597 1090 4663 voluntate
1115 4608 1146 4662 et
1168 4619 1304 4662 assensu
1324 4598 1460 4664 aliorum
1484 4599 1682 4666 confratrum
1706 4611 1738 4666 et
1760 4611 1943 4688 patronum,
1971 4603 2029 4668 tibi
2130 4679 2131 4690 .

352 4701 483 4770 domino
506 4701 629 4768 Uberto
654 4697 840 4768 monasterii
865 4699 968 4768 sancti
992 4703 1160 4770 Benedicti
1184 4697 1284 4790 super
1305 4701 1427 4771 Padum
1450 4701 1631 4772 venerabili
1653 4705 1774 4786 abbati,
1800 4703 1871 4774 loce
1902 4711 1947 4774 tui
1979 4731 2029 4773 re·
2129 4707 2131 4710 ’

351 4810 546 4896 cipientibus
570 4807 701 4874 domino
725 4803 868 4874 Hen'rico
891 4820 1001 4874 sancte
1023 4830 1156 4874 romane
1179 4807 1317 4875 ecclesie
1340 4803 1549 4891 subdiacono,
1574 4810 1750 4898 apostolice
1771 4812 1859 4878 sedis
1882 4823 1960 4880 tnnc
1984 4813 2029 4879 le-

352 4923 438 4998 gato,
463 4907 495 4978 et
517 4913 658 4999 dompno
681 4912 818 4978 Alberto
839 4925 892 4978 tuo
916 4913 1083 4998 monacho,
1109 4935 1167 5000 pro
1191 4917 1299 4980 anima
1323 4925 1432 4982 nostra
1455 4928 1488 4983 et
1510 4928 1643 5006 propter
1665 4918 1857 5004 religionem
1880 4935 1965 4986 tuam
1995 4930 2029 4985 et

349 5017 561 5100 honestatem,
584 5015 721 5084 consilio
746 5017 866 5083 domini
892 5018 1011 5106 Doymi
1032 5020 1198 5105 veglensis
1221 5020 1326 5086 felicis
1344 5013 1487 5104 comitis,
1504 5019 1676 5090 eeclesiam
1701 5026 1803 5092 saneti
1819 5025 1951 5092 Martini
1966 5036 2027 5090 trs·

349 5123 466 5207 dimus,
488 5121 615 5210 tuisque
639 5119 882 5189 suecessoribus
906 5147 978 5190 oum
1003 5126 1129 5214 capella
1153 5123 1261 5192 sancti
1279 5126 1490 5215 Apollinaris,
1514 5139 1546 5195 et
1568 5153 1640 5196 cum
1658 5131 1807 5197 omnibns
1828 5132 2028 5218 pertinentiis

350 5231 416 5296 suis
441 5239 508 5296 tam
530 5229 717 5315 mobilibus,
741 5251 835 5317 quarn
859 5223 1087 5317 immobilibus,
1112 5242 1145 5298 et
1177 5234 1437 5321 possessionibus
1466 5228 1544 5318 suis,
1575 5257 1638 5323 qne
1670 5239 1714 5302 ita
1743 5238 1962 5310 eontinentur-2
1988 5235 2022 5303 A
