4276 5934
314 378 375 444 198

311 575 444 660 nasterii
469 573 666 660 prouideres,
691 583 746 638 tuo
771 575 1007 639 committentes
1031 575 1175 657 arbitrio,
1199 583 1308 641 utrum
1337 577 1472 662 predicti
1500 577 1617 642 fratres
1653 581 1755 644 sancti
1789 575 1880 642 Abre
1914 578 1992 643 tole-

312 679 415 759 randi,
439 702 480 742 an
506 677 652 743 monachi
677 681 760 764 nigri
784 689 893 744 essent
916 682 946 743 in
972 683 1043 764 ipso
1067 683 1260 746 monasterio
1284 681 1468 746 reducendi.
1494 681 1543 745 Tu
1568 705 1657 764 vero,
1682 684 1767 747 sicut
1795 683 1991 768 accepimus,

315 781 429 847 fratres
453 785 554 847 sancti
580 784 669 847 Abre
695 795 824 869 propter
848 784 1091 850 dissolutionem
1110 809 1200 850 suam
1226 787 1300 850 iude
1326 791 1451 872 penitus
1475 787 1633 869 abiecisti,
1668 795 1700 851 et
1730 811 1789 851 nos
1823 809 1881 873 per
1914 789 1993 870 peti·

313 889 432 951 tionem
458 898 544 950 tuam
571 887 692 952 duxisti
718 911 815 974 super
840 892 1025 973 prouisione
1048 893 1150 975 ipsius
1175 893 1361 956 monasterii
1387 891 1608 978 requirendos.
1633 892 1775 978 Ideoque
1797 892 1992 956 fraternitati

314 1000 369 1056 tue
392 1014 450 1078 por
474 995 636 1076 presentia
660 995 780 1077 scripta
804 995 1003 1072 mandamus,
1029 1007 1187 1079 quatenus
1212 999 1238 1059 si
1265 1019 1321 1081 per
1347 995 1519 1060 monachos
1544 997 1715 1062 ecclesiam
1749 997 1834 1061 illam
1867 997 1991 1062 videris

315 1095 483 1161 reformari
508 1120 569 1160 non
595 1121 698 1183 posse,
723 1101 755 1161 in
780 1101 850 1183 ipsa
874 1099 1011 1163 ecclesia
1028 1104 1200 1178 canonicos
1217 1105 1366 1165 instituas
1386 1101 1560 1185 regulares,
1578 1105 1631 1188 qui
1649 1102 1827 1166 secundum
1845 1099 1993 1186 regulam

315 1203 400 1266 beati
426 1202 601 1288 Augustini
625 1205 775 1268 deuotum
802 1205 845 1268 ibi
876 1205 1005 1268 domino
1037 1205 1225 1271 famulatum
1262 1207 1458 1292 impendant,
1495 1219 1527 1271 et
1560 1231 1619 1293 per
1654 1229 1764 1272 eorum
1800 1207 1993 1292 religionem

318 1307 408 1372 locus
433 1311 501 1393 ipse
528 1311 558 1372 in
583 1309 697 1373 melius
721 1321 774 1374 tuo
799 1309 936 1374 faciente
961 1310 1066 1374 studio
1089 1311 1288 1376 reformetur.
1324 1311 1442 1376 Datum
1475 1311 1625 1376 Laterani
1661 1312 1720 1377 xl.
1755 1312 1819 1378 kal.
1854 1313 1993 1376 ianuarii

266 1431 267 1434 ’
316 1413 541 1500 (pontificatus
566 1416 665 1478 nostri
689 1438 772 1477 anno
795 1417 921 1498 primo).
1848 1399 1854 1405 ⁸

468 1613 600 1668 Theiner.
626 1613 699 1668 Mon.
724 1613 787 1670 Vct.
813 1613 890 1668 Slav.
917 1614 1014 1669 merie.
1038 1615 1061 1670 I.
1087 1621 1135 1670 str.
1155 1615 1188 1684 Ι4.

667 1922 982 2007 coaxantes
1011 1925 1073 2007 22.
1101 1927 1314 2027 prosince.
1346 1928 1380 2008 U
1413 1927 1643 2008 Lateranu.

321 2102 482 2161 lacerna-io
507 2097 572 2162 III.
593 2119 687 2176 papo,
704 2103 772 2175 piis
799 2103 946 2161 Emer-ita
982 2104 1084 2176 troiia
1115 2104 1307 2164 hroatstoma
1338 2107 1350 2164 i
1379 2108 1568 2180 acorstoma,
1601 2105 1676 2164 neta
1707 2106 1828 2177 aotjera
1860 2103 1996 2174 Sternere

321 2209 443 2282 (otredo
457 2209 655 2286 stoojenstoq)
671 2209 829 2281 cranmere
845 2227 865 2266 a
881 2209 1006 2280 ocrea-an
1021 2209 1231 2282 nodbistupijc
1247 2211 1374 2279 kemite,
1391 2211 1430 2268 du
1446 2211 1526 2282 plote
1542 2211 1676 2269 desctina
1691 2210 1761 2282 istoj
1776 2204 1996 2280 naddakapijt

469 2361 677 2426 innocentius
702 2366 873 2449 episcopus
896 2373 955 2428 etc.
981 2361 1157 2427 Carissimo
1182 2365 1213 2426 in
1239 2361 1368 2427 Christo
1393 2363 1459 2426 filio
1487 2411 1494 2426 .
1519 2412 1526 2426 .
1552 2411 1559 2426 .
1584 2361 1699 2427 illustri
1733 2365 1802 2446 regi
1840 2359 1997 2444 Ungarie,

323 2467 461 2532 salutem
486 2479 545 2532 eto.
569 2467 780 2554 Significante
807 2469 980 2533 venerabili
1006 2468 1104 2532 fratre
1130 2479 1239 2532 nostro
1264 2517 1271 2532 .
1299 2521 1306 2534 .
1332 2520 1338 2532 .
1365 2467 1525 2532 colocensi
1559 2467 1813 2554 archiepiscopo,
1837 2465 1878 2530 ad
1908 2465 1998 2528 audi·

323 2576 444 2640 entiam
468 2573 667 2661 apostolatus
691 2577 791 2639 nostri
815 2575 943 2638 noueris
969 2576 1165 2660 peruenisse,
1191 2575 1374 2660 quodcum
1400 2575 1431 2637 in
1457 2575 1577 2639 diocesi
1597 2597 1656 2636 sua
1691 2575 1756 2638 sint
1788 2571 1998 2658 quamplures

321 2679 409 2762 ville,
433 2681 465 2744 in
490 2679 609 2766 quibus
632 2679 741 2744 Sclavi
764 2679 920 2762 habitant,
944 2678 1187 2764 archiepiscopo
1212 2679 1354 2743 decimas
1378 2679 1531 2744 exhibere
1556 2688 1796 2765 contempnunt.
1834 2677 1997 2756 Quoniam

321 2787 420 2870 igitur
443 2785 483 2848 de
507 2787 597 2870 regia
621 2787 795 2851 serenitate
819 2785 1011 2850 confidimus
1034 2795 1066 2847 et
1090 2807 1266 2869 speramus,
1290 2795 1327 2848 ut
1342 2785 1495 2848 ecclesias
1513 2795 1544 2848 et
1560 2807 1669 2848 earum
1688 2786 1852 2848 ministros
1870 2781 1997 2864 diligas,

323 2903 354 2956 et
388 2913 497 2956 earum
533 2891 711 2955 commodis
744 2891 894 2975 exemplo
930 2891 1169 2976 progenitorum
1206 2899 1334 2956 tuorum
1369 2887 1541 2974 diligenter
1576 2889 1738 2969 intendas,
1771 2885 1997 2952 excellentiam

323 3005 411 3060 tuam
435 3017 586 3080 rogamus
610 3005 707 3081 atque
738 3019 905 3060 monemus
933 3018 990 3081 per
1020 2995 1198 3081 apostolica
1227 2999 1348 3081 scripta
1379 2996 1579 3078 mandantes,
1612 3006 1771 3082 quatenus
1802 3001 1994 3058 memoratos

326 3100 471 3183 Solauos,
496 3111 530 3165 ut
553 3101 696 3166 decimas
720 3100 993 3186 debitus'prefato
1018 3101 1261 3186 archiepiscopo
1296 3105 1370 3186 sine
1401 3101 1614 3165 diminutione
1641 3099 1843 3190 persoluent,
1880 3097 1997 3162 tradita

325 3205 385 3270 tibi
410 3214 568 3293 potestate
591 3205 785 3293 compellere
810 3229 872 3270 non
897 3209 1035 3270 omittas.
1063 3206 1180 3271 Datum
1206 3205 1357 3272 Laterani
1380 3206 1438 3270 XI.
1463 3205 1528 3272 kal.
1554 3207 1700 3271 ianuarii.

478 3403 610 3460 Theiner.
634 3404 711 3462 Mon.
734 3410 790 3462 vet.
813 3405 887 3460 Slav.
913 3405 1010 3460 merid.
1033 3405 1055 3463 Ι.
1077 3411 1126 3460 stt.
1152 3405 1181 3462 4.

664 3694 864 3777 OGLXII.
894 3697 1000 3776 llas.
1028 3695 1094 3778 30.
1121 3696 1335 3796 prosince.
1364 3695 1399 3776 U
1429 3696 1660 3776 lateranu.

326 3874 483 3933 Iaeceacio
507 3875 575 3935 111.
594 3892 688 3948 popa,
708 3872 813 3932 calaio
843 3873 1034 3945 aadhistupu
1067 3875 1236 3933 tolodtomu
1269 3877 1282 3932 i
1315 3875 1469 3945 bistupom
1495 3875 1733 3946 pomorskomai
1760 3874 1996 3946 scyrebadtorna,

327 3981 405 4038 aeta
422 3981 540 4052 poa-edu
563 3982 682 4053 tatrones
704 3981 785 4052 proti
808 3980 1023 4052 carcassensem
1046 3979 1223 4038 sodurstom
1246 3981 1257 4037 i
1279 3979 1459 4051 spartanam,
1482 3979 1542 4050 troii
1565 3995 1602 4037 sa
1627 3977 1725 4038 taient
1755 3979 1795 4036 da
1827 3978 1894 4036 obc'c
1924 3979 2001 4035 sis-

327 4085 457 4146 obc'em'm
480 4086 517 4144 od
540 4087 625 4145 ortae
649 4083 810 4157 Asdriiom
834 4085 947 4143 orarem
973 4085 1073 4156 irratio
1096 4085 1274 4161 aporrhoea,
1297 4087 1324 4143 te
1358 4085 1413 4143 cto
1442 4100 1472 4142 se
1506 4083 1595 4143 luiba
1628 4085 1757 4162 obtstiai,
1782 4083 1823 4141 do
1856 4084 1869 4140 i
1904 4083 2001 4141 recens

1007 4183 1195 4262 castaneae
1217 4189 1323 4250 iactis.

477 4343 685 4408 Innocentius
709 4345 878 4428 spiscopus
903 4351 963 4405 etc.
989 4340 1228 4406 venerabilibus
1251 4341 1405 4407 fratribus
1429 4342 1460 4406 S.
1485 4341 1645 4406 colocensi
1668 4339 1923 4426 archiepiscopo,
1955 4337 1992 4403 V.

332 4449 505 4514 Geuriensi
529 4459 561 4514 et
581 4447 623 4513 D.
645 4447 857 4534 Zagrabiensi
883 4449 1053 4533 episeopis,
1087 4445 1222 4512 salutem
1255 4455 1316 4527 etc,
1353 4445 1405 4509 Ad
1440 4456 1583 4510 nostram
1615 4447 1770 4510 noueritis
1805 4445 1999 4510 audientiam

330 4659 390 4722 filii
414 4661 514 4724 nostri
534 4659 740 4744 Ungarornm
764 4660 850 4742 regis
874 4659 1019 4736 illustris,
1044 4658 1099 4742 qui
1123 4656 1247 4731 scilicet
1270 4655 1321 4721 vel
1344 4655 1467 4721 litteras
1492 4657 1554 4721 sibi
1578 4657 1765 4740 dirigerent,
1801 4668 1858 4720 ant
1887 4656 1930 4719 ab
1961 4677 1999 4718 eo

330 4765 513 4850 reciperent
536 4765 722 4848 destinatas,
748 4764 800 4830 vel
825 4765 930 4828 eidem
955 4761 1087 4848 aliquod
1111 4761 1280 4826 eonsilium
1306 4762 1357 4826 vel
1389 4762 1545 4827 auxilium
1582 4762 1783 4842 exlriberent‚
1822 4761 1873 4826 vel
1906 4763 1935 4825 ei
1969 4763 1998 4823 in

330 4869 440 4956 aliquo
463 4871 701 4935 communicare
733 4879 966 4957 presumerent,
1003 4869 1042 4932 ds
1078 4867 1227 4931 mandato
1263 4867 1345 4931 hone
1382 4869 1534 4932 memorie
1570 4867 1606 4936 O.
1644 4889 1724 4953 pape
1762 4866 1998 4953 predecessoris

332 4976 434 5038 nostri
459 4977 803 5040 excommunicationis
827 4975 949 5038 fuerint
970 4972 1099 5038 vinculo
1124 4972 1279 5051 innodati,
1304 4971 1342 5037 N.
1368 4985 1400 5037 et
1424 4973 1462 5038 A.
1490 4986 1560 5058 post
1583 4974 1948 5038 excommunicationem
1971 4979 2000 5034 et

333 5079 555 5144 inhibitionem
580 5079 791 5164 apostolicam
816 5081 919 5144 cidem
946 5081 1183 5143 communicare
1208 5080 1355 5158 scienter,
1380 5079 1552 5142 consilium
1585 5091 1616 5141 ct
1648 5079 1804 5142 auxilium
1837 5076 1998 5163 impertiri,

330 5195 363 5248 et
385 5184 494 5250 diuina
517 5196 779 5274 presumpserant
803 5187 898 5252 etiam
922 5185 1106 5251 celebrare:
1142 5183 1226 5248 unde
1263 5193 1393 5269 propter
1425 5183 1486 5248 hoc
1520 5186 1550 5247 in
1590 5183 1627 5248 N.
1665 5183 1859 5249 iadertiuum
1895 5193 1926 5247 et
1957 5181 1995 5244 A.
