4350 5932
691 571 819 654 LXV.
847 572 1156 672 acarasseon
1185 571 1435 654 kolorona..

199 769 310 830 Nikaia
337 765 361 826 l.
381 785 466 842 popa
489 769 637 841 odpouaro
661 767 795 840 Mttatju
812 769 913 841 kralju
928 769 1129 842 baparakoma
1153 785 1195 824 ua
1219 767 1309 838 njelm
1330 783 1368 838 po
1391 767 1492 838 memte
1506 767 1654 838 staoljeuo
1665 766 1798 838 pituuja,
1817 766 1887 836 toja

457 891 487 933 se
509 872 631 946 proreta
649 891 690 932 aa
713 874 852 947 taanenu
867 890 974 933 norme
996 876 1008 931 i
1031 873 1141 945 obiday'e
1163 874 1176 928 t
1198 872 1306 930 ostclih
1323 870 1432 943 jurata
1457 869 1627 944 stupemus

953 1041 1133 1129 (promae).

360 1183 463 1268 Igitur
485 1183 672 1247 refferentes
697 1183 834 1268 qualiter
858 1184 968 1248 diuina
993 1183 1163 1248 clementia
1197 1184 1404 1246 christianam
1439 1183 1626 1270 religionem
1663 1186 1880 1269 perceperitis,

198 1285 402 1374 qualiterque
426 1287 588 1373 populum
620 1299 761 1351 vestrum
796 1287 954 1373 baptizari
983 1310 1110 1353 ornnem
1143 1288 1293 1369 feceritis,
1328 1289 1465 1376 qualiter
1498 1299 1605 1353 autem
1639 1289 1684 1352 illi
1716 1299 1885 1376 postquam

198 1392 352 1479 baptizati
379 1391 478 1474 fuere,
506 1395 725 1457 iusurexerint
749 1396 944 1457 unanimiter
959 1417 1031 1458 cum
1050 1417 1166 1478 magna
1190 1395 1387 1458 f‹:rorioitate
1412 1404 1523 1460 contra
1540 1417 1607 1475 vos,
1631 1393 1793 1458 dicentes:
1821 1419 1884 1460 non

202 1499 320 1562 bonam
346 1512 404 1561 vos
429 1499 475 1561 eis
499 1497 602 1582 legem
622 1497 803 1582 tradidisse,
828 1498 973 1563 volentes
998 1503 1093 1563 etiarn
1120 1522 1176 1563 ros
1201 1499 1347 1563 occidere
1371 1510 1404 1562 et
1426 1521 1534 1582 regem
1559 1498 1657 1562 alium
1680 1501 1883 1564 constituere.

198 1600 243 1665 Et
265 1601 406 1688 qualiter
430 1623 497 1681 vos,
524 1602 634 1666 diuina
659 1613 852 1688 cooperante
875 1607 1027 1689 potentia,
1045 1604 1201 1669 aduersus
1218 1627 1273 1669 eos
1290 1607 1480 1690 praeparati,
1505 1631 1523 1668 a
1545 1607 1686 1668 maximo
1711 1627 1812 1692 usque
1844 1603 1885 1669 ad

199 1706 362 1771 modicum
391 1710 632 1793 superaueritis,
650 1719 681 1771 et
698 1710 845 1773 manibus
863 1713 979 1774 vestris
997 1711 1143 1775 detentos
1161 1710 1351 1790 habueritis,
1376 1709 1578 1797 qualiterque
1603 1731 1714 1772 omnes
1732 1712 1884 1795 primates

199 1835 310 1877 eorum
335 1827 432 1900 atque
457 1815 595 1876 maiores
628 1836 700 1876 curn
726 1815 812 1877 omui
830 1813 920 1900 prole
944 1837 1012 1896 sua,
1037 1813 1153 1898 gladiis
1177 1815 1296 1879 fuerint
1320 1817 1486 1900 perempti,
1513 1814 1691 1878 mediocres
1716 1837 1803 1897 vero,
1828 1837 1884 1879 seu
1995 1813 2000 1822 “

199 1919 341 1982 minores
366 1918 442 1982 nihil
466 1917 541 1982 mali
569 1918 767 2004 pertulerint.
795 1919 843 1982 De
867 1917 916 1984 his
942 1943 1036 1984 nosse
1060 1920 1269 1984 desideratis:
1294 1925 1347 2006 qui
1373 1922 1440 1984 vita
1464 1921 1581 2006 priuati
1605 1929 1688 2000 sunt,
1712 1931 1818 1984 utrum
1843 1941 1886 1984 ex

146 2106 149 2110 ⁴
199 2023 264 2088 illis
289 2035 456 2110 peccatum
474 2023 619 2088 habeatis
641 2034 691 2088 etc
720 2025 892 2088 Praeterea
909 2025 1086 2107 indicastis,
1112 2025 1352 2112 quodquidam
1386 2048 1522 2110 graecus
1539 2030 1707 2107 mentiens,
1731 2025 1885 2090 fateretur

198 2151 235 2194 se
271 2129 495 2216 presbyterum
532 2152 612 2210 esse,
637 2151 709 2193 cum
735 2153 796 2193 non
834 2141 928 2210 esset,
953 2155 993 2196 ac
1016 2155 1072 2218 per
1107 2132 1167 2196 hoo
1199 2134 1352 2218 plurimos
1377 2134 1409 2196 in
1434 2141 1543 2196 vestra
1566 2132 1670 2218 patria
1694 2130 1883 2216 baptizaret.

198 2233 385 2320 Cum'ergo
409 2258 467 2299 vos
492 2237 700 2320 inspiratione
725 2235 777 2300 dei
803 2238 1049 2320 cognouissetis,
1085 2237 1170 2322 quod
1197 2260 1258 2301 uon
1284 2215 1370 2302 esset
1393 2239 1571 2325 presbyter,
1597 2237 1825 2319 iudicaueritis,
1851 2245 1886 2300 ut

198 2343 366 2404 amitteret
388 2363 482 2404 aures
506 2349 538 2404 et
554 2354 657 2420 nares,
677 2351 711 2403 et
725 2343 890 2404 acerrimis
909 2341 1098 2406 verberibus
1112 2344 1309 2424 caederetur,
1335 2355 1365 2408 et
1389 2367 1431 2408 ex
1453 2353 1560 2407 vestra
1577 2345 1679 2427 patria
1703 2340 1884 2428 pelleretur,

198 2457 260 2511 etc.
287 2443 431 2510 Graecos
456 2443 563 2510 dicere
588 2445 773 2532 perhibetis,
809 2447 894 2534 quod
919 2450 950 2510 in
976 2447 1102 2512 illorum
1129 2451 1236 2534 patria
1258 2448 1398 2514 chrisma
1423 2459 1454 2513 et
1470 2451 1591 2512 oriatur
1613 2459 1645 2510 et
1668 2448 1709 2511 ab
1742 2446 1804 2511 illis
1828 2469 1885 2532 per

199 2563 303 2616 totum
330 2551 482 2616 mundum
508 2551 676 2632 tribuatur,
703 2563 734 2615 et
757 2552 830 2616 ideo
856 2575 949 2617 nosse
966 2552 1158 2618 desideratis
1175 2557 1200 2618 si
1225 2577 1335 2620 verum
1360 2557 1410 2620 sit.
1436 2553 1500 2619 Sed
1525 2557 1587 2618 iam
1613 2553 1774 2618 credimus
1798 2553 1886 2640 quod
1963 2563 1973 2584 ²

199 2666 310 2723 vestra
331 2659 471 2735 solertia,
496 2659 581 2743 quod
605 2681 717 2722 verum
734 2681 797 2722 non
822 2659 872 2740 sit,
900 2661 1141 2724 animadvertat
1164 2671 1224 2725 etc.
1250 2660 1415 2724 Postremo
1440 2659 1659 2746 deprecamini
1684 2681 1742 2722 nos
1766 2657 1885 2744 suppli-

198 2764 290 2843 citer,
318 2772 352 2826 ut
373 2759 465 2826 vobis
489 2763 758 2848 quemadmodum
784 2769 919 2828 caeteris
944 2765 1103 2849 gentibus,
1130 2787 1237 2830 veram
1264 2777 1296 2829 et
1330 2766 1505 2852 perfectam
1530 2763 1795 2828 christianitatem
1820 2787 1884 2828 non

197 2867 375 2934 habentem
403 2869 571 2949 maculam,
596 2882 650 2932 aut
675 2891 786 2952 rugam
813 2869 995 2952 largiamur,
1019 2882 1210 2943 asserentes,
1237 2871 1323 2958 quod
1345 2872 1377 2934 in
1403 2873 1538 2955 patriam
1562 2861 1703 2935 uestram
1728 2867 1818 2934 multi
1843 2891 1885 2934 ex

197 2973 341 3039 diuersis
367 2975 444 3038 locis
468 2975 634 3038 christiani
672 2975 871 3056 aduenerint,
892 2977 945 3060 qui
979 2989 1073 3061 prout
1097 2976 1244 3042 voluntas
1268 2999 1376 3040 eorum
1400 2977 1524 3055 existit5
1546 2974 1646 3040 multa
1669 2985 1701 3039 et
1727 2975 1817 3038 varia
1841 2973 1884 3038 lo·

198 3091 352 3168 quantur,
379 3080 410 3143 id
434 3090 483 3144 est
507 3079 623 3160 Graeci
648 3095 679 3144 et
702 3080 836 3144 Armeni
873 3093 970 3144 etex
994 3083 1129 3154 caeteris
1154 3082 1243 3146 locis.
1273 3121 1306 3128 -
1336 3082 1541 3168 Requisistis,
1567 3084 1592 3144 si
1617 3081 1713 3145 liceat
1736 3082 1768 3144 in
1792 3079 1885 3144 vobis

200 3183 419 3271 patriarcham
444 3185 596 3250 ordinari.
622 3184 685 3249 Sed
710 3184 750 3250 de
775 3185 834 3250 hoc
859 3186 938 3250 nihil
966 3187 1131 3252 definitiue
1148 3187 1346 3273 respondere
1371 3209 1550 3272 possumus,
1576 3187 1761 3272 priusquam
1787 3185 1885 3270 legati

199 3292 312 3370 nostri,
337 3272 611 3376 quos‘vobiscum
637 3293 791 3356 mittimus
823 3294 946 3356 reuersi
963 3292 1091 3373 fuerint,
1116 3303 1150 3357 ut
1176 3293 1278 3373 nobis,
1304 3314 1387 3378 quae
1404 3295 1486 3356 inter
1511 3314 1568 3355 vos
1594 3290 1828 3371 multitudosit,
1853 3300 1885 3355 et
1984 3291 1987 3298 ’

200 3397 396 3460 unanimitas
420 3395 667 3462 christianorum
692 3399 885 3462 renuntient.
906 3397 988 3474 Nam
1006 3400 1133 3462 interim
1159 3401 1344 3484 episcopum
1371 3397 1530 3479 habetote,
1550 3407 1582 3460 et
1605 3397 1660 3480 (si)
1687 3419 1759 3460 oum
1782 3398 1883 3460 incre-

200 3511 309 3566 mento
334 3501 463 3566 diuinae
485 3510 615 3588 gratiae,
654 3502 870 3568 christianitas
894 3503 938 3567 ibi
970 3503 1066 3568 fuerit
1089 3503 1230 3584 dilatata,
1256 3514 1288 3568 et
1312 3505 1454 3588 episcopi
1479 3525 1537 3589 per
1560 3501 1704 3586 singulas
1729 3500 1883 3566 ecclesias

200 3606 353 3688 ordinati,
382 3617 458 3672 tunc
482 3607 649 3693 eligendus
682 3620 732 3672 est
754 3613 836 3673 inter
867 3631 925 3673 vos
949 3631 1040 3696 uuus,
1065 3610 1119 3694 qui
1143 3610 1170 3672 si
1194 3631 1256 3673 non
1282 3607 1471 3694 patriarcha,
1504 3617 1591 3674 certe
1621 3605 1883 3692 archiepiscopus

199 3712 412 3799 appellandus
435 3715 486 3797 sit,
509 3714 550 3778 ad
567 3737 662 3800 quem
681 3737 792 3779 omues
809 3724 1010 3779 concurrant.
1028 3724 1087 3778 etc.
1106 3724 1166 3779 etc.
1192 3713 1313 3778 Verum
1342 3725 1449 3779 tamen
1475 3717 1507 3776 in
1531 3713 1582 3776 his
1606 3711 1756 3777 omnibus
1780 3711 1884 3776 aderit

201 3819 424 3883 misericordia
459 3819 508 3882 dei
541 3815 647 3883 missis
679 3821 806 3900 nostris,
839 3829 870 3883 et
899 3818 1006 3883 futuro
1038 3821 1189 3906 episcopo
1221 3829 1339 3902 vestro,
1374 3823 1428 3905 qui
1461 3842 1518 3883 vos
1557 3819 1723 3899 instruant,
1746 3827 1777 3881 et
1803 3815 1881 3902 quid

201 3945 297 4008 agere
321 3924 468 3988 debeatis
492 3924 695 3989 abundanter
719 3923 876 3989 erudiant.
906 3962 941 3972 -
969 3921 1052 3988 Cum
1076 3935 1182 3988 autem
1202 3927 1399 4010 episcopum,
1417 3924 1477 3987 deo
1497 3923 1702 4004 concedente,
1727 3922 1768 3985 ad
1794 3945 1883 4007 prae-

202 4028 326 4093 sulatus
351 4032 453 4094 nostri
479 4031 690 4094 ministerium
714 4030 899 4104 habueritis,
924 4030 977 4093 illc
1003 4052 1060 4094 vos
1076 4030 1207 4095 docebit
1230 4032 1335 4094 omnia
1358 4051 1440 4114 quae
1464 4027 1505 4092 ad
1529 4028 1671 4092 officium
1696 4049 1788 4091 suum
1813 4050 1883 4112 per-

202 4135 313 4214 tinent,
340 4149 372 4198 et
396 4137 422 4199 si
447 4151 630 4222 quaesunt,
648 4159 731 4222 quae
750 4159 812 4200 non
840 4136 955 4221 capiet,
975 4135 1016 4200 ab
1039 4136 1234 4222 apostolicae
1270 4135 1356 4200 sedis
1380 4135 1570 4198 auctoritate
1594 4135 1757 4210 suscipiet.
1783 4132 1882 4196 Porro

202 4277 245 4286 —
264 4239 401 4322 refertis,
426 4239 512 4327 quod
536 4239 620 4304 soliti
645 4239 769 4304 fueritis
793 4240 920 4326 quando
938 4242 979 4304 ad
997 4241 1151 4328 praelium
1178 4240 1482 4327 progrediebamini,
1507 4240 1576 4303 dies
1600 4249 1632 4303 et
1655 4237 1749 4302 horas
1774 4236 1882 4301 obser·

202 4367 288 4426 uare,
315 4355 347 4410 et
370 4347 627 4410 incantantiones
650 4357 682 4410 et
707 4347 778 4410 ioca
805 4355 837 4410 et
858 4348 1002 4410 carmina
1027 4357 1059 4410 et
1082 4345 1234 4410 nonnulla
1259 4348 1394 4432 auguria
1418 4367 1580 4422 exercere,
1604 4354 1636 4408 et
1660 4345 1773 4438 instrui
1798 4342 1879 4406 desi·

201 4449 332 4532 deratis,
358 4450 435 4536 quid
460 4472 545 4514 nuuc
567 4451 660 4515 vobis
682 4449 842 4536 agendum
860 4449 927 4514 sit?
949 4449 999 4514 De
1021 4473 1085 4537 quo
1109 4474 1167 4516 nos
1191 4453 1373 4516 necessario
1390 4473 1453 4515 non
1478 4473 1535 4514 vos
1557 4452 1796 4532 instrueremus,
1821 4449 1883 4511 nisi

201 4577 299 4642 super
323 4553 385 4620 hoc
408 4579 465 4620 nos
489 4555 643 4636 diuinitus
681 4557 853 4621 instructos
878 4566 1102 4621 contueremur
1137 4555 1405 4643 Superrdiuinum
1438 4557 1523 4620 enim
1556 4553 1799 4618 fundamentum
1824 4575 1883 4617 nos

201 4660 374 4726 aedificare
402 4650 581 4748 quidquem
607 4685 669 4726 non
703 4669 884 4748 possumus.
910 4663 1013 4746 Igitur
1037 4684 1108 4726 cum
1138 4663 1178 4725 ad
1211 4661 1366 4748 praelium
1400 4661 1559 4747 proficisci
1592 4659 1772 4745 disponitis,
1797 4659 1881 4744 quod

201 4767 263 4853 ipsi
289 4769 577 4850 commemorastis,
605 4789 701 4852 agere
725 4768 757 4830 in
782 4767 833 4832 dei
864 4769 993 4831 nomine
1017 4791 1080 4833 non
1097 4769 1253 4848 omittite3
1281 4765 1387 4848 idest,
1412 4765 1453 4830 ad
1477 4765 1631 4830 ecclesias
1649 4765 1704 4847 ire,
1723 4767 1883 4828 orationes

200 4893 368 4958 peragere,
391 4873 598 4958 peccantibus
624 4871 802 4956 indulgere,
838 4873 1006 4937 missarum
1033 4871 1197 4937 solemniis
1221 4875 1387 4953 interesse,
1412 4869 1591 4934 oblationes
1616 4869 1741 4948 offerre,
1760 4865 1883 4936 eonfes·

200 4979 325 5043 sionem
351 4977 539 5042 delictorum
576 4977 798 5044 sacerdotibus
821 4977 937 5061 facere,
958 4977 1251 5042 reconciliationem
1278 4986 1309 5042 et
1332 4977 1589 5041 communionem
1616 4975 1790 5060 percipere,
1815 4993 1882 5036 car·
1960 5051 1963 5056 Ι

196 5105 293 5149 ceres
317 5085 453 5170 aperire,
471 5085 601 5148 vincula
619 5084 806 5168 dissoluere,
825 5107 936 5149 seruos
953 5094 985 5148 et
1012 5085 1185 5170 praecipue
1212 5090 1392 5146 contractos
1416 5089 1448 5144 et
1468 5079 1591 5144 debiles
1616 5087 1713 5163 atque
1737 5077 1882 5162 captiuos
1950 5135 1953 5151 ,

198 5188 353 5254 libertate
377 5189 506 5271 donare,
530 5213 569 5254 ac
592 5189 813 5278 indigentibus
837 5187 1041 5275 elemosynas
1062 5211 1205 5274 erogare.
1230 5197 1290 5252 etc.

362 5325 467 5388 Caesar
491 5327 637 5383 Batonius.
662 5327 788 5383 Annales
811 5327 919 5382 Euclea.
942 5325 976 5380 T.
1001 5327 1036 5380 Χ.
1063 5325 1096 5380 Α.
1122 5326 1193 5382 866.
1218 5343 1242 5380 c.
1268 5321 1362 5382 4-7.
1379 5323 1477 5380 Manui.
1495 5323 1557 5380 XV.
1581 5329 1629 5402 etr.
1655 5321 1726 5378 401.

1761 5423 1779 5468 b
