4292 5926
323 401 365 466 14

322 595 417 658 cinna
441 603 472 658 et
492 593 649 659 Iohannis
671 594 711 658 de
735 595 861 658 Brauao
887 597 999 660 maiori
1031 583 1268 682 etpresbyteri
1293 595 1417 662 Sirone.
1444 595 1525 660 Item
1547 597 1733 682 comparaui
1763 619 1783 660 a
1813 594 2007 681 Vekenega,

324 701 429 786 neptia
445 699 629 785 Radouege,
655 702 686 762 iu
711 699 822 764 eodem
841 697 969 766 Brauzo
994 701 1130 765 mediam
1156 711 1283 781 terram,
1309 702 1402 764 cuiue
1418 699 1515 763 aliam
1533 699 1736 764 medietatem
1754 700 1836 766 Mira
1853 701 2008 783 habebat,

323 827 380 892 pro
404 805 447 873 II.
471 807 655 886 numanatis,
681 806 939 892 supradictorum
964 793 1181 872 testimonium
1207 817 1239 870 et
1262 804 1421 870 Gridiuna
1443 817 1475 871 et
1491 805 1657 872 Wiiciuna
1672 817 1771 872 testes
1787 818 1820 873 et
1838 808 2010 896 presbyter

322 911 439 974 Sirone
462 913 563 976 testis.

478 1111 507 1166 Ia
529 1111 679 1182 aspisnika
700 1119 863 1168 samoetana
885 1131 926 1172 sr.
951 1113 1051 1184 Marijc
1075 1132 1091 1167 u
1117 1113 1220 1170 Zadru.

884 1405 1000 1486 xvr.
1027 1404 1139 1486 noa.
1166 1353 1228 1486 aa.
1256 1404 1443 1505 souma.

322 1587 469 1646 Kolomoa
492 1587 573 1659 krotj
596 1585 730 1644 tractati
750 1588 762 1644 r·
782 1587 907 1659 operati
929 1587 1058 1659 rotlinje
1080 1603 1112 1644 ec
1137 1585 1331 1659 Tropr'ranom
1352 1604 1393 1644 ao
1414 1589 1521 1645 coctam
1537 1587 1632 1662 tram,
1649 1586 1689 1645 da
1704 1587 1734 1645 te
1749 1587 1851 1646 curati
1866 1587 2005 1646 tbrmu'tt

834 1707 935 1762 pravo
958 1691 1082 1764 ujihoco
1102 1691 1201 1765 produ
1224 1692 1236 1749 i
1258 1691 1352 1750 dr'toue
1376 1687 1488 1764 eemlje.

479 1880 574 1944 Anno
598 1879 759 1943 dominice
785 1880 1014 1943 incarnationis
1037 1879 1068 1942 Μ
1107 1877 1143 1943 O.
1168 1879 1254 1944 VIII.
1282 1901 1390 1942 menae
1426 1879 1463 1945 V.
1490 1880 1542 1945 die
1565 1879 1675 1947 XXV.
1702 1880 1796 1944 Auno
1820 1879 1897 1946 XII.
1915 1883 2010 1964 regni

325 1989 397 2052 mci.
422 1987 494 2072 Ego
521 1985 716 2052 Colomanua
741 2009 800 2049 rex
825 1985 979 2070 Ungarie,
1006 1984 1135 2049 Croatie
1158 1995 1256 2071 atque
1281 1984 1444 2049 Dalmatie
1470 1988 1539 2050 iuro
1570 2009 1668 2073 super
1699 1995 1844 2051 sanctam
1877 2009 2009 2051 crucem

325 2092 418 2157 vobis
442 2091 633 2174 Traguriuie
666 2092 745 2154 meis
771 2088 922 2153 fidelibus
953 2090 1078 2154 ciuibus
1107 2087 1230 2155 firmam
1260 2113 1387 2176 pacem3
1424 2089 1522 2155 mihi
1547 2102 1585 2155 et
1608 2091 1692 2158 fitio
1717 2115 1803 2156 meo
1826 2102 1897 2157 aut
1918 2115 2011 2156 suc-

323 2199 575 2264 cessoribus
600 2201 700 2262 meis
725 2197 953 2261 tributarii
978 2218 1024 2260 ue
1048 2195 1166 2278 sitis3
1190 2197 1375 2282 episcopum
1408 2207 1560 2260 veroaut
1590 2197 1739 2261 comitem
1764 2219 1860 2282 quem
1892 2197 2005 2263 clerus

323 2315 355 2368 et
379 2303 515 2390 populus
539 2301 673 2388 elegerit
690 2301 857 2380 ordinabo,
875 2309 915 2365 et
940 2300 1033 2384 Iege
1056 2303 1648 2386 antiquituscouetitutavoa
1666 2303 1725 2366 uti
1743 2303 2009 2388 permittam,

323 2420 525 2495 preterquam
551 2409 700 2472 introitus
726 2419 834 2492 portus
858 2407 998 2470 ciuitatis
1021 2405 1061 2470 de
1085 2406 1252 2470 extraneis
1277 2405 1357 2470 duas
1382 2417 1489 2492 partes
1513 2429 1572 2472 rex
1608 2407 1733 2488 habeat,
1766 2409 1893 2471 tertiam
1924 2429 2009 2472 vero

321 2536 430 2578 comes
454 2515 605 2593 ciuitatis,
630 2512 786 2577 decimam
811 2523 917 2576 autem
944 2513 1127 2597 episcopus.
1151 2511 1189 2574 In
1213 2513 1343 2574 ciuitate
1366 2533 1494 2598 quoque
1519 2523 1627 2577 vestra
1651 2515 1856 2576 nemiuem
1873 2511 2011 2598 Uaga·

321 2643 480 2686 rorum.
505 2617 572 2684 vei
597 2617 948 2704 alienigenarum
973 2616 1121 2682 habitare
1146 2619 1336 2702 permittam,
1363 2620 1422 2680 nisi
1457 2639 1552 2703 quem
1586 2617 1737 2683 voluntas
1769 2630 1878 2684 vestra
1909 2642 2011 2706 expe-

323 2727 421 2791 tierit.
449 2723 530 2789 Oum
556 2735 663 2788 autem
687 2723 728 2788 ad
753 2746 811 2787 vos
835 2723 1125 2804 coronandus,
1151 2729 1206 2785 aut
1238 2721 1458 2816 vobiscum
1494 2723 1615 2808 regni
1649 2726 1778 2809 negotia
1809 2735 2011 2790 tractaturus

321 2832 500 2913 aduenero,
525 2831 645 2894 nemini
671 2831 788 2894 ciuium
815 2831 864 2894 vis
889 2827 1045 2894 inferetur
1069 2827 1237 2891 domorum
1262 2849 1402 2907 suarum,
1426 2829 1488 2892 nisi
1514 2850 1610 2914 quem
1627 2827 1758 2894 dilectio
1776 2841 1884 2896 vestra
1899 2853 2011 2896 susce·

323 2938 414 3023 perit.
440 2937 484 3000 At
507 2939 533 3000 si
559 2933 641 3000 forte
676 2933 850 3021 aliquando
875 2934 1052 2999 dominium
1078 2955 1184 2997 meum
1209 2931 1349 3018 aliquem
1374 2954 1552 3018 aggrauars
1581 2933 1755 3017 ridebitur,
1787 2947 1819 3002 et
1847 2936 1927 3000 aIias
1964 2939 2012 3001 ire

321 3041 469 3123 voluerit,
494 3063 607 3106 secure
631 3062 703 3104 cum
728 3062 831 3105 uxore
855 3051 886 3104 et
908 3041 983 3104 filiis
1008 3053 1040 3104 et
1063 3037 1186 3102 familia
1209 3049 1241 3102 et
1265 3037 1414 3103 omuibus
1438 3041 1505 3105 suis
1537 3063 1730 3128 quocunque
1761 3043 1823 3108 sibi
1856 3041 2015 3128 placuerit

321 3158 382 3212 eat.
409 3185 444 3195 -
472 3145 545 3211 Hoc
568 3157 675 3211 autem
700 3157 936 3211 sacramentum
962 3169 981 3210 a
1005 3168 1080 3229 rege
1105 3156 1137 3209 et
1160 3143 1202 3208 ab
1225 3143 1469 3231 archiepIacopo
1486 3146 1660 3214 Laurentio
1677 3159 1709 3212 et
1724 3148 1896 3212 comitibus
1913 3147 2005 3213 Hun-

320 3255 410 3339 garie
426 3256 650 3320 confirmatum
675 3265 733 3319 est.
759 3252 830 3337 Ego
846 3253 997 3333 ¹Joaunes
1018 3251 1176 3337 palatinus
1200 3272 1309 3315 comes
1330 3250 1433 3330 qudo,
1460 3262 1492 3315 et
1507 3252 1674 3319 confirmo.
1692 3251 1763 3337 Ego
1780 3253 1876 3338 Appa
1891 3275 2004 3318 comes

320 3357 417 3423 laudo
442 3370 473 3423 et
497 3359 662 3424 confirmo.
687 3357 758 3444 Ego
783 3357 924 3422 Thomas
948 3357 1134 3421 albanensis
1158 3377 1266 3420 comes
1291 3355 1386 3421 laudo
1410 3367 1442 3420 et
1458 3357 1622 3422 confirmo.
1649 3357 1719 3442 Ego
1735 3357 1878 3423 Jacobue
1897 3359 2012 3436 boaor·

322 3465 445 3529 dioneia
467 3487 577 3529 cumas
601 3465 697 3530 Iaodo
719 3475 753 3528 et
773 3463 940 3528 confirmo.
964 3462 1037 3548 Ego
1062 3461 1170 3546 Vgodi
1194 3464 1422 3528 wasuarieneie
1445 3484 1550 3526 comes
1574 3461 1670 3528 laudo
1694 3473 1726 3526 et
1749 3463 1915 3528 confirmo.
1936 3463 2008 3550 Ego

325 3568 434 3634 Slauia
458 3592 566 3635 comes
592 3570 845 3654 uouogradensis
869 3568 965 3634 laudo
991 3581 1022 3634 et
1045 3568 1210 3634 confirmo.

481 3768 597 3828 Lucina.
619 3767 663 3823 Da
687 3785 774 3840 regno
795 3767 888 3823 Dalm.
913 3774 942 3824 et
963 3765 1058 3824 Oroat.
1085 3767 1226 3826 Lib.111.
1251 3784 1274 3822 c.
1300 3767 1329 3822 4.
1353 3767 1418 3826 Lib.
1439 3767 1490 3827 VI.
1515 3784 1577 3838 cap.
1603 3768 1631 3828 2,

830 4057 969 4142 xvll.
997 4058 1111 4140 1109.
1140 4057 1177 4142 U
1206 4059 1495 4142 Dubrovulku

322 4225 467 4284 Dominilr
490 4223 660 4296 nodbteioup
682 4219 864 4280 dubrooat‘lri
886 4221 1053 4295 aaredjujc,
1077 4221 1117 4278 do
1140 4221 1230 4279 ortuo
1252 4237 1296 4280 aa.
1321 4207 1449 4280 Simena
1472 4239 1494 4279 u
1508 4218 1709 4281 Dabrooniiru
1731 4227 1835 4282 ostano
1858 4221 2014 4294 iaadolje

922 4329 1071 4386 olaatttost
1090 4331 1263 4386 somostuno
1285 4325 1416 4386 uuonan.

481 4519 553 4606 Ego
576 4517 769 4583 Dominicus
793 4517 904 4602 gracia
927 4515 979 4580 dei
1000 4509 1242 4580 Rachuseorum
1269 4513 1543 4602 archiepiscopus.
1568 4513 1712 4601 Cupiens
1735 4518 1767 4580 in
1792 4515 2012 4602 archiepisco·

321 4637 398 4716 patu
416 4636 524 4692 nostro
549 4607 586 4690 ea
608 4647 671 4710 que
696 4625 776 4688 bene
800 4633 873 4688 acta
894 4621 1029 4703 fuerant,
1052 4621 1203 4685 roborare
1226 4630 1325 4706 atque
1348 4623 1485 4701 firmare,
1510 4629 1542 4684 et
1564 4643 1602 4683 ea
1626 4643 1689 4706 que
1712 4619 1821 4708 aliquo
1840 4621 1937 4686 modo
1955 4621 2011 4687 de·

326 4733 455 4819 pravari
479 4730 667 4814 contigerat,
692 4730 853 4813 corrigere
878 4737 910 4792 et
932 4727 1118 4810 reformare,
1144 4726 1286 4812 dumque
1310 4725 1371 4791 hec
1395 4747 1475 4811 pura
1498 4734 1644 4810 satagere
1668 4728 1800 4791 nitimue
1829 4728 2015 4808 intentione,

322 4837 457 4904 relatum
482 4846 531 4901 est
553 4835 647 4900 nobis
671 4833 711 4900 de
736 4835 929 4899 monasterio
954 4833 1055 4897 sancti
1080 4831 1261 4918 Symeonis,
1285 4831 1371 4917 quod
1396 4832 1428 4895 in
1452 4831 1532 4896 urbe
1556 4841 1666 4896 nostra
1687 4834 1782 4896 situm
1806 4843 1864 4913 est,
1890 4835 1922 4897 in
1949 4855 2015 4918 quo

322 4955 433 5009 sancte
458 4939 614 5006 moniales
636 4939 694 5005 soli
708 4940 768 5005 deo
793 4937 931 5003 militare
945 4937 1092 5003 ordinate
1116 4941 1251 5018 fuerant,
1276 4938 1361 5023 quod
1380 4940 1549 5017 occasione
1566 4937 1719 5002 heredum
1737 4938 1865 5003 iliorum
1882 4937 2011 5004 scilicet

324 5051 361 5117 Α.
384 5062 416 5114 et
439 5049 476 5113 L.
501 5049 555 5134 qui
582 5049 670 5133 prius
694 5046 924 5110 monasterium
950 5047 982 5109 in
1008 5047 1202 5130 proprietate
1226 5065 1284 5108 sus
1307 5065 1365 5128 pro
1389 5043 1531 5113 remedio
1554 5046 1734 5109 animarum
1774 5067 1904 5109 auarum
1937 5067 2011 5109 euo-

321 5177 456 5240 rumque
480 5163 647 5240 parentum
673 5161 892 5218 constructum
916 5149 977 5215 dec
1001 5149 1209 5214 deuotissime
1233 5144 1427 5228 obtulerunt,
1460 5149 1590 5236 quidam
1624 5161 1748 5216 mutare
1780 5161 1812 5215 et
1840 5150 2010 5214 destruere

321 5271 523 5326 conarentur.
548 5257 614 5323 Nos
635 5270 740 5323 autem
767 5261 829 5324 iam
854 5257 957 5323 dictos
981 5254 1116 5321 heredee
1140 5254 1181 5320 ad
1205 5277 1263 5320 nos
1288 5256 1496 5320 euocauimus
1520 5266 1552 5320 et
1574 5255 1747 5342 diiigenter
1771 5257 1926 5322 sciscitati
1947 5279 1999 5322 su·
