4292 5926
292 357 334 443 74.

288 550 534 644 archicpiscopi,
555 567 652 644 atque
672 559 834 625 Dominici
857 559 1044 626 Macroceni
1071 563 1207 628 comitis.
1230 563 1297 629 Nos
1321 563 1460 651 denique
1485 567 1726 652 prenominatus
1749 568 1973 658 Lampredius

288 659 552 748 archiepiscopus
576 674 608 726 et
630 663 821 729 Dominious
846 663 1058 732 Maurooeuus
1083 689 1200 750 comes,
1225 668 1334 734 etalii
1359 669 1485 736 nobiles
1508 673 1579 754 uiri,
1603 675 1659 758 qui
1690 673 1723 738 iu
1754 676 1817 740 isto
1848 674 1973 760 placito

289 765 503 848 interfuimus,
527 767 675 834 iubemus
699 770 769 834 fieri
793 770 947 834 cartulam
972 773 1204 838 recordationis
1228 773 1269 838 de
1293 775 1421 860 placito,
1446 777 1532 864 quod
1564 779 1730 844 abbatissa
1765 781 1868 846 sancti
1891 779 1973 846 Pla·

288 871 384 952 tonis,
410 871 541 955 Urania,
565 883 676 940 contra
700 873 885 942 Scemosam
910 889 1020 942 sancte
1044 876 1146 942 Marie
1170 879 1379 962 abbatissam,
1403 882 1443 946 de
1467 884 1570 966 terris,
1595 905 1658 970 que
1682 886 1713 950 iu
1728 883 1876 950 Brauiao
1900 887 1977 950 site

290 987 373 1058 suut,
398 977 603 1062 placitabunt,
629 1003 709 1066 quas
733 981 858 1066 Petrus,
881 982 1028 1048 Semiuiti
1051 983 1147 1066 filius,
1172 1008 1237 1050 una
1267 1007 1339 1050 rum
1363 987 1438 1052 filiis
1473 986 1570 1054 Crine
1604 999 1637 1053 et
1672 992 1739 1056 suis
1776 991 1972 1077 propinquis

287 1086 508 1168 prenominato
532 1086 667 1150 cenobio
691 1087 857 1152 dederuut.
882 1087 953 1154 Hec
966 1113 1103 1176 namque
1120 1101 1205 1155 terra
1220 1093 1334 1178 incipit
1350 1091 1392 1156 ha
1407 1092 1482 1180 (sic)
1495 1095 1655 1159 territorio
1670 1096 1773 1160 sancti
1791 1093 1974 1181 Orisogoui

287 1209 330 1252 ex
353 1197 489 1277 utraque
513 1201 741 1279 parte„usque
764 1195 805 1258 ad
837 1195 944 1258 riuum
974 1195 1235 1274 descendentem,
1267 1208 1299 1262 et
1331 1219 1376 1262 cx
1407 1197 1470 1263 ulia
1505 1209 1594 1285 parte
1628 1201 1691 1264 riui
1725 1201 1971 1266 ascendentem,

287 1314 389 1381 usque
413 1296 454 1360 ad
478 1296 593 1364 siluam
618 1300 711 1364 iuxta
734 1301 928 1366 territorium
953 1304 1056 1366 sancti
1080 1301 1237 1384 Nicolahi,
1260 1289 1370 1390 preter
1392 1305 1549 1390 quasdam
1574 1304 1694 1370 terulas
1717 1307 1751 1370 iu
1776 1306 1880 1370 medio
1910 1329 1973 1393 po·

286 1400 374 1484 sitas,
396 1403 461 1487 ¹que
486 1405 588 1467 sancti
606 1403 776 1489 Orisogoni
801 1405 871 1469 fieri
893 1404 1084 1492 probantur.
1107 1407 1245 1472 Dicebat
1269 1411 1353 1473 euim
1380 1412 1483 1476 sancti
1508 1411 1651 1476 Platonis
1685 1411 1867 1477 abbatissa:
1904 1411 1973 1476 bec

286 1513 372 1569 terra
403 1507 538 1572 cenobio
570 1511 675 1573 sancti
699 1510 843 1574 Platonis
868 1513 1013 1592 attinere,
1039 1522 1070 1576 et
1094 1522 1321 1577 testamentum
1346 1515 1544 1597 ostendebat,
1569 1517 1655 1602 quod
1680 1540 1698 1580 a
1721 1517 1859 1603 quodam
1893 1520 1973 1583 viro

287 1631 344 1696 pro
368 1612 483 1698 viginti
508 1617 682 1679 romanatis
707 1626 837 1682 emerat.
864 1615 994 1698 Contra,
1019 1629 1129 1682 sancte
1153 1618 1255 1682 Maris
1278 1619 1445 1684 abbatissa
1468 1620 1698 1706 respondebat:
1739 1623 1836 1686 immo
1871 1623 1975 1688 uobis

286 1717 407 1796 attinet,
433 1727 465 1782 et
488 1740 546 1783 nos
570 1743 641 1784 eum
666 1744 794 1808 semper
817 1722 1046 1805 laborauimus,
1070 1732 1102 1788 et
1124 1745 1183 1810 per
1206 1709 1469 1808 manus,nostras
1493 1725 1565 1790 aliis
1586 1727 1628 1790 ad
1652 1726 1864 1791 laborandum
1898 1737 1971 1791 tra·

286 1821 435 1904 didimus,
459 1827 535 1910 quia
558 1825 682 1906 Petrus,
709 1827 974 1911 Semiuitifilius,
999 1851 1156 1893 unacum
1188 1831 1254 1894 suis
1286 1831 1476 1917 propinquis
1507 1830 1590 1896 banc
1621 1843 1738 1896 terram
1773 1835 1973 1912 monasterio

286 1926 379 1992 bea'te
404 1927 506 1994 Maria
530 1930 672 2014 dederat,
699 1943 731 1997 et
754 1937 849 1998 etiam
873 1944 1099 1999 testamentum
1123 1934 1423 2000 indecsteudebat.
1448 1935 1619 2004 Undcnos
1642 1940 1800 2002 rationem
1818 1961 1972 2024 perscru-

286 2042 390 2098 tantes
414 2045 613 2135 cautusque
636 2049 737 2124 parte,
759 2039 975 2106 iudicauimus
1000 2039 1151 2105 Scemosc
1176 2039 1339 2108 abbatisse
1364 2052 1473 2108 sancte
1503 2041 1608 2108 Maris
1642 2064 1714 2108 cum
1748 2065 1808 2108 sex
1843 2043 1972 2108 sanctis

286 2139 479 2205 monialibus
504 2164 596 2206 suum
622 2153 848 2210 testamentum
873 2145 1045 2228 affirmare,
1076 2145 1162 2232 quod
1195 2147 1274 2231 ipsa,
1307 2156 1342 2211 ut
1372 2149 1462 2212 curia
1492 2149 1646 2233 precepit,
1678 2171 1786 2213 coram
1818 2147 1974 2235 pluribus

285 2245 470 2312 affirmauit.
494 2247 567 2312 Hoc
588 2261 694 2314 actum
715 2259 764 2314 est
787 2273 895 2314 coram
920 2250 969 2315 his
993 2252 1147 2316 testibus:
1171 2251 1316 2337 Josepho
1349 2251 1464 2333 iudice,
1497 2251 1676 2337 Crisogono
1708 2254 1825 2336 iudice,
1854 2253 1973 2319 Manlio

287 2351 424 2437 plebano
448 2357 551 2419 sancti
572 2353 669 2436 Petri,
695 2355 854 2420 Michaele
876 2355 1015 2442 plebano
1040 2345 1142 2424 sancti
1162 2357 1260 2440 Petri,
1278 2357 1413 2424 Nicolao
1431 2357 1571 2442 Milaaci,
1587 2359 1720 2424 Andrea
1736 2359 1841 2442 Lisce,
1859 2360 1973 2426 Zurra

284 2456 438 2543 Talarigi,
461 2459 625 2543 Lemesso,
651 2460 800 2526 Vilcinna
823 2461 890 2526 filio
914 2461 1030 2548 Lopre,
1055 2462 1223 2528 Grubcssa
1246 2461 1313 2527 filio
1336 2463 1481 2550 losephi,
1505 2462 1624 2546 Micha,
1649 2465 1715 2531 filio
1738 2465 1859 2552 Tripte,
1884 2466 1973 2530 Gre-

285 2565 377 2646 gorio
400 2562 524 2645 Vitaae,
549 2573 582 2630 et
604 2562 767 2650 Stephano
792 2565 927 2641 Cosutti,
951 2567 1076 2632 Jacobc
1101 2567 1287 2653 Segurlutti,
1312 2566 1459 2632 Surdano
1484 2577 1581 2655 atque
1603 2568 1767 2656 Stephano
1795 2568 1890 2635 Zeno.
1921 2569 1974 2634 Et

288 2688 348 2750 ego
371 2667 537 2732 lohannes
564 2680 674 2734 sancte
697 2669 871 2736 Anastasia
894 2671 1112 2738 subdiaconus
1136 2682 1233 2760 atque
1257 2675 1410 2756 notarius,
1442 2673 1565 2738 ibidem
1588 2695 1661 2739 cum
1692 2673 1743 2738 his
1772 2674 1972 2761 supradictis

287 2771 423 2838 testibus
446 2773 587 2857 interfui,
614 2776 728 2860 scripsi
752 2785 784 2840 et
807 2775 1025 2842 corroboraui.

433 2941 462 3028 la
485 2979 582 3046 starog
604 2975 751 3046 zupisnika
772 2977 836 3034 aad.
860 2985 1021 3033 samostaua
1044 2996 1083 3032 er.
1108 2978 1219 3048 Marijc.

968 3269 1141 3353 XCVII.
1174 3273 1282 3355 1167.

471 3447 598 3522 saepae
618 3449 686 3509 III.
710 3451 791 3524 nau·
813 3451 949 3509 tractati
972 3450 984 3507 i
1006 3451 1140 3529 aparcti,
1159 3451 1333 3524 pcturdy'ujc
1356 3437 1551 3512 ditantuocm
1573 3457 1659 3510 storo
1676 3469 1785 3526 praua.
1810 3471 1812 3474 ·

432 3637 713 3704 Aunedominice
732 3641 963 3704 incarnationis
989 3639 1158 3705 millesimo
1182 3640 1358 3704 centesimo
1381 3641 1588 3724 sexagesimo
1610 3642 1756 3726 septimo,
1791 3661 1884 3720 auno,
1910 3663 1968 3706 oc·

283 3751 357 3806 tauo
382 3744 473 3827 regni
498 3745 570 3810 mei.
594 3743 666 3828 Ego
691 3743 873 3830 Stephanus
896 3769 957 3808 rex
981 3745 1135 3829 Ungarie,
1155 3743 1285 3809 Oroatis
1308 3754 1406 3831 atque
1429 3744 1601 3828 Dalmatia,
1616 3747 1684 3810 iuro
1702 3767 1800 3831 super
1816 3757 1977 3810 sanctam·

284 3842 422 3930 articam,
447 3849 541 3914 vobis
566 3848 833 3931 Sibiniccnsibus,
860 3851 938 3914 meis
962 3849 1272 3932 fidelibus‘cinibus,
1296 3850 1421 3915 firmam
1447 3873 1567 3936 pacem,
1603 3849 1680 3914 mibi
1716 3861 1749 3915 et
1780 3849 1847 3914 filio
1881 3871 1969 3932 mco,

283 3965 340 4020 aut
363 3956 605 4021 successoribus
629 3956 719 4038 meis,
748 3956 906 4020 tributarii
932 3979 971 4021 ne
995 3957 1075 4038 sitis,
1107 3958 1256 4020 comitem
1280 3978 1367 4038 vero,
1398 3965 1453 4020 aut
1480 3955 1630 4038 iudicem,
1664 3977 1760 4043 quem
1784 3969 1971 4036 commuue,

284 4072 316 4127 et
340 4061 510 4127 consilium
534 4060 690 4146 ellegerit,
715 4059 881 4143 ordinabo,
906 4071 938 4125 et
973 4060 1045 4146 lege
1080 4063 1213 4148 antiqua
1247 4062 1421 4126 constituta
1456 4083 1514 4126 vos
1550 4061 1596 4124 uti
1631 4061 1822 4146 permittam,
1858 4071 1973 4146 preter

165 4249 166 4254 ἵ
283 4167 370 4256 quod
394 4168 553 4250 introitus,
578 4177 690 4253 portus
714 4168 863 4248 ciuitatis,
889 4166 969 4232 duas
993 4177 1100 4253 partes
1123 4191 1184 4233 rex
1206 4167 1325 4233 habeat
1347 4167 1388 4233 de
1412 4167 1585 4254 extraneis,
1610 4167 1736 4231 tertiam
1761 4189 1838 4244 vero
1854 4189 1972 4232 comes

283 4274 434 4356 ciuitatis,
459 4273 618 4337 decimam
642 4281 749 4336 autem
774 4271 893 4338 clerici.
924 4273 961 4337 ln
993 4273 1123 4338 ciuitate
1155 4297 1284 4361 quoque
1318 4283 1427 4338 vestra
1460 4273 1621 4338 neminem
1655 4270 1872 4358 Ungarorum,
1907 4273 1968 4338 uel

285 4378 540 4462 alienigenarum
565 4377 712 4444 babitare
736 4380 928 4464 permittam,
953 4381 1014 4443 nisi
1038 4401 1199 4466 quemque
1222 4378 1371 4444 voluntas
1396 4389 1503 4444 uestra
1527 4379 1708 4464 expetierit.
1733 4377 1815 4443 Cum
1850 4387 1967 4444 autem

283 4485 323 4548 ad
349 4507 407 4548 vos
431 4483 644 4565 coronandus,
668 4493 723 4548 aut
754 4484 937 4570 ubicunque
967 4487 1059 4568 regni
1084 4487 1212 4568 negotia
1246 4493 1441 4550 tractaturus
1477 4483 1649 4565 aduenero,
1683 4485 1801 4548 nemini
1838 4485 1967 4548 ciuium

284 4591 334 4654 vis
358 4590 515 4654 inferatur
535 4589 703 4654 domorum
727 4611 868 4670 suarum,
894 4591 955 4654 nisi
980 4613 1075 4677 quem
1112 4589 1241 4655 dilectio
1276 4599 1385 4654 vestra
1418 4591 1605 4675 susceperit,
1637 4599 1693 4653 aut
1724 4589 1751 4652 si
1782 4587 1970 4654 dominium

287 4719 391 4760 meum
417 4695 556 4782 aliquem
581 4715 761 4781 aggrauare
786 4695 958 4777 uidebitur,
985 4695 1101 4760 etalio
1125 4694 1343 4776 irevolnerit,
1368 4716 1481 4759 secure
1505 4715 1577 4758 cum
1600 4715 1713 4776 uxore,
1747 4704 1779 4758 et
1812 4693 1896 4776 filiis,
1931 4705 1975 4760 ct

284 4800 417 4882 familia,
442 4811 474 4864 et
498 4800 647 4865 omnibus
669 4803 745 4883 suis,
771 4823 962 4887 quocunqne
986 4801 1048 4866 sibi
1071 4800 1235 4886 placuerit,
1261 4809 1321 4880 eat,
1351 4810 1382 4865 et
1405 4799 1466 4864 bno
1498 4799 1561 4863 illis
1594 4799 1736 4864 concedo
1760 4821 1818 4886 per
1851 4798 1971 4884 regale

285 4903 445 4988 iuditium,
470 4915 502 4969 et
526 4905 741 4992 singulariter,
765 4917 797 4970 et
820 4905 906 4994 qnod
930 4916 1023 4972 extra
1046 4907 1211 4970 ciuitatem
1235 4929 1298 4972 non
1320 4915 1424 4977 exeat,
1456 4907 1483 4970 si
1506 4903 1546 4969 de
1572 4904 1699 4970 ciuibus
1730 4903 1874 4980 iudicare
1906 4927 1973 4968 vo-

284 5009 388 5092 luerit,
414 5009 447 5074 in
472 5011 601 5074 ciuitate
626 5034 699 5076 cum
723 5012 894 5092 iudicibus,
918 5014 1032 5077 comite
1055 5021 1087 5075 et
1110 5008 1274 5088 nobilibus
1297 5010 1457 5076 iudicetur
1498 5009 1571 5074 Hoc
1595 5021 1701 5074 autem
1727 5019 1974 5076 sacramentum

284 5139 303 5179 a
324 5137 401 5202 rege
423 5115 587 5201 Stephano
611 5113 720 5204 chse
735 5119 821 5201 regis
845 5117 922 5200 filiu,
947 5127 979 5181 et
1002 5139 1021 5180 a
1044 5115 1244 5203 principibus
1270 5113 1413 5200 Ungarie
1437 5115 1660 5180 confirmatum
1678 5126 1737 5180 est.
1760 5113 1833 5200 Ego
1851 5113 1971 5200 Sayna

285 5219 476 5286 collocensis
500 5221 762 5310 archiepiscopus
788 5222 892 5306 laudo,
919 5233 950 5288 et
973 5221 1146 5303 confirm03
1169 5221 1381 5306 Ego'Vlcina
1410 5220 1650 5288 Ultrasiluauus
1679 5219 1786 5302 laudo,
1822 5231 1855 5286 et
1888 5241 1975 5286 con·
