4254 5922
248 275 257 288 Ᾰ.

22 393 131 440 i'i*
153 413 155 416 '
310 375 378 452 206

19 459 20 468 r
170 463 171 466 ,
306 449 323 476 ’,Ι

31 484 56 499 l
98 493 127 500 r-

30 512 34 538 l

32 539 74 564 τι
116 545 122 554 ,

314 580 421 635 monte
445 592 518 636 cum
539 569 632 635 hobis
655 569 792 652 illorum,
825 568 912 656 ligna
943 570 1082 636 secanda
1104 573 1137 636 in
1160 573 1231 658 ipso
1255 583 1361 640 monte
1396 574 1465 638 sine
1488 575 1741 642 contradictione
1773 576 1991 641 ministrorum

314 679 420 763 regiae
442 680 619 766 potestatis,
643 699 715 742 curn
740 679 954 762 saginacione.
976 677 1128 759 Trebius,
1155 679 1358 756 Astaruuiaa,
1388 679 1627 770 Chrapuchlelt‚
1660 681 1796 764 Vitrino,
1825 681 1992 748 Friesacb‘

315 781 429 867 Curca,
454 783 649 870 Graaluppa,
671 783 853 870 Lungouui‚
879 782 1021 864 Sublieh,
1044 783 1245 872 Tiufinpaoh,
1279 784 1438 870 Chatissa,
1463 785 1595 870 Peliasa,
1613 785 1799 871 Ohnbenaa,
1822 787 1994 862 Undrima,

314 889 420 972 Linta,
443 889 630 968 Lieznicha.
655 890 788 974 Prueca,
814 890 968 974 Mourisa,
998 891 1142 975 Liubina,
1164 891 1205 957 ad
1230 891 1463 958 Strazzinulam
1486 893 1549 960 duo
1571 893 1652 960 loca.
1675 879 1720 958 Et
1742 893 1880 980 qualiter
1910 894 1994 959 haec

312 979 428 1090 omnia,
452 1019 524 1062 cum
546 997 644 1064 rebus
667 999 730 1062 iam
754 1021 851 1084 snpra
867 1021 925 1085 per
949 995 1093 1062 ordinem
1116 1001 1297 1082 nominatis,
1321 1001 1430 1064 statim
1453 1023 1473 1064 a
1496 1023 1553 1066 suo
1587 1001 1655 1065 iure
1685 1001 1728 1066 ob
1757 1002 1884 1066 animae
1915 1023 1995 1065 suae

315 1103 492 1170 remedium
514 1102 710 1190 praelibatae
732 1103 887 1168 ecclesiae
911 1105 943 1168 in
966 1113 1156 1192 potestatem
1176 1105 1401 1192 perpetualiter
1424 1106 1469 1171 ibi
1493 1105 1677 1172 habendum
1701 1129 1740 1171 ae
1762 1106 1997 1194 possidendum

312 1207 446 1302 redegit,
471 1219 502 1274 et
525 1232 602 1273 suae
627 1209 859 1274 dominacionis
884 1213 973 1294 regia
995 1213 1186 1276 auctoritate
1211 1211 1423 1294 confirmauit,
1448 1211 1505 1276 sed
1528 1235 1587 1298 pro
1612 1213 1658 1276 rei
1679 1223 1765 1277 statu
1788 1223 1821 1278 et
1843 1213 1997 1278 firmitate

211 1315 212 1318 ’
313 1309 454 1380 nostram
479 1313 640 1380 humiliter
664 1318 790 1400 rogauit
813 1315 1046 1398 celsitudinem,
1071 1327 1105 1382 ut
1127 1339 1186 1382 nos
1202 1317 1307 1382 denuo
1331 1317 1417 1382 illius
1434 1317 1622 1384 donacionis
1639 1318 1845 1384 traditionem
1868 1331 1901 1384 et
1919 1341 1997 1384 con·

217 1407 219 1410 V
313 1419 533 1486 firmacionem
558 1421 716 1510 imperiali
739 1420 960 1508 magnitudine
984 1433 1112 1488 nostrae
1144 1421 1388 1492 munificentiae
1412 1423 1684 1490 confirmaremus.
1711 1423 1811 1490 Cuius
1844 1426 1999 1510 peticioni

312 1550 388 1592 vero
413 1528 484 1614 piae
508 1527 549 1592 ob
573 1537 682 1592 votum
706 1537 738 1592 et
761 1530 1022 1594 intercessionem
1047 1539 1081 1595 ut
1105 1537 1179 1596 ante
1207 1529 1328 1596 dietum
1352 1540 1401 1594 est
1423 1551 1518 1594 carae
1534 1529 1721 1596 contectalis
1733 1539 1865 1596 nostrae
1888 1529 1998 1596 Theo·
2026 1595 2027 1598 ,

312 1634 439 1720 phanee
463 1633 585 1698 scilicet
608 1635 819 1720 imperatricis
839 1633 1016 1720 Augustae,
1042 1657 1081 1698 ac
1104 1634 1207 1700 fidelis
1231 1635 1331 1700 nostri
1354 1635 1528 1702 Deoderici
1551 1637 1614 1702 iarn
1639 1633 1747 1702 dietae
1769 1638 1921 1704 metensis
1944 1659 1998 1702 ec·

313 1739 429 1806 clesiae
454 1741 607 1827 episcopi,
632 1763 798 1806 assensum
832 1739 1033 1828 praebentes,
1058 1741 1211 1828 quicquid
1236 1740 1398 1827 praefatus
1420 1741 1577 1820 Arnulfus
1600 1765 1659 1807 rex
1682 1743 1723 1808 ad
1746 1742 1919 1810 ecclesiam
1942 1765 1996 1810 su·

314 1848 420 1934 perias
444 1847 508 1911 iam
533 1846 653 1912 dictam
676 1847 708 1910 in
732 1845 853 1912 honore
881 1849 983 1912 sancti
1007 1846 1097 1912 Petri
1121 1847 1274 1935 principis
1298 1847 1516 1935 apostoloram
1542 1859 1574 1914 et
1592 1851 1694 1914 sancti
1716 1848 1897 1915 Roudberti
1921 1870 1998 1914 con-

314 1953 445 2020 fessoris
470 1950 591 2018 Christi
617 1953 647 2018 in
672 1952 808 2016 lucania
831 1953 970 2035 ciuitate,
995 1954 1086 2018 cuius
1111 1975 1227 2039 corpus
1253 1956 1355 2020 eciam
1378 1955 1423 2020 ibi
1447 1957 1541 2039 iacet,
1574 1966 1790 2022 constructam
1821 1979 1861 2022 ac
1884 1977 2000 2022 conse·

313 2069 434 2126 cratem
458 2057 547 2124 dedit
569 2081 607 2124 ac
632 2057 844 2140 confirmauit,
870 2070 925 2125 aut
947 2059 1000 2124 alii
1029 2049 1251 2126 antecessores
1268 2063 1337 2126 siue
1358 2083 1563 2128 successores
1579 2061 1665 2128 illius
1682 2061 1759 2130 illuc
1782 2061 2000 2143 tradiderunt,

313 2189 424 2254 parum
450 2188 521 2230 cum
547 2187 673 2250 magno,
698 2175 796 2230 totum
820 2191 840 2230 a
864 2190 947 2248 nouo
972 2169 1130 2254 imperiali
1162 2169 1363 2234 celsitudinis
1388 2180 1516 2236 nostrae
1546 2171 1737 2236 auctoritate
1761 2169 1803 2236 ad
1832 2173 1999 2255 integrum

221 2309 223 2318 ·
313 2272 518 2338 concedimus
541 2294 580 2336 ac
604 2272 840 2338 confirmamus.
863 2272 914 2337 Ea
939 2273 1092 2340 videlicet
1113 2277 1252 2358 racione,
1290 2289 1324 2342 ut
1346 2275 1386 2342 ab
1414 2275 1571 2342 hodierna
1594 2277 1645 2340 die
1670 2287 1702 2342 et
1725 2277 1879 2364 deinceps
1905 2299 2001 2363 prae·

314 2380 420 2446 dictae
444 2402 505 2460 res,
530 2379 613 2443 sicut
630 2377 672 2444 ab
688 2381 828 2466 antiquis
844 2379 975 2466 regibus
988 2380 1140 2448 videlicet
1156 2381 1208 2446 vel
1226 2383 1474 2468 imperatoribus
1485 2445 1486 2450 ,
1498 2394 1530 2448 et
1552 2385 1679 2448 nouiter
1699 2407 1719 2448 a
1741 2383 1835 2449 nobis
1858 2383 2002 2448 traditae

314 2495 345 2552 et
369 2485 576 2550 confirmatae
601 2495 684 2568 sunt,
709 2485 769 2552 sub
792 2499 946 2576 perpetuo
978 2488 1047 2552 iure
1071 2487 1215 2554 eiusdem
1240 2488 1395 2557 ecclesiae
1418 2490 1542 2575 absque
1573 2488 1709 2556 alicuius
1739 2489 2001 2554 contradictione

315 2601 533 2678 permaneant,
558 2614 618 2656 nec
641 2590 724 2656 ullus
749 2614 917 2661 successor
953 2603 1071 2676 noster,
1094 2607 1150 2658 aut
1173 2594 1249 2672 dux,
1272 2593 1325 2660 vel
1348 2619 1466 2679 comes,
1490 2600 1559 2660 siue
1584 2598 1725 2662 vicarius
1749 2595 1800 2660 vel
1832 2595 2003 2682 quaelibet

317 2697 485 2763 iudiciaria
507 2707 657 2784 potestas,
673 2697 713 2764 de
737 2699 911 2784 praedictis
926 2699 1022 2766 rebus
1040 2710 1229 2787 potestatem
1246 2701 1363 2768 habeat
1379 2703 1545 2788 quippiam
1561 2701 1750 2770 abstrahere
1774 2701 1825 2766 vel
1850 2703 2001 2766 minuere

315 2828 370 2870 seu
396 2805 567 2890 quicquam
593 2805 759 2871 molestiae
783 2807 886 2870 eidem
905 2806 1071 2872 ecclesiae
1095 2807 1213 2874 inferre
1240 2825 1433 2894 praesumat.
1458 2807 1501 2874 Et
1524 2819 1559 2874 ut
1581 2808 1663 2874 haee
1693 2809 1866 2876 auctoritas
1901 2808 2002 2894 largi·

315 2913 416 2976 cionis
440 2919 472 2976 et
495 2909 753 2976 confirmacionis
778 2923 905 2977 nostrae
941 2913 1062 2978 lirrnior
1086 2913 1255 2997 habeatur,
1280 2938 1317 2980 ac
1342 2937 1399 3000 per
1422 2914 1529 2980 futura
1552 2925 1732 3001 temporum
1755 2913 1919 2980 curricula
1946 2937 2001 2980 ve-

216 3027 217 3032 ’
317 3019 383 3082 rius
405 3016 564 3100 credatur,
589 3015 650 3080 hoc
674 3029 879 3104 pracceptum
896 3019 970 3085 iude
986 3023 1202 3106 conscriptum
1220 3021 1306 3088 anuli
1326 3023 1425 3088 nostri
1444 3023 1654 3108 impressione
1676 3023 1807 3106 signare
1830 3022 2000 3102 iussimus,

320 3147 480 3209 manrique
505 3125 642 3211 propria,
668 3133 702 3188 ut
717 3122 802 3188 infra
826 3123 962 3208 videtur,
990 3125 1278 3194 corroborauimus.

472 3228 606 3314 Signum
627 3229 735 3294 domni
760 3228 889 3296 Otto'nis
915 3233 1117 3298 inuictissimi
1142 3233 1349 3319 Imperatoris
1372 3233 1521 3320 Augusti.

474 3333 679 3401 Hildibaldus
716 3338 885 3424 episcopus
907 3348 939 3402 et
961 3339 1161 3434 cancelarius
1185 3341 1255 3404 viee
1288 3340 1443 3426 Willigisi
1474 3340 1722 3428 archicapellani
1754 3341 1942 3426 recognoui,
1969 3351 2001 3404 et

316 3440 501 3528 subscripsi.
616 3435 619 3444 ’

473 3548 558 3614 Data
581 3547 655 3613 XV.
677 3547 814 3616 Kalend.
840 3551 916 3616 iunii
948 3573 1032 3616 anno
1065 3551 1243 3616 dominicae
1282 3553 1517 3618 incarnacionis
1540 3551 1867 3621 DOOOCLXXXH.
1891 3553 2000 3619 Indic-

221 3721 223 3724 ,
317 3657 401 3717 tione
428 3652 469 3717 X.
495 3654 589 3718 Antio
615 3678 690 3718 vero
715 3657 805 3740 regni
830 3655 962 3720 secundi
994 3655 1123 3722 Ottonis
1154 3657 1265 3722 XXII.
1291 3657 1421 3745 Imperii
1446 3671 1553 3725 autem
1577 3659 1651 3726 XV.
1675 3659 1794 3726 Actum
1818 3661 1912 3726 iuxta
1935 3659 1999 3725 Ta·

316 3769 441 3824 rentum
467 3759 551 3826 foras
574 3783 680 3826 muros
703 3763 844 3828 ciuitatis
875 3761 1019 3829 feliciter.
1041 3761 1154 3827 Amen.

475 3909 657 4006 Kleiqmaycr
679 3909 804 3965 Jnuauia
826 3929 855 3980 p.
882 3913 955 3965 206.

920 4097 1159 4184 ecxnvll.
1196 4103 1242 4186 a.
1268 4103 1381 4186 1051.

317 4262 451 4320 Hearilco
475 4259 544 4318 111.
567 4279 621 4319 eor
643 4262 788 4332 ajemartt
806 4263 976 4336 potordlcje
996 4265 1077 4323 erlem
1099 4267 1324 4342 sotuoqradstoj
1339 4267 1496 4326 darocaice
1518 4267 1612 4342 svojs'h
1632 4263 1865 4342 prcdtostaihuh
1890 4269 2001 4342 tojimi

667 4369 714 4426 oot'
737 4368 880 4428 dorooote
899 4371 968 4443 isloj
991 4373 1073 4430 ortvs
1087 4374 1177 4446 ajolo
1199 4375 1303 4434 cotesto
1326 4391 1365 4435 cr
1388 4373 1485 4433 Mara
1508 4373 1521 4431 ι’
1542 4373 1658 4433 Draco.

475 4507 667 4584 innomine
691 4515 820 4572 sanctae
846 4506 1086 4574 et'indiuiduae
1118 4509 1294 4578 Trinitatis.
1317 4511 1490 4580 Heinricus
1516 4512 1627 4576 diuina
1659 4511 1788 4578 fauente
1818 4511 1998 4578 clemencia

317 4613 535 4676 Romanorum
559 4611 932 4698 imperatorAugustus.
955 4611 1091 4700 Oportet
1115 4617 1213 4700 igitur
1232 4641 1301 4700 nos,
1327 4620 1381 4705 qui
1406 4619 1516 4684 diuino
1541 4641 1651 4684 sumus
1682 4641 1814 4684 munere
1846 4641 1925 4704 prae
1948 4640 1998 4684 ce·

317 4721 394 4784 teris
419 4717 607 4782 mortalibus
632 4718 804 4800 sublimati,
841 4722 909 4786 eins
932 4721 965 4784 in
988 4721 1136 4786 omnibus
1168 4745 1280 4808 parere
1311 4727 1501 4811 praeceptis,
1535 4727 1625 4790 cuius
1655 4723 1832 4792 clemencia
1861 4721 1997 4810 praelati

317 4849 428 4890 sumus
451 4835 547 4912 atque
572 4823 812 4913 praecellimus;
832 4826 903 4892 loca
927 4829 1036 4912 utique
1060 4827 1121 4904 sibi
1146 4827 1253 4892 dicata
1279 4852 1335 4914 per
1352 4831 1526 4915 peticiones
1541 4828 1681 4897 fidelium
1705 4839 1887 4896 nostrorum
1912 4828 1993 4894 rele-

319 4934 388 4996 vari
411 4933 574 4996 iuuamine
598 4942 694 5016 atque
718 4933 875 5016 imperiali
898 4936 1052 4998 tutamine
1084 4934 1177 4998 nobis
1200 4946 1232 4998 et
1262 4935 1303 4998 ad
1328 4935 1536 5021 temporalem
1569 4938 1666 5002 vitam
1699 4958 1852 5022 prospere
1883 4937 1997 5000 transi·

318 5037 466 5124 gentiam,
499 5047 531 5102 ct
553 5036 594 5102 ad
618 5047 788 5106 ,aeternam
820 5038 956 5104 feliciter
979 5039 1184 5106 obtinendam
1217 5041 1418 5127 profuturum
1436 5041 1558 5128 liquido
1590 5041 1760 5112 credimus.
1793 5039 1999 5128 Quapropter

318 5146 494 5231 comperiat
516 5145 658 5208 omnium
684 5154 865 5210 nostrorum
890 5143 1031 5210 fidelium
1057 5149 1278 5232 praesenciam
1312 5148 1436 5214 scilicet
1459 5159 1490 5214 et
1514 5147 1691 5213 futurorum
1715 5147 1885 5226 sollercia,
1919 5171 1990 5234 qua·

319 5249 391 5316 liter
418 5251 550 5338 qnidam
582 5253 633 5314 vir
665 5249 859 5318 venerabilis
884 5250 1084 5316 Balduuinus
1115 5252 1363 5337 salzburgensis
1385 5254 1540 5320 ecclcsiae
1572 5253 1846 5340 archiepiscopus,
1872 5255 1914 5320 ad
1939 5277 1995 5318 nos

319 5360 463 5439 veniens,
487 5367 628 5424 nostram
652 5357 828 5444 postulauit
852 5362 1064 5440 serenitatem,
1085 5370 1118 5423 ut
1138 5361 1179 5424 ob
1196 5359 1353 5426 mercedis
1370 5373 1498 5428 nostrae
1514 5369 1730 5445 angmentum,
1747 5359 1907 5445 quaedam
1922 5361 1993 5426 loca
