4300 5930
654 609 836 692 ccvlll.
865 609 979 691 11110.
1005 610 1042 692 3.
1068 609 1248 710 svlnrna.
1279 608 1316 690 U
1345 610 1643 692 Drrbrovntku.

831 788 1024 847 Dubrootoui
1046 790 1212 862 upooaruy'u
1233 789 1292 847 ms'r
1314 805 1329 846 s
1352 788 1467 851 Kareoi.

460 977 512 1066 (ln
535 979 664 1042 nomine
688 976 870 1062 indiui)due
893 976 1054 1056 trinitatis,
1080 996 1163 1038 anno
1189 975 1308 1039 domini
1333 973 1502 1039 millesimo
1524 977 1699 1041 centesimo
1717 979 1926 1062 nonagesimo
1947 1025 1984 1043 ..

312 1085 368 1173 lyn
391 1083 432 1148 H.
456 1085 553 1167 regis,
578 1105 642 1146 una
665 1105 736 1147 cum
762 1081 949 1168 parentibus
974 1082 1052 1144 meis
1076 1079 1160 1144 facio
1184 1078 1267 1144 hanc
1290 1101 1324 1143 re
1348 1127 1355 1141 .
1380 1127 1387 1145 .
1412 1079 1602 1144 affirmando
1627 1103 1738 1167 pacem
1762 1103 1821 1146 nos
1850 1079 1985 1146 Caaichi

263 1257 267 1264 ,
311 1212 382 1254 cum
408 1188 575 1273 Raguseis.
599 1185 792 1251 Videlicet.
816 1233 824 1250 .
849 1185 1027 1250 Dersimiro
1051 1186 1179 1249 comitis
1211 1185 1309 1266 Petri,
1342 1186 1403 1250 suh
1436 1193 1638 1250 sacramento
1672 1189 1717 1251 ita
1741 1233 1749 1251 .
1775 1239 1782 1252 .
1805 1189 1833 1250 is
1857 1186 1985 1250 salvum

311 1297 360 1378 sit,
385 1293 446 1358 sub
469 1292 523 1359 tali
547 1292 739 1374 conditione,
764 1302 799 1354 ut
821 1293 883 1376 ipsi
906 1290 1048 1375 Ragusei
1073 1291 1105 1354 in
1131 1343 1138 1356 .
1163 1337 1169 1351 .
1194 1287 1265 1354 loco
1301 1291 1422 1354 inuenti
1458 1289 1578 1364 fuerint
1610 1289 1811 1356 nonnichio
1847 1293 1916 1356 sani
1953 1301 1986 1355 et

311 1400 392 1464 salui
415 1400 479 1462 sint
505 1419 577 1462 cum
601 1397 750 1462 omnibus
774 1395 871 1460 rebus
895 1446 903 1461 .
929 1446 936 1460 .
958 1418 1014 1481 per
1038 1417 1125 1459 mare
1148 1397 1270 1458 inuenti
1294 1394 1414 1459 fuerint
1437 1403 1469 1460 et
1492 1397 1581 1482 ipsos
1607 1419 1667 1461 non
1692 1419 1765 1461 oum
1796 1399 1894 1462 armis
1924 1395 1984 1466 sod

310 1507 443 1592 pacifice
466 1525 539 1568 cum
565 1551 572 1567 .
598 1550 605 1566 .
630 1512 665 1566 ut
688 1501 731 1587 qd
756 1501 901 1588 (quidem
912 1499 943 1587 1)
967 1499 1148 1565 voluntarie
1172 1500 1313 1585 Ragusei
1336 1501 1413 1570 dare
1437 1500 1599 1565 voluerint
1621 1503 1682 1587 ipsi
1706 1502 1809 1590 accipi
1834 1550 1843 1566 .
1867 1553 1875 1566 .
1900 1511 1933 1566 et
1957 1503 1982 1565 si

309 1610 426 1696 aliquis
449 1609 489 1674 de
513 1606 661 1673 Oaaiohis
687 1629 743 1692 per
767 1606 894 1670 fortiam
918 1605 1148 1693 aliquodssic)
1182 1605 1341 1692 Raguseis
1373 1603 1490 1686 tulerit,
1523 1629 1701 1693 personam¹
1730 1610 1893 1695 propriam
1929 1609 1982 1672 tri-

310 1715 427 1780 buatur
448 1713 615 1798 Raguseis.
637 1711 674 1775 *Si
697 1733 775 1776 vero
800 1711 915 1796 aliquis
939 1733 1051 1775 seruus
1074 1710 1201 1794 lugeret
1224 1711 1264 1775 de
1287 1709 1427 1795 Ragusis
1450 1709 1492 1776 ad
1516 1735 1583 1784 nos,
1607 1723 1640 1776 et
1658 1712 1806 1778 dominus
1822 1716 1891 1778 eius
1907 1736 1981 1799 que·

310 1820 411 1885 rendo
435 1819 668 1905 superuenerit,
692 1839 711 1880 a
736 1815 828 1881 nohis
852 1817 1005 1902 optimam
1031 1826 1062 1880 et
1080 1815 1205 1902 plenam
1231 1815 1349 1880 habeat
1370 1817 1542 1881 iusticiam.
1567 1816 1660 1882 Etsi
1684 1840 1784 1883 naues
1801 1817 1842 1882 de
1860 1817 1982 1904 Apulia

311 1923 489 2010 Ragusium
515 1923 670 2004 venerint,
694 1946 713 1986 a
735 1921 879 1986 Malonto
903 1943 1005 2008 usque
1029 1920 1069 1984 ad
1094 1920 1257 2004 Vratenie,
1282 1921 1372 1986 salue
1395 1925 1482 1989 fiant.
1514 1921 1585 1986 Heo
1620 1932 1694 1987 sunt
1730 1921 1985 1987 6611116606ιὶ-

311 2030 443 2096 chorum
465 2031 520 2116 qui
543 2031 638 2092 iurati
662 2037 752 2092 sunt:
778 2030 914 2112 iupanus
939 2025 1054 2108 Brona,
1086 2026 1143 2112 filij
1176 2025 1323 2113 Nicolay,
1352 2026 1550 2109 Borislauus,
1587 2027 1697 2093 Simon
1734 2039 1766 2094 et
1800 2027 1985 2110 Boodanus,

312 2135 426 2200 Petrus
449 2133 627 2216 Veloinnie,
652 2123 875 2214 Tuerdennus,
908 2130 1072 2212 Velcoina,
1106 2131 1264 2211 Sebenna,
1302 2129 1420 2196 Velcoe
1455 2131 1495 2198 de
1529 2131 1678 2197 Ohranca
1710 2143 1743 2197 et
1776 2133 1877 2197 frater
1909 2135 1981 2196 eius

312 2241 455 2325 Dragan,
480 2237 537 2304 filii
562 2238 738 2318 Grobinne,
763 2235 980 2318 Dessislauus,
1005 2235 1145 2318 Raddos,
1170 2247 1202 2300 et
1225 2236 1335 2302 Sintes
1359 2249 1391 2302 et
1414 2237 1572 2304 Gurrech.

459 2361 502 2425 Et
525 2385 566 2426 ex
590 2371 679 2447 parte
703 2356 835 2444 Ragusii
857 2382 968 2444 paoem
1005 2359 1086 2422 hanc
1121 2359 1320 2443 firmandam,
1357 2363 1459 2447 primo
1494 2384 1602 2426 comes
1636 2364 1755 2427 iurauit
1789 2361 1979 2441 Geruasius,

312 2467 402 2532 saluo
427 2469 604 2532 iuramento
628 2467 748 2546 domini
773 2467 832 2530 sui.
857 2464 979 2530 Slabha
1008 2465 1126 2530 Luoari
1173 2466 1282 2546 iudex,
1318 2467 1515 2532 Dersimirus
1540 2468 1624 2532 filius
1656 2468 1741 2533 Petri
1777 2469 1886 2532 iudex.
1918 2467 1981 2534 Lu·

312 2595 407 2638 carus
431 2570 575 2656 Nicolay‚
604 2571 710 2636 Dohre
740 2569 899 2656 Stepacie,
935 2570 1027 2635 Vitus
1055 2569 1245 2656 Lampridii,
1277 2571 1433 2636 Lucarius
1466 2573 1600 2654 Tudisii,
1633 2573 1765 2658 Sergius
1796 2573 1980 2654 Vladimiri,

313 2676 427 2740 Petrus
452 2675 615 2750 Bubanne,
643 2675 782 2740 Sauinus
808 2722 815 2739 .
839 2724 846 2740 .
871 2675 993 2739 Simoin
1015 2675 1178 2761 Stephani,
1203 2673 1356 2759 Dnesius,
1380 2677 1586 2762 Lampridius
1613 2677 1824 2742 Dabranicae.

463 2876 567 2932 Mation
591 2893 606 2930 n
631 2893 656 2933 c.
681 2871 1282 2942 1111616161]61111166Β6ὄ6,166ω6
1318 2871 1459 2929 ottedena.
1493 2875 1607 2946 Ragusa
1638 2876 1672 2933 N.
1709 2876 1781 2930 958.
1818 2877 1843 2933 U
1878 2877 1984 2932 shada-

313 2967 435 3024 midkom
458 2963 571 3036 iadanjn
594 2963 722 3020 Listinah
747 2960 770 3020 Ι.
796 2969 846 3019 str.
872 2963 921 3020 14.
948 2980 1045 3018 reema
1067 2960 1218 3034 pogrietno
1241 2960 1406 3032 prioho'ena.

728 3254 871 3339 cclx.
899 3257 1014 3339 1190.
1042 3258 1104 3339 14.
1131 3256 1315 3358 sviunja.
1345 3256 1383 3339 U
1410 3257 1562 3342 Zadru.

316 3444 455 3503 Zodrum‘
478 3441 603 3522 crotala
625 3442 675 3499 iau
697 3437 799 3498 elnone
813 3437 937 3510 potjedc
961 3438 1022 3496 aad
1045 3437 1198 3513 Mlettom',
1221 3439 1396 3497 somoslanu
1426 3456 1469 3497 so.
1495 3435 1656 3497 1111661166
1686 3436 1752 3500 otolr
1782 3437 1906 3509 Mousti,
1936 3437 1983 3498 sito

754 3579 804 3620 mu
824 3579 865 3635 pu
887 3561 980 3633 111616
1002 3560 1133 3619 doroouo
1155 3561 1264 3634 meyde
1286 3560 1367 3633 hrulj
1389 3561 1547 3621 Kreoimr'r.

463 3753 500 3817 In
525 3752 653 3816 nomine
678 3759 786 3815 sancte
810 3759 842 3814 et
857 3745 1022 3813 indiuiduo
1038 3748 1198 3812 trinitatis.
1222 3745 1318 3812 Anno
1334 3746 1375 3811 ab
1392 3749 1611 3813 incarnatione
1628 3749 1749 3814 domini
1766 3752 1866 3816 nostri
1882 3745 1986 3816 Jhesn

314 3859 435 3927 Christi
460 3856 629 3922 millesimo
654 3853 690 3919 O.
714 3857 931 3939 nonagesimo,
955 3874 1065 3917 mense
1085 3853 1193 3934 madii,
1215 3851 1317 3916 XIIII
1341 3852 1393 3918 die
1416 3855 1564 3937 intrante,
1587 3851 1763 3919 indictione
1788 3853 1852 3920 VII
1874 3855 1919 3941 (V
1921 3855 1984 3940 111)

313 3966 442 4030 Jadere.
464 3961 632 4046 Regnunte
655 3959 784 4024 domino
808 3967 917 4023 nostro
934 3957 1013 4022 Bela
1028 3957 1080 4022 dei
1096 3959 1200 4043 gratia
1216 3960 1429 4023 inuictissimo
1444 3957 1622 4045 Hungarie,
1641 3959 1813 4041 Dalmatis,
1831 3959 1988 4026 Ohroatie

314 4071 480 4156 &meque
504 4089 589 4152 rege,
613 4076 645 4130 et
668 4063 824 4130 iadertine
847 4063 984 4128 ecclesie
1004 4064 1100 4128 Petro
1124 4063 1303 4129 venerabili
1326 4063 1519 4130 archielecto
1543 4065 1736 4152 presidente,
1762 4089 1802 4133 ac
1826 4067 1987 4133 Damiano

315 4175 471 4240 Desinnie
495 4171 605 4236 inclito
629 4171 782 4256 principe,
808 4168 911 4233 eidem
936 4171 1058 4233 ciuitati
1083 4171 1295 4255 principante.
1320 4169 1402 4235 Oum
1428 4193 1486 4235 nos
1510 4171 1803 4258 nempe-lohannes
1819 4171 1986 4256 Beroaldi,

314 4291 424 4348 sancte
447 4279 602 4342 iadortine
627 4275 760 4340 ecclesie
776 4274 1030 4357 archidiaconus,
1052 4273 1200 4340 Andreas
1216 4274 1474 4361 archipresbiter,
1493 4275 1622 4342 Marcus
1638 4277 1763 4355 Michas
1780 4277 1902 4363 Gauze,
1917 4279 1986 4344 Ma-

315 4386 407 4452 theus
426 4383 606 4463 Monadius,
630 4381 725 4445 Vitus
747 4405 786 4445 ac
809 4379 974 4463 Siluester,
999 4381 1129 4444 maioris
1153 4378 1288 4444 ecclesie
1310 4383 1467 4458 canonici,
1493 4405 1564 4446 cum
1588 4393 1655 4448 toto
1673 4381 1770 4448 choro
1788 4384 1880 4449 beate
1896 4384 1985 4450 Ana·

315 4493 421 4573 stasie,
446 4500 478 4555 61
500 4486 645 4552 Marinus
669 4496 778 4552 sancte
800 4486 904 4551 Maria
927 4487 1057 4550 maioris
1073 4483 1230 4571 plebanus
1246 4507 1319 4550 cum
1336 4485 1422 4566 clero
1438 4509 1506 4571 suo,
1524 4486 1691 4552 Prodiciue
1707 4491 1810 4554 sancti
1832 4488 1988 4578 Stephani

313 4595 481 4684 plebanus,
505 4616 577 4658 cum
602 4615 659 4658 suo
680 4592 775 4672 clero,
798 4591 964 4657 Johannes
988 4591 1118 4673 Pucino,
1141 4593 1242 4672 sapcti
1268 4590 1354 4656 Petri
1378 4593 1497 4656 veteris
1521 4592 1679 4679 plebanus
1703 4615 1777 4660 oum
1801 4618 1859 4660 suo
1885 4597 1983 4676 clero,

315 4699 439 4788 Joseph
464 4699 567 4766 sancti
592 4698 678 4763 Petri
701 4700 777 4763 noui
800 4719 874 4763 cum
899 4718 957 4761 suo
980 4694 1077 4778 clero,
1100 4695 1267 4760 Johannes
1292 4695 1404 4761 (lucile
1428 4700 1533 4762 sancti
1557 4697 1724 4764 Michaelis
1741 4700 1900 4786 plebanus
1915 4725 1988 4768 cnm

316 4829 375 4872 suo
398 4805 494 4889 clero,
507 4813 686 4890 cunctoque
702 4803 863 4868 iadcrensi
880 4802 1031 4888 capitulo,
1048 4811 1080 4866 et
1098 4801 1278 4866 Damianus
1295 4801 1346 4866 dei
1364 4805 1468 4886 gratia
1492 4802 1669 4870 iaderensis
1693 4827 1812 4890 comes,
1829 4832 1894 4873 una
1915 4832 1990 4874 cum

315 4911 476 4977 Damiano
499 4909 627 4975 Sluradi
651 4921 682 4975 et
706 4911 844 4974 Martino
868 4908 967 4973 116116
986 4909 1065 4990 eius,
1092 4907 1220 4972 Petrino
1244 4907 1358 4973 Vitace
1382 4919 1415 4972 et
1430 4909 1618 4996 Lampridio
1634 4911 1733 4977 116116
1749 4915 1832 4994 eius,
1849 4915 1989 4981 Patrona

316 5016 450 5100 Oucille,
476 5017 602 5080 Patrico
627 5014 793 5080 Michaelis
814 5025 847 5079 et
867 5014 1053 5080 Prestancio
1078 5013 1175 5078 116116
1198 5015 1276 5095 eius,
1302 5013 1461 5100 Gregorio
1486 5013 1599 5098 Cosse,
1623 5015 1763 5083 Martino
1788 5029 1820 5083 et
1835 5018 1991 5104 Diminia,

315 5123 391 5187 filiis
411 5121 522 5195 Medii,
545 5119 655 5185 Micha
677 5120 794 5184 Petriai
819 5129 851 5184 et
872 5119 966 5183 Petro
989 5119 1088 5184 116116
1111 5120 1190 5201 eius,
1214 5118 1309 5183 Petro
1343 5105 1506 5203 (lamasci,
1541 5119 1653 5187 Gruhe
1688 5122 1877 5206 Lampridii,
1915 5125 1992 5191 Pre-

317 5228 441 5296 stancio
465 5225 619 5314 Cipriani,
642 5224 798 5289 Petriscio
821 5223 920 5307 Oura,
945 5223 1104 5289 Vuleinna
1127 5224 1167 5288 de
1190 5223 1312 5308 (lande,
1336 5223 1422 5290 Bitte
1446 5225 1487 5290 de
1509 5225 1606 5312 Juda,
1632 5228 1717 5294 Bitte
1745 5228 1934 5314 Prostancii,
1953 5243 1988 5297 et
