<?xml version="1.0" encoding="UTF-8"?>
<!DOCTYPE html PUBLIC "-//W3C//DTD XHTML 1.0 Transitional//EN"
    "http://www.w3.org/TR/xhtml1/DTD/xhtml1-transitional.dtd">
<html xmlns="http://www.w3.org/1999/xhtml" xml:lang="en" lang="en">
 <head>
  <title>
</title>
<meta http-equiv="Content-Type" content="text/html;charset=utf-8" />
  <meta name='ocr-system' content='tesseract 3.04.00' />
  <meta name='ocr-capabilities' content='ocr_page ocr_carea ocr_par ocr_line ocrx_word'/>
</head>
<body>
  <div class='ocr_page' id='page_1' title='image "./codexdiplomatic00unkngoog_0157.png"; bbox 0 0 4310 5918; ppageno 0'>
   <div class='ocr_carea' id='block_1_1' title="bbox 1825 373 1885 437">
    <p class='ocr_par' dir='ltr' id='par_1_1' title="bbox 1825 373 1885 437">
     <span class='ocr_line' id='line_1_1' title="bbox 1825 373 1885 437; baseline 0.017 -1"><span class='ocrx_word' id='word_1_1' title='bbox 1825 373 1885 437; x_wconf 81' lang='lat'><strong>117</strong></span> 
     </span>
    </p>
   </div>
   <div class='ocr_carea' id='block_1_2' title="bbox 95 562 1947 4621">
    <p class='ocr_par' dir='ltr' id='par_1_2' title="bbox 95 562 1947 4434">
     <span class='ocr_line' id='line_1_2' title="bbox 200 562 1886 654; baseline 0.002 -27"><span class='ocrx_word' id='word_1_2' title='bbox 200 571 311 628; x_wconf 90' lang='lat' dir='ltr'><strong>natum</strong></span> <span class='ocrx_word' id='word_1_3' title='bbox 345 573 394 628; x_wconf 90' lang='lat' dir='ltr'><strong>est</strong></span> <span class='ocrx_word' id='word_1_4' title='bbox 424 587 445 629; x_wconf 91' lang='lat' dir='ltr'><strong>a</strong></span> <span class='ocrx_word' id='word_1_5' title='bbox 476 562 621 654; x_wconf 82' lang='lat' dir='ltr'><strong>patribus</strong></span> <span class='ocrx_word' id='word_1_6' title='bbox 656 567 775 631; x_wconf 89' lang='lat' dir='ltr'><strong>nostris</strong></span> <span class='ocrx_word' id='word_1_7' title='bbox 807 567 957 652; x_wconf 77' lang='lat' dir='ltr'><strong>antiquis,</strong></span> <span class='ocrx_word' id='word_1_8' title='bbox 996 567 1143 652; x_wconf 87' lang='lat' dir='ltr'><strong>exceptis</strong></span> <span class='ocrx_word' id='word_1_9' title='bbox 1174 566 1277 630; x_wconf 89' lang='lat' dir='ltr'><strong>tribus</strong></span> <span class='ocrx_word' id='word_1_10' title='bbox 1299 563 1513 650; x_wconf 76' lang='lat' dir='ltr'><strong>piscatoribus</strong></span> <span class='ocrx_word' id='word_1_11' title='bbox 1537 569 1569 628; x_wconf 86' lang='lat' dir='ltr'><strong>ct</strong></span> <span class='ocrx_word' id='word_1_12' title='bbox 1592 585 1655 628; x_wconf 89' lang='lat' dir='ltr'><strong>uno</strong></span> <span class='ocrx_word' id='word_1_13' title='bbox 1676 575 1812 629; x_wconf 86' lang='lat' dir='ltr'><strong>aratore.</strong></span> <span class='ocrx_word' id='word_1_14' title='bbox 1837 565 1886 631; x_wconf 88' lang='lat' dir='ltr'><strong>Ita</strong></span> 
     </span>
     <span class='ocr_line' id='line_1_3' title="bbox 199 668 1884 756; baseline 0.002 -24"><span class='ocrx_word' id='word_1_15' title='bbox 199 676 306 734; x_wconf 62' lang='lat' dir='ltr'><strong>nmen</strong></span> <span class='ocrx_word' id='word_1_16' title='bbox 331 679 418 735; x_wconf 85' lang='lat' dir='ltr'><strong>terra</strong></span> <span class='ocrx_word' id='word_1_17' title='bbox 441 673 678 753; x_wconf 89' lang='lat' dir='ltr'><strong>communitate,</strong></span> <span class='ocrx_word' id='word_1_18' title='bbox 703 692 765 756; x_wconf 90' lang='lat' dir='ltr'><strong>que</strong></span> <span class='ocrx_word' id='word_1_19' title='bbox 790 693 852 735; x_wconf 91' lang='lat' dir='ltr'><strong>uno</strong></span> <span class='ocrx_word' id='word_1_20' title='bbox 876 671 991 736; x_wconf 87' lang='lat' dir='ltr'><strong>colitur</strong></span> <span class='ocrx_word' id='word_1_21' title='bbox 1014 681 1129 752; x_wconf 88' lang='lat' dir='ltr'><strong>aratro,</strong></span> <span class='ocrx_word' id='word_1_22' title='bbox 1148 681 1180 736; x_wconf 90' lang='lat' dir='ltr'><strong>et</strong></span> <span class='ocrx_word' id='word_1_23' title='bbox 1196 669 1256 736; x_wconf 94' lang='lat' dir='ltr'><strong>hec</strong></span> <span class='ocrx_word' id='word_1_24' title='bbox 1279 670 1352 734; x_wconf 89' lang='lat' dir='ltr'><strong>dedi</strong></span> <span class='ocrx_word' id='word_1_25' title='bbox 1371 680 1480 734; x_wconf 86' lang='lat' dir='ltr'><strong>sancto</strong></span> <span class='ocrx_word' id='word_1_26' title='bbox 1497 669 1687 736; x_wconf 83' lang='lat' dir='ltr'><strong>Benedicta.</strong></span> <span class='ocrx_word' id='word_1_27' title='bbox 1703 668 1884 736; x_wconf 80' lang='lat' dir='ltr'><strong>Ecclesiam</strong></span> 
     </span>
     <span class='ocr_line' id='line_1_4' title="bbox 198 773 1928 862; baseline 0.003 -25"><span class='ocrx_word' id='word_1_28' title='bbox 198 783 316 856; x_wconf 90' lang='lat' dir='ltr'><strong>autem,</strong></span> <span class='ocrx_word' id='word_1_29' title='bbox 346 797 443 862; x_wconf 89' lang='lat' dir='ltr'><strong>quam</strong></span> <span class='ocrx_word' id='word_1_30' title='bbox 468 797 565 860; x_wconf 90' lang='lat' dir='ltr'><strong>supra</strong></span> <span class='ocrx_word' id='word_1_31' title='bbox 587 773 730 840; x_wconf 81' lang='lat' dir='ltr'><strong>Dreuam</strong></span> <span class='ocrx_word' id='word_1_32' title='bbox 754 775 888 840; x_wconf 90' lang='lat' dir='ltr'><strong>fluuium</strong></span> <span class='ocrx_word' id='word_1_33' title='bbox 914 779 946 840; x_wconf 93' lang='lat' dir='ltr'><strong>in</strong></span> <span class='ocrx_word' id='word_1_34' title='bbox 970 775 1125 842; x_wconf 86' lang='lat' dir='ltr'>honorem</span> <span class='ocrx_word' id='word_1_35' title='bbox 1152 779 1254 842; x_wconf 91' lang='lat' dir='ltr'><strong>sancti</strong></span> <span class='ocrx_word' id='word_1_36' title='bbox 1278 775 1447 841; x_wconf 82' lang='lat' dir='ltr'><strong>Michaelis</strong></span> <span class='ocrx_word' id='word_1_37' title='bbox 1470 775 1657 858; x_wconf 88' lang='lat' dir='ltr'><strong>archangeli</strong></span> <span class='ocrx_word' id='word_1_38' title='bbox 1674 776 1834 858; x_wconf 89' lang='lat' dir='ltr'><strong>edificaui,</strong></span> <span class='ocrx_word' id='word_1_39' title='bbox 1852 789 1884 843; x_wconf 91' lang='lat' dir='ltr'><strong>et</strong></span> <span class='ocrx_word' id='word_1_40' title='bbox 1925 815 1928 820; x_wconf 37' lang='lat' dir='ltr'>v</span> 
     </span>
     <span class='ocr_line' id='line_1_5' title="bbox 196 877 1920 968; baseline 0.003 -26"><span class='ocrx_word' id='word_1_41' title='bbox 196 877 279 943; x_wconf 89' lang='lat' dir='ltr'><strong>hanc</strong></span> <span class='ocrx_word' id='word_1_42' title='bbox 310 892 422 945; x_wconf 89' lang='lat' dir='ltr'><strong>sancto</strong></span> <span class='ocrx_word' id='word_1_43' title='bbox 447 881 542 946; x_wconf 90' lang='lat' dir='ltr'><strong>Petro</strong></span> <span class='ocrx_word' id='word_1_44' title='bbox 574 889 606 945; x_wconf 91' lang='lat' dir='ltr'><strong>et</strong></span> <span class='ocrx_word' id='word_1_45' title='bbox 637 881 761 966; x_wconf 87' lang='lat' dir='ltr'><strong>prefato</strong></span> <span class='ocrx_word' id='word_1_46' title='bbox 795 882 946 967; x_wconf 88' lang='lat' dir='ltr'><strong>episcopo</strong></span> <span class='ocrx_word' id='word_1_47' title='bbox 970 881 1084 946; x_wconf 88' lang='lat' dir='ltr'><strong>Mauro</strong></span> <span class='ocrx_word' id='word_1_48' title='bbox 1109 881 1341 963; x_wconf 86' lang='lat' dir='ltr'><strong>commendaui,</strong></span> <span class='ocrx_word' id='word_1_49' title='bbox 1374 891 1409 944; x_wconf 90' lang='grc' dir='ltr'><strong>ιιι</strong></span> <span class='ocrx_word' id='word_1_50' title='bbox 1433 881 1508 946; x_wconf 90' lang='lat' dir='ltr'><strong>inde</strong></span> <span class='ocrx_word' id='word_1_51' title='bbox 1546 903 1674 967; x_wconf 83' lang='lat' dir='ltr'><strong>semper</strong></span> <span class='ocrx_word' id='word_1_52' title='bbox 1697 883 1729 945; x_wconf 92' lang='lat' dir='ltr'><strong>in</strong></span> <span class='ocrx_word' id='word_1_53' title='bbox 1753 895 1881 968; x_wconf 91' lang='lat' dir='ltr'><strong>promtu</strong></span> <span class='ocrx_word' id='word_1_54' title='bbox 1917 893 1920 900; x_wconf 58' lang='lat'><strong>⁴</strong></span> 
     </span>
     <span class='ocr_line' id='line_1_6' title="bbox 196 976 1947 1073; baseline 0.002 -25"><span class='ocrx_word' id='word_1_55' title='bbox 196 985 411 1070; x_wconf 86' lang='lat' dir='ltr'><strong>presbiterum</strong></span> <span class='ocrx_word' id='word_1_56' title='bbox 442 985 622 1068; x_wconf 84' lang='lat' dir='ltr'><strong>habuisset,</strong></span> <span class='ocrx_word' id='word_1_57' title='bbox 646 987 700 1073; x_wconf 91' lang='lat' dir='ltr'><strong>qui</strong></span> <span class='ocrx_word' id='word_1_58' title='bbox 725 987 777 1051; x_wconf 91' lang='lat' dir='ltr'><strong>die</strong></span> <span class='ocrx_word' id='word_1_59' title='bbox 793 996 941 1052; x_wconf 84' lang='lat' dir='ltr'><strong>acnocte</strong></span> <span class='ocrx_word' id='word_1_60' title='bbox 966 986 1086 1052; x_wconf 87' lang='lat' dir='ltr'><strong>ibidem</strong></span> <span class='ocrx_word' id='word_1_61' title='bbox 1113 985 1222 1052; x_wconf 87' lang='lat' dir='ltr'><strong>debita</strong></span> <span class='ocrx_word' id='word_1_62' title='bbox 1248 987 1354 1052; x_wconf 85' lang='lat' dir='ltr'><strong>officia</strong></span> <span class='ocrx_word' id='word_1_63' title='bbox 1378 985 1438 1050; x_wconf 90' lang='lat' dir='ltr'><strong>deo</strong></span> <span class='ocrx_word' id='word_1_64' title='bbox 1461 985 1687 1073; x_wconf 87' lang='lat' dir='ltr'><strong>persoluisaet;</strong></span> <span class='ocrx_word' id='word_1_65' title='bbox 1706 985 1788 1051; x_wconf 91' lang='lat' dir='ltr'><strong>hanc</strong></span> <span class='ocrx_word' id='word_1_66' title='bbox 1812 1009 1881 1052; x_wconf 88' lang='lat' dir='ltr'><strong>car·</strong></span> <span class='ocrx_word' id='word_1_67' title='bbox 1940 976 1947 983; x_wconf 52' lang='grc'><strong>’</strong></span> 
     </span>
     <span class='ocr_line' id='line_1_7' title="bbox 197 1090 1880 1179; baseline 0.002 -25"><span class='ocrx_word' id='word_1_68' title='bbox 197 1100 261 1154; x_wconf 89' lang='lat' dir='ltr'><strong>tam</strong></span> <span class='ocrx_word' id='word_1_69' title='bbox 294 1093 325 1155; x_wconf 91' lang='lat' dir='ltr'><strong>in</strong></span> <span class='ocrx_word' id='word_1_70' title='bbox 357 1094 404 1156; x_wconf 89' lang='lat' dir='ltr'><strong>eis</strong></span> <span class='ocrx_word' id='word_1_71' title='bbox 436 1092 649 1178; x_wconf 86' lang='lat' dir='ltr'><strong>peticionibus</strong></span> <span class='ocrx_word' id='word_1_72' title='bbox 682 1094 845 1178; x_wconf 87' lang='lat' dir='ltr'><strong>scriptam,</strong></span> <span class='ocrx_word' id='word_1_73' title='bbox 875 1095 907 1155; x_wconf 90' lang='lat' dir='ltr'><strong>in</strong></span> <span class='ocrx_word' id='word_1_74' title='bbox 940 1093 1157 1156; x_wconf 75' lang='lat' dir='ltr'><strong>testImonium</strong></span> <span class='ocrx_word' id='word_1_75' title='bbox 1191 1091 1334 1175; x_wconf 85' lang='lat' dir='ltr'><strong>adhibui,</strong></span> <span class='ocrx_word' id='word_1_76' title='bbox 1366 1091 1552 1179; x_wconf 85' lang='lat' dir='ltr'><strong>eisdemque</strong></span> <span class='ocrx_word' id='word_1_77' title='bbox 1576 1090 1730 1168; x_wconf 86' lang='lat' dir='ltr'><strong>fratribus</strong></span> <span class='ocrx_word' id='word_1_78' title='bbox 1755 1093 1880 1158; x_wconf 88' lang='lat' dir='ltr'><strong>cunctis</strong></span> 
     </span>
     <span class='ocr_line' id='line_1_8' title="bbox 196 1195 1881 1284; baseline 0.002 -25"><span class='ocrx_word' id='word_1_79' title='bbox 196 1195 403 1281; x_wconf 86' lang='lat' dir='ltr'><strong>presentibus</strong></span> <span class='ocrx_word' id='word_1_80' title='bbox 426 1220 523 1284; x_wconf 89' lang='lat' dir='ltr'><strong>super</strong></span> <span class='ocrx_word' id='word_1_81' title='bbox 553 1197 654 1263; x_wconf 88' lang='lat' dir='ltr'><strong>altare</strong></span> <span class='ocrx_word' id='word_1_82' title='bbox 680 1199 782 1263; x_wconf 88' lang='lat' dir='ltr'><strong>sancti</strong></span> <span class='ocrx_word' id='word_1_83' title='bbox 806 1197 895 1262; x_wconf 90' lang='lat' dir='ltr'><strong>Petri</strong></span> <span class='ocrx_word' id='word_1_84' title='bbox 921 1219 958 1262; x_wconf 90' lang='lat' dir='ltr'><strong>ca</strong></span> <span class='ocrx_word' id='word_1_85' title='bbox 982 1199 1111 1261; x_wconf 83' lang='lat' dir='ltr'><strong>racione</strong></span> <span class='ocrx_word' id='word_1_86' title='bbox 1135 1199 1237 1282; x_wconf 91' lang='lat' dir='ltr'><strong>posui,</strong></span> <span class='ocrx_word' id='word_1_87' title='bbox 1262 1205 1297 1260; x_wconf 93' lang='lat' dir='ltr'><strong>ut</strong></span> <span class='ocrx_word' id='word_1_88' title='bbox 1317 1199 1344 1260; x_wconf 89' lang='lat' dir='ltr'><strong>si</strong></span> <span class='ocrx_word' id='word_1_89' title='bbox 1368 1197 1440 1282; x_wconf 89' lang='lat' dir='ltr'><strong>quis</strong></span> <span class='ocrx_word' id='word_1_90' title='bbox 1464 1219 1506 1261; x_wconf 89' lang='lat' dir='ltr'><strong>ex</strong></span> <span class='ocrx_word' id='word_1_91' title='bbox 1523 1198 1669 1282; x_wconf 88' lang='lat' dir='ltr'><strong>posteris,</strong></span> <span class='ocrx_word' id='word_1_92' title='bbox 1687 1199 1719 1260; x_wconf 92' lang='lat' dir='ltr'><strong>in</strong></span> <span class='ocrx_word' id='word_1_93' title='bbox 1736 1199 1792 1274; x_wconf 89' lang='lat' dir='ltr'><strong>eis,</strong></span> <span class='ocrx_word' id='word_1_94' title='bbox 1810 1221 1881 1262; x_wconf 88' lang='lat' dir='ltr'><strong>eam</strong></span> 
     </span>
     <span class='ocr_line' id='line_1_9' title="bbox 196 1299 1878 1388; baseline 0.003 -25"><span class='ocrx_word' id='word_1_95' title='bbox 196 1299 320 1366; x_wconf 89' lang='lat' dir='ltr'><strong>violare</strong></span> <span class='ocrx_word' id='word_1_96' title='bbox 345 1309 541 1388; x_wconf 83' lang='lat' dir='ltr'><strong>temptasset,</strong></span> <span class='ocrx_word' id='word_1_97' title='bbox 559 1304 591 1366; x_wconf 92' lang='lat' dir='ltr'><strong>in</strong></span> <span class='ocrx_word' id='word_1_98' title='bbox 608 1301 660 1367; x_wconf 90' lang='lat' dir='ltr'><strong>die</strong></span> <span class='ocrx_word' id='word_1_99' title='bbox 678 1301 788 1367; x_wconf 90' lang='lat' dir='ltr'><strong>iudicii</strong></span> <span class='ocrx_word' id='word_1_100' title='bbox 804 1305 966 1368; x_wconf 88' lang='lat' dir='ltr'><strong>racionem</strong></span> <span class='ocrx_word' id='word_1_101' title='bbox 984 1301 1167 1368; x_wconf 89' lang='lat' dir='ltr'><strong>redditurus</strong></span> <span class='ocrx_word' id='word_1_102' title='bbox 1190 1313 1283 1375; x_wconf 89' lang='lat' dir='ltr'><strong>esset,</strong></span> <span class='ocrx_word' id='word_1_103' title='bbox 1308 1300 1431 1366; x_wconf 89' lang='lat' dir='ltr'><strong>Omnes</strong></span> <span class='ocrx_word' id='word_1_104' title='bbox 1452 1324 1530 1366; x_wconf 88' lang='lat' dir='ltr'><strong>vero</strong></span> <span class='ocrx_word' id='word_1_105' title='bbox 1554 1301 1633 1366; x_wconf 90' lang='lat' dir='ltr'><strong>alias</strong></span> <span class='ocrx_word' id='word_1_106' title='bbox 1657 1305 1878 1388; x_wconf 87' lang='lat' dir='ltr'><strong>possessiones</strong></span> 
     </span>
     <span class='ocr_line' id='line_1_10' title="bbox 196 1406 1881 1493; baseline 0.002 -24"><span class='ocrx_word' id='word_1_107' title='bbox 196 1427 285 1470; x_wconf 89' lang='lat' dir='ltr'><strong>meas</strong></span> <span class='ocrx_word' id='word_1_108' title='bbox 308 1406 405 1472; x_wconf 91' lang='lat' dir='ltr'><strong>diuisi</strong></span> <span class='ocrx_word' id='word_1_109' title='bbox 431 1409 551 1480; x_wconf 82' lang='lat' dir='ltr'><strong>orfanis</strong></span> <span class='ocrx_word' id='word_1_110' title='bbox 576 1411 721 1492; x_wconf 88' lang='lat' dir='ltr'><strong>cognatis</strong></span> <span class='ocrx_word' id='word_1_111' title='bbox 748 1409 826 1472; x_wconf 92' lang='lat' dir='ltr'><strong>meis</strong></span> <span class='ocrx_word' id='word_1_112' title='bbox 845 1430 917 1472; x_wconf 90' lang='lat' dir='ltr'><strong>cum</strong></span> <span class='ocrx_word' id='word_1_113' title='bbox 934 1407 1035 1472; x_wconf 90' lang='lat' dir='ltr'><strong>Lucia</strong></span> <span class='ocrx_word' id='word_1_114' title='bbox 1057 1430 1158 1472; x_wconf 87' lang='lat' dir='ltr'><strong>uxore</strong></span> <span class='ocrx_word' id='word_1_115' title='bbox 1191 1429 1271 1490; x_wconf 91' lang='lat' dir='ltr'><strong>mea,</strong></span> <span class='ocrx_word' id='word_1_116' title='bbox 1306 1416 1341 1471; x_wconf 91' lang='lat' dir='ltr'><strong>ut</strong></span> <span class='ocrx_word' id='word_1_117' title='bbox 1372 1406 1537 1493; x_wconf 86' lang='lat' dir='ltr'><strong>quamdyu</strong></span> <span class='ocrx_word' id='word_1_118' title='bbox 1569 1406 1624 1470; x_wconf 89' lang='lat' dir='ltr'><strong>illa</strong></span> <span class='ocrx_word' id='word_1_119' title='bbox 1655 1409 1881 1493; x_wconf 74' lang='lat' dir='ltr'><strong>superuiuerit,</strong></span> 
     </span>
     <span class='ocr_line' id='line_1_11' title="bbox 192 1505 1877 1599; baseline 0.002 -24"><span class='ocrx_word' id='word_1_120' title='bbox 192 1511 322 1576; x_wconf 87' lang='lat' dir='ltr'><strong>interim</strong></span> <span class='ocrx_word' id='word_1_121' title='bbox 340 1512 379 1576; x_wconf 88' lang='lat' dir='ltr'><strong>de</strong></span> <span class='ocrx_word' id='word_1_122' title='bbox 397 1513 460 1577; x_wconf 88' lang='lat' dir='ltr'><strong>illis</strong></span> <span class='ocrx_word' id='word_1_123' title='bbox 478 1514 575 1594; x_wconf 80' lang='lat' dir='ltr'><strong>viaet,</strong></span> <span class='ocrx_word' id='word_1_124' title='bbox 595 1522 716 1599; x_wconf 90' lang='lat' dir='ltr'><strong>etpost</strong></span> <span class='ocrx_word' id='word_1_125' title='bbox 736 1536 825 1578; x_wconf 88' lang='lat' dir='ltr'><strong>suam</strong></span> <span class='ocrx_word' id='word_1_126' title='bbox 843 1505 981 1576; x_wconf 76' lang='lat' dir='ltr'><strong>mortem&#39;</strong></span> <span class='ocrx_word' id='word_1_127' title='bbox 993 1521 1159 1578; x_wconf 88' lang='lat' dir='ltr'><strong>remaneat</strong></span> <span class='ocrx_word' id='word_1_128' title='bbox 1177 1512 1297 1576; x_wconf 83' lang='lat' dir='ltr'><strong>orfanis</strong></span> <span class='ocrx_word' id='word_1_129' title='bbox 1315 1513 1440 1577; x_wconf 87' lang='lat' dir='ltr'><strong>nostris.</strong></span> <span class='ocrx_word' id='word_1_130' title='bbox 1458 1511 1583 1598; x_wconf 86' lang='lat' dir='ltr'><strong>Rogaui</strong></span> <span class='ocrx_word' id='word_1_131' title='bbox 1607 1516 1709 1578; x_wconf 90' lang='lat' dir='ltr'><strong>eciam</strong></span> <span class='ocrx_word' id='word_1_132' title='bbox 1735 1515 1877 1597; x_wconf 84' lang='lat' dir='ltr'><strong>graciam</strong></span> 
     </span>
     <span class='ocr_line' id='line_1_12' title="bbox 195 1615 1879 1706; baseline 0.002 -27"><span class='ocrx_word' id='word_1_133' title='bbox 195 1615 398 1681; x_wconf 90' lang='lat' dir='ltr'><strong>dominorum</strong></span> <span class='ocrx_word' id='word_1_134' title='bbox 418 1641 559 1684; x_wconf 87' lang='lat' dir='ltr'><strong>meorum</strong></span> <span class='ocrx_word' id='word_1_135' title='bbox 587 1618 810 1704; x_wconf 83' lang='lat' dir='ltr'><strong>gloriosissimi</strong></span> <span class='ocrx_word' id='word_1_136' title='bbox 834 1618 966 1683; x_wconf 87' lang='lat' dir='ltr'><strong>Andree</strong></span> <span class='ocrx_word' id='word_1_137' title='bbox 990 1620 1086 1702; x_wconf 89' lang='lat' dir='ltr'><strong>regis,</strong></span> <span class='ocrx_word' id='word_1_138' title='bbox 1104 1628 1135 1682; x_wconf 91' lang='lat' dir='ltr'><strong>et</strong></span> <span class='ocrx_word' id='word_1_139' title='bbox 1151 1619 1262 1704; x_wconf 91' lang='lat' dir='ltr'><strong>optimi</strong></span> <span class='ocrx_word' id='word_1_140' title='bbox 1287 1618 1378 1682; x_wconf 89' lang='lat' dir='ltr'><strong>ducis</strong></span> <span class='ocrx_word' id='word_1_141' title='bbox 1395 1617 1574 1700; x_wconf 86' lang='lat' dir='ltr'><strong>Adalberti,</strong></span> <span class='ocrx_word' id='word_1_142' title='bbox 1594 1641 1654 1702; x_wconf 91' lang='lat' dir='ltr'><strong>ego</strong></span> <span class='ocrx_word' id='word_1_143' title='bbox 1677 1619 1767 1682; x_wconf 88' lang='lat' dir='ltr'><strong>Rado</strong></span> <span class='ocrx_word' id='word_1_144' title='bbox 1792 1617 1879 1706; x_wconf 89' lang='lat' dir='ltr'><strong>pala-</strong></span> 
     </span>
     <span class='ocr_line' id='line_1_13' title="bbox 192 1709 1877 1810; baseline 0.002 -26"><span class='ocrx_word' id='word_1_145' title='bbox 192 1722 290 1804; x_wconf 90' lang='lat' dir='ltr'><strong>tinus,</strong></span> <span class='ocrx_word' id='word_1_146' title='bbox 315 1732 350 1786; x_wconf 89' lang='lat' dir='ltr'><strong>ut</strong></span> <span class='ocrx_word' id='word_1_147' title='bbox 374 1709 602 1788; x_wconf 87' lang='lat' dir='ltr'><strong>monasterium</strong></span> <span class='ocrx_word' id='word_1_148' title='bbox 626 1746 732 1788; x_wconf 89' lang='lat' dir='ltr'><strong>meum</strong></span> <span class='ocrx_word' id='word_1_149' title='bbox 758 1725 859 1788; x_wconf 87' lang='lat' dir='ltr'><strong>saneti</strong></span> <span class='ocrx_word' id='word_1_150' title='bbox 880 1722 1038 1810; x_wconf 91' lang='lat' dir='ltr'><strong>Demetrij</strong></span> <span class='ocrx_word' id='word_1_151' title='bbox 1064 1745 1161 1810; x_wconf 88' lang='lat' dir='ltr'><strong>supra</strong></span> <span class='ocrx_word' id='word_1_152' title='bbox 1188 1722 1311 1787; x_wconf 85' lang='lat' dir='ltr'><strong>Zauam</strong></span> <span class='ocrx_word' id='word_1_153' title='bbox 1337 1722 1481 1802; x_wconf 89' lang='lat' dir='ltr'><strong>fluuium,</strong></span> <span class='ocrx_word' id='word_1_154' title='bbox 1512 1723 1597 1809; x_wconf 91' lang='lat' dir='ltr'><strong>quod</strong></span> <span class='ocrx_word' id='word_1_155' title='bbox 1626 1723 1734 1787; x_wconf 91' lang='lat' dir='ltr'><strong>multis</strong></span> <span class='ocrx_word' id='word_1_156' title='bbox 1752 1722 1877 1788; x_wconf 88' lang='lat' dir='ltr'><strong>bellicis</strong></span> 
     </span>
     <span class='ocr_line' id='line_1_14' title="bbox 192 1824 1873 1916; baseline 0.003 -27"><span class='ocrx_word' id='word_1_157' title='bbox 192 1824 361 1892; x_wconf 87' lang='lat' dir='ltr'><strong>laboribus</strong></span> <span class='ocrx_word' id='word_1_158' title='bbox 394 1852 467 1893; x_wconf 90' lang='lat' dir='ltr'><strong>cum</strong></span> <span class='ocrx_word' id='word_1_159' title='bbox 499 1839 566 1894; x_wconf 90' lang='lat' dir='ltr'><strong>tota</strong></span> <span class='ocrx_word' id='word_1_160' title='bbox 599 1831 764 1916; x_wconf 90' lang='lat' dir='ltr'><strong>prouincia</strong></span> <span class='ocrx_word' id='word_1_161' title='bbox 795 1828 849 1893; x_wconf 91' lang='lat' dir='ltr'><strong>illa</strong></span> <span class='ocrx_word' id='word_1_162' title='bbox 883 1843 993 1894; x_wconf 89' lang='lat' dir='ltr'><strong>sancte</strong></span> <span class='ocrx_word' id='word_1_163' title='bbox 1025 1851 1142 1893; x_wconf 92' lang='lat' dir='ltr'><strong>corone</strong></span> <span class='ocrx_word' id='word_1_164' title='bbox 1173 1827 1357 1909; x_wconf 88' lang='lat' dir='ltr'><strong>rectificaui,</strong></span> <span class='ocrx_word' id='word_1_165' title='bbox 1389 1829 1561 1891; x_wconf 91' lang='lat' dir='ltr'><strong>etiterum</strong></span> <span class='ocrx_word' id='word_1_166' title='bbox 1594 1829 1763 1913; x_wconf 90' lang='lat' dir='ltr'><strong>acquisiui,</strong></span> <span class='ocrx_word' id='word_1_167' title='bbox 1797 1831 1873 1915; x_wconf 93' lang='lat' dir='ltr'><strong>quia</strong></span> 
     </span>
     <span class='ocr_line' id='line_1_15' title="bbox 190 1931 1876 2022; baseline 0.002 -27"><span class='ocrx_word' id='word_1_168' title='bbox 190 1931 272 1998; x_wconf 93' lang='lat' dir='ltr'><strong>illud</strong></span> <span class='ocrx_word' id='word_1_169' title='bbox 296 1935 525 2000; x_wconf 89' lang='lat' dir='ltr'><strong>monasterium</strong></span> <span class='ocrx_word' id='word_1_170' title='bbox 550 1937 654 1998; x_wconf 89' lang='lat' dir='ltr'><strong>estin</strong></span> <span class='ocrx_word' id='word_1_171' title='bbox 686 1934 838 2022; x_wconf 88' lang='lat' dir='ltr'><strong>parochia</strong></span> <span class='ocrx_word' id='word_1_172' title='bbox 862 1935 963 1998; x_wconf 86' lang='lat' dir='ltr'><strong>sancti</strong></span> <span class='ocrx_word' id='word_1_173' title='bbox 991 1935 1072 1999; x_wconf 90' lang='lat' dir='ltr'><strong>Petri</strong></span> <span class='ocrx_word' id='word_1_174' title='bbox 1098 1933 1457 2020; x_wconf 88' lang='lat' dir='ltr'><strong>quinque&#39;ecclesiensis,</strong></span> <span class='ocrx_word' id='word_1_175' title='bbox 1482 1935 1565 1998; x_wconf 90' lang='lat' dir='ltr'><strong>sieut</strong></span> <span class='ocrx_word' id='word_1_176' title='bbox 1588 1935 1621 1998; x_wconf 91' lang='lat' dir='ltr'><strong>in</strong></span> <span class='ocrx_word' id='word_1_177' title='bbox 1645 1933 1876 2020; x_wconf 89' lang='lat' dir='ltr'><strong>spiritualibus,</strong></span> 
     </span>
     <span class='ocr_line' id='line_1_16' title="bbox 115 2037 1874 2126; baseline 0.001 -26"><span class='ocrx_word' id='word_1_178' title='bbox 115 2065 118 2068; x_wconf 95' lang='lat'>·</span> <span class='ocrx_word' id='word_1_179' title='bbox 190 2038 235 2101; x_wconf 89' lang='lat' dir='ltr'><strong>ita</strong></span> <span class='ocrx_word' id='word_1_180' title='bbox 263 2039 366 2102; x_wconf 87' lang='lat' dir='ltr'><strong>eciam</strong></span> <span class='ocrx_word' id='word_1_181' title='bbox 391 2037 566 2125; x_wconf 88' lang='lat' dir='ltr'><strong>temporale</strong></span> <span class='ocrx_word' id='word_1_182' title='bbox 598 2041 796 2126; x_wconf 87' lang='lat' dir='ltr'><strong>domynium,</strong></span> <span class='ocrx_word' id='word_1_183' title='bbox 821 2039 906 2125; x_wconf 93' lang='lat' dir='ltr'><strong>quod</strong></span> <span class='ocrx_word' id='word_1_184' title='bbox 932 2061 992 2124; x_wconf 91' lang='lat' dir='ltr'><strong>ego</strong></span> <span class='ocrx_word' id='word_1_185' title='bbox 1018 2039 1109 2104; x_wconf 87' lang='lat' dir='ltr'><strong>Rado</strong></span> <span class='ocrx_word' id='word_1_186' title='bbox 1133 2041 1166 2104; x_wconf 91' lang='lat' dir='ltr'><strong>iu</strong></span> <span class='ocrx_word' id='word_1_187' title='bbox 1191 2038 1246 2104; x_wconf 93' lang='lat' dir='ltr'><strong>illo</strong></span> <span class='ocrx_word' id='word_1_188' title='bbox 1268 2037 1380 2120; x_wconf 90' lang='lat' dir='ltr'><strong>haheo,</strong></span> <span class='ocrx_word' id='word_1_189' title='bbox 1406 2037 1492 2125; x_wconf 90' lang='lat' dir='ltr'><strong>quod</strong></span> <span class='ocrx_word' id='word_1_190' title='bbox 1517 2049 1722 2124; x_wconf 85' lang='lat' dir='ltr'><strong>patronatum</strong></span> <span class='ocrx_word' id='word_1_191' title='bbox 1747 2047 1874 2122; x_wconf 90' lang='lat' dir='ltr'><strong>vocant,</strong></span> 
     </span>
     <span class='ocr_line' id='line_1_17' title="bbox 190 2139 1874 2231; baseline 0.002 -27"><span class='ocrx_word' id='word_1_192' title='bbox 190 2139 267 2206; x_wconf 89' lang='lat' dir='ltr'><strong>dedi</strong></span> <span class='ocrx_word' id='word_1_193' title='bbox 299 2144 401 2206; x_wconf 88' lang='lat' dir='ltr'><strong>eciam</strong></span> <span class='ocrx_word' id='word_1_194' title='bbox 436 2154 546 2209; x_wconf 85' lang='lat' dir='ltr'><strong>sancto</strong></span> <span class='ocrx_word' id='word_1_195' title='bbox 567 2145 662 2210; x_wconf 87' lang='lat' dir='ltr'><strong>Petro</strong></span> <span class='ocrx_word' id='word_1_196' title='bbox 695 2143 1026 2231; x_wconf 87' lang='lat' dir='ltr'><strong>quinqueecclesiensi</strong></span> <span class='ocrx_word' id='word_1_197' title='bbox 1060 2154 1091 2208; x_wconf 93' lang='lat' dir='ltr'><strong>et</strong></span> <span class='ocrx_word' id='word_1_198' title='bbox 1126 2145 1208 2230; x_wconf 89' lang='lat' dir='ltr'><strong>patri</strong></span> <span class='ocrx_word' id='word_1_199' title='bbox 1238 2154 1346 2208; x_wconf 88' lang='lat' dir='ltr'><strong>nostro</strong></span> <span class='ocrx_word' id='word_1_200' title='bbox 1371 2145 1522 2228; x_wconf 84' lang='lat' dir='ltr'><strong>episcopo</strong></span> <span class='ocrx_word' id='word_1_201' title='bbox 1547 2141 1671 2225; x_wconf 86' lang='lat' dir='ltr'><strong>Mauro,</strong></span> <span class='ocrx_word' id='word_1_202' title='bbox 1697 2143 1750 2208; x_wconf 93' lang='lat' dir='ltr'><strong>ubi</strong></span> <span class='ocrx_word' id='word_1_203' title='bbox 1772 2145 1874 2208; x_wconf 89' lang='lat' dir='ltr'><strong>eciam</strong></span> 
     </span>
     <span class='ocr_line' id='line_1_18' title="bbox 191 2247 1874 2335; baseline 0.002 -26"><span class='ocrx_word' id='word_1_204' title='bbox 191 2247 391 2332; x_wconf 84' lang='lat' dir='ltr'><strong>sepulturam</strong></span> <span class='ocrx_word' id='word_1_205' title='bbox 421 2249 505 2330; x_wconf 87' lang='lat' dir='ltr'><strong>volo,</strong></span> <span class='ocrx_word' id='word_1_206' title='bbox 538 2259 569 2315; x_wconf 91' lang='lat' dir='ltr'><strong>et</strong></span> <span class='ocrx_word' id='word_1_207' title='bbox 599 2251 744 2316; x_wconf 89' lang='lat' dir='ltr'><strong>commisi</strong></span> <span class='ocrx_word' id='word_1_208' title='bbox 778 2252 884 2314; x_wconf 86' lang='lat' dir='ltr'><strong>anime</strong></span> <span class='ocrx_word' id='word_1_209' title='bbox 917 2273 985 2324; x_wconf 90' lang='lat' dir='ltr'><strong>sue,</strong></span> <span class='ocrx_word' id='word_1_210' title='bbox 1008 2249 1093 2335; x_wconf 90' lang='lat' dir='ltr'><strong>quod</strong></span> <span class='ocrx_word' id='word_1_211' title='bbox 1117 2269 1244 2335; x_wconf 88' lang='lat' dir='ltr'><strong>semper</strong></span> <span class='ocrx_word' id='word_1_212' title='bbox 1267 2247 1313 2312; x_wconf 92' lang='lat' dir='ltr'><strong>ibi</strong></span> <span class='ocrx_word' id='word_1_213' title='bbox 1337 2257 1409 2332; x_wconf 89' lang='lat' dir='ltr'><strong>post</strong></span> <span class='ocrx_word' id='word_1_214' title='bbox 1432 2270 1536 2312; x_wconf 90' lang='lat' dir='ltr'><strong>meam</strong></span> <span class='ocrx_word' id='word_1_215' title='bbox 1561 2258 1696 2312; x_wconf 87' lang='lat' dir='ltr'><strong>mortem</strong></span> <span class='ocrx_word' id='word_1_216' title='bbox 1719 2251 1874 2313; x_wconf 87' lang='lat' dir='ltr'><strong>memoria</strong></span> 
     </span>
     <span class='ocr_line' id='line_1_19' title="bbox 189 2353 1874 2441; baseline 0.003 -27"><span class='ocrx_word' id='word_1_217' title='bbox 189 2353 297 2416; x_wconf 89' lang='lat' dir='ltr'><strong>anime</strong></span> <span class='ocrx_word' id='word_1_218' title='bbox 321 2376 401 2436; x_wconf 89' lang='lat' dir='ltr'><strong>mee,</strong></span> <span class='ocrx_word' id='word_1_219' title='bbox 427 2367 459 2419; x_wconf 90' lang='lat' dir='ltr'><strong>et</strong></span> <span class='ocrx_word' id='word_1_220' title='bbox 482 2357 593 2420; x_wconf 84' lang='lat' dir='ltr'><strong>uxoria</strong></span> <span class='ocrx_word' id='word_1_221' title='bbox 617 2377 687 2420; x_wconf 87' lang='lat' dir='ltr'><strong>mee</strong></span> <span class='ocrx_word' id='word_1_222' title='bbox 711 2357 782 2437; x_wconf 85' lang='lat' dir='ltr'><strong>tiat3</strong></span> <span class='ocrx_word' id='word_1_223' title='bbox 807 2367 839 2419; x_wconf 90' lang='lat' dir='ltr'><strong>et</strong></span> <span class='ocrx_word' id='word_1_224' title='bbox 864 2355 956 2437; x_wconf 88' lang='lat' dir='ltr'><strong>volui,</strong></span> <span class='ocrx_word' id='word_1_225' title='bbox 981 2355 1067 2441; x_wconf 90' lang='lat' dir='ltr'><strong>quod</strong></span> <span class='ocrx_word' id='word_1_226' title='bbox 1090 2377 1200 2420; x_wconf 90' lang='lat' dir='ltr'><strong>curam</strong></span> <span class='ocrx_word' id='word_1_227' title='bbox 1218 2356 1318 2440; x_wconf 89' lang='lat' dir='ltr'><strong>ipsius</strong></span> <span class='ocrx_word' id='word_1_228' title='bbox 1343 2355 1528 2418; x_wconf 87' lang='lat' dir='ltr'><strong>monasterii</strong></span> <span class='ocrx_word' id='word_1_229' title='bbox 1551 2376 1678 2438; x_wconf 87' lang='lat' dir='ltr'><strong>semper</strong></span> <span class='ocrx_word' id='word_1_230' title='bbox 1699 2355 1767 2438; x_wconf 90' lang='lat' dir='ltr'><strong>ipse</strong></span> <span class='ocrx_word' id='word_1_231' title='bbox 1792 2355 1874 2440; x_wconf 89' lang='lat' dir='ltr'><strong>epis-</strong></span> 
     </span>
     <span class='ocr_line' id='line_1_20' title="bbox 188 2458 1872 2546; baseline 0.005 -28"><span class='ocrx_word' id='word_1_232' title='bbox 188 2478 300 2542; x_wconf 87' lang='lat' dir='ltr'><strong>copus,</strong></span> <span class='ocrx_word' id='word_1_233' title='bbox 327 2459 380 2522; x_wconf 87' lang='lat' dir='ltr'><strong>vel</strong></span> <span class='ocrx_word' id='word_1_234' title='bbox 403 2469 477 2544; x_wconf 91' lang='lat' dir='ltr'><strong>post</strong></span> <span class='ocrx_word' id='word_1_235' title='bbox 499 2483 582 2542; x_wconf 89' lang='lat' dir='ltr'><strong>eum,</strong></span> <span class='ocrx_word' id='word_1_236' title='bbox 620 2462 675 2546; x_wconf 91' lang='lat' dir='ltr'><strong>qui</strong></span> <span class='ocrx_word' id='word_1_237' title='bbox 699 2459 804 2542; x_wconf 87' lang='lat' dir='ltr'><strong>fuerit,</strong></span> <span class='ocrx_word' id='word_1_238' title='bbox 838 2459 965 2541; x_wconf 87' lang='lat' dir='ltr'><strong>habeat,</strong></span> <span class='ocrx_word' id='word_1_239' title='bbox 998 2463 1031 2526; x_wconf 84' lang='lat' dir='ltr'><strong>et</strong></span> <span class='ocrx_word' id='word_1_240' title='bbox 1064 2483 1173 2524; x_wconf 89' lang='lat' dir='ltr'><strong>curam</strong></span> <span class='ocrx_word' id='word_1_241' title='bbox 1206 2460 1348 2524; x_wconf 91' lang='lat' dir='ltr'><strong>omnium</strong></span> <span class='ocrx_word' id='word_1_242' title='bbox 1381 2458 1516 2524; x_wconf 85' lang='lat' dir='ltr'><strong>ecclesie</strong></span> <span class='ocrx_word' id='word_1_243' title='bbox 1539 2461 1790 2545; x_wconf 87' lang='lat' dir='ltr'><strong>possessionum,</strong></span> <span class='ocrx_word' id='word_1_244' title='bbox 1815 2481 1872 2526; x_wconf 86' lang='lat' dir='ltr'><strong>scu</strong></span> 
     </span>
     <span class='ocr_line' id='line_1_21' title="bbox 187 2563 1871 2651; baseline 0.003 -27"><span class='ocrx_word' id='word_1_245' title='bbox 187 2565 376 2636; x_wconf 79' lang='lat' dir='ltr'><strong>monasterii</strong></span> <span class='ocrx_word' id='word_1_246' title='bbox 409 2566 519 2650; x_wconf 89' lang='lat' dir='ltr'><strong>ipsius,</strong></span> <span class='ocrx_word' id='word_1_247' title='bbox 559 2565 712 2651; x_wconf 91' lang='lat' dir='ltr'><strong>quicquid</strong></span> <span class='ocrx_word' id='word_1_248' title='bbox 747 2564 867 2650; x_wconf 91' lang='lat' dir='ltr'><strong>ubique</strong></span> <span class='ocrx_word' id='word_1_249' title='bbox 900 2588 957 2650; x_wconf 89' lang='lat' dir='ltr'><strong>per</strong></span> <span class='ocrx_word' id='word_1_250' title='bbox 987 2587 1122 2649; x_wconf 84' lang='lat' dir='ltr'><strong>regnum</strong></span> <span class='ocrx_word' id='word_1_251' title='bbox 1153 2563 1459 2648; x_wconf 85' lang='lat' dir='ltr'><strong>gloriosissimorum</strong></span> <span class='ocrx_word' id='word_1_252' title='bbox 1493 2563 1871 2629; x_wconf 85' lang='lat' dir='ltr'><strong>dominorum-meorum</strong></span> 
     </span>
     <span class='ocr_line' id='line_1_22' title="bbox 184 2667 1871 2756; baseline 0.003 -27"><span class='ocrx_word' id='word_1_253' title='bbox 184 2667 292 2750; x_wconf 90' lang='lat' dir='ltr'><strong>ipsum</strong></span> <span class='ocrx_word' id='word_1_254' title='bbox 318 2673 547 2735; x_wconf 89' lang='lat' dir='ltr'><strong>monasterium</strong></span> <span class='ocrx_word' id='word_1_255' title='bbox 575 2671 726 2756; x_wconf 86' lang='lat' dir='ltr'><strong>possidet,</strong></span> <span class='ocrx_word' id='word_1_256' title='bbox 752 2673 922 2756; x_wconf 89' lang='lat' dir='ltr'><strong>episcopus</strong></span> <span class='ocrx_word' id='word_1_257' title='bbox 948 2670 1300 2756; x_wconf 88' lang='lat' dir='ltr'><strong>quinqueecclesiensis</strong></span> <span class='ocrx_word' id='word_1_258' title='bbox 1324 2677 1441 2732; x_wconf 89' lang='lat' dir='ltr'><strong>teneat.</strong></span> <span class='ocrx_word' id='word_1_259' title='bbox 1477 2668 1547 2753; x_wconf 82' lang='lat' dir='ltr'><strong>Ego</strong></span> <span class='ocrx_word' id='word_1_260' title='bbox 1579 2678 1687 2733; x_wconf 87' lang='lat' dir='ltr'><strong>autem</strong></span> <span class='ocrx_word' id='word_1_261' title='bbox 1722 2668 1871 2734; x_wconf 86' lang='lat' dir='ltr'><strong>Andreas</strong></span> 
     </span>
     <span class='ocr_line' id='line_1_23' title="bbox 186 2773 1871 2860; baseline 0.004 -26"><span class='ocrx_word' id='word_1_262' title='bbox 186 2793 255 2853; x_wconf 83' lang='lat' dir='ltr'><strong>rex,</strong></span> <span class='ocrx_word' id='word_1_263' title='bbox 282 2784 314 2836; x_wconf 89' lang='lat' dir='ltr'><strong>et</strong></span> <span class='ocrx_word' id='word_1_264' title='bbox 338 2773 437 2838; x_wconf 87' lang='lat' dir='ltr'><strong>frater</strong></span> <span class='ocrx_word' id='word_1_265' title='bbox 460 2798 550 2840; x_wconf 90' lang='lat' dir='ltr'><strong>meus</strong></span> <span class='ocrx_word' id='word_1_266' title='bbox 574 2777 643 2842; x_wconf 89' lang='lat' dir='ltr'><strong>dux</strong></span> <span class='ocrx_word' id='word_1_267' title='bbox 670 2775 867 2840; x_wconf 87' lang='lat' dir='ltr'><strong>Adalbertns</strong></span> <span class='ocrx_word' id='word_1_268' title='bbox 901 2775 1045 2855; x_wconf 89' lang='lat' dir='ltr'><strong>dilectus,</strong></span> <span class='ocrx_word' id='word_1_269' title='bbox 1073 2775 1149 2860; x_wconf 90' lang='lat' dir='ltr'><strong>quia</strong></span> <span class='ocrx_word' id='word_1_270' title='bbox 1171 2774 1356 2838; x_wconf 89' lang='lat' dir='ltr'><strong>audiuimus</strong></span> <span class='ocrx_word' id='word_1_271' title='bbox 1381 2783 1412 2837; x_wconf 92' lang='lat' dir='ltr'><strong>ct</strong></span> <span class='ocrx_word' id='word_1_272' title='bbox 1435 2775 1563 2856; x_wconf 89' lang='lat' dir='ltr'><strong>scimus,</strong></span> <span class='ocrx_word' id='word_1_273' title='bbox 1588 2773 1673 2860; x_wconf 92' lang='lat' dir='ltr'><strong>quod</strong></span> <span class='ocrx_word' id='word_1_274' title='bbox 1698 2773 1739 2838; x_wconf 92' lang='lat' dir='ltr'><strong>ad</strong></span> <span class='ocrx_word' id='word_1_275' title='bbox 1762 2776 1871 2840; x_wconf 87' lang='lat' dir='ltr'><strong>anime</strong></span> 
     </span>
     <span class='ocr_line' id='line_1_24' title="bbox 183 2878 1868 2963; baseline 0.004 -24"><span class='ocrx_word' id='word_1_276' title='bbox 183 2887 296 2942; x_wconf 89' lang='lat' dir='ltr'><strong>nostre</strong></span> <span class='ocrx_word' id='word_1_277' title='bbox 320 2878 538 2962; x_wconf 86' lang='lat' dir='ltr'><strong>salntemest,</strong></span> <span class='ocrx_word' id='word_1_278' title='bbox 563 2883 590 2945; x_wconf 88' lang='lat' dir='ltr'><strong>ei</strong></span> <span class='ocrx_word' id='word_1_279' title='bbox 612 2904 670 2946; x_wconf 88' lang='lat' dir='ltr'><strong>nos</strong></span> <span class='ocrx_word' id='word_1_280' title='bbox 694 2883 812 2946; x_wconf 89' lang='lat' dir='ltr'><strong>nostris</strong></span> <span class='ocrx_word' id='word_1_281' title='bbox 837 2881 987 2947; x_wconf 88' lang='lat' dir='ltr'><strong>fidelibus</strong></span> <span class='ocrx_word' id='word_1_282' title='bbox 1020 2878 1195 2943; x_wconf 89' lang='lat' dir='ltr'><strong>baronibus</strong></span> <span class='ocrx_word' id='word_1_283' title='bbox 1228 2899 1285 2963; x_wconf 87' lang='lat' dir='ltr'><strong>pro</strong></span> <span class='ocrx_word' id='word_1_284' title='bbox 1316 2881 1423 2941; x_wconf 85' lang='lat' dir='ltr'><strong>anima</strong></span> <span class='ocrx_word' id='word_1_285' title='bbox 1455 2901 1513 2942; x_wconf 86' lang='lat' dir='ltr'><strong>sua</strong></span> <span class='ocrx_word' id='word_1_286' title='bbox 1545 2878 1769 2943; x_wconf 84' lang='lat' dir='ltr'><strong>ordinantibus</strong></span> <span class='ocrx_word' id='word_1_287' title='bbox 1794 2902 1868 2945; x_wconf 88' lang='lat' dir='ltr'><strong>con·</strong></span> 
     </span>
     <span class='ocr_line' id='line_1_25' title="bbox 182 2981 1869 3072; baseline 0.004 -28"><span class='ocrx_word' id='word_1_288' title='bbox 182 2983 372 3047; x_wconf 86' lang='lat' dir='ltr'><strong>sentiamus.</strong></span> <span class='ocrx_word' id='word_1_289' title='bbox 398 2983 475 3048; x_wconf 90' lang='lat' dir='ltr'><strong>Ideo</strong></span> <span class='ocrx_word' id='word_1_290' title='bbox 497 2985 589 3050; x_wconf 90' lang='lat' dir='ltr'><strong>Rado</strong></span> <span class='ocrx_word' id='word_1_291' title='bbox 615 2985 754 3072; x_wconf 91' lang='lat' dir='ltr'><strong>palatino</strong></span> <span class='ocrx_word' id='word_1_292' title='bbox 778 3010 797 3050; x_wconf 90' lang='lat' dir='ltr'><strong>a</strong></span> <span class='ocrx_word' id='word_1_293' title='bbox 822 2983 913 3050; x_wconf 89' lang='lat' dir='ltr'><strong>nobis</strong></span> <span class='ocrx_word' id='word_1_294' title='bbox 937 3007 1010 3050; x_wconf 87' lang='lat' dir='ltr'><strong>cum</strong></span> <span class='ocrx_word' id='word_1_295' title='bbox 1035 3007 1094 3048; x_wconf 89' lang='lat' dir='ltr'><strong>sua</strong></span> <span class='ocrx_word' id='word_1_296' title='bbox 1117 3007 1218 3048; x_wconf 89' lang='lat' dir='ltr'><strong>uxore</strong></span> <span class='ocrx_word' id='word_1_297' title='bbox 1243 2981 1433 3068; x_wconf 81' lang='lat' dir='ltr'><strong>petentibus,</strong></span> <span class='ocrx_word' id='word_1_298' title='bbox 1466 2983 1626 3068; x_wconf 88' lang='lat' dir='ltr'><strong>predictas</strong></span> <span class='ocrx_word' id='word_1_299' title='bbox 1650 2984 1869 3050; x_wconf 83' lang='lat' dir='ltr'><strong>ordinationes</strong></span> 
     </span>
     <span class='ocr_line' id='line_1_26' title="bbox 183 3087 1868 3176; baseline 0.004 -27"><span class='ocrx_word' id='word_1_300' title='bbox 183 3109 298 3173; x_wconf 89' lang='lat' dir='ltr'><strong>omnes</strong></span> <span class='ocrx_word' id='word_1_301' title='bbox 331 3092 542 3174; x_wconf 87' lang='lat' dir='ltr'><strong>suscepimus,</strong></span> <span class='ocrx_word' id='word_1_302' title='bbox 574 3101 606 3154; x_wconf 89' lang='lat' dir='ltr'><strong>et</strong></span> <span class='ocrx_word' id='word_1_303' title='bbox 638 3091 707 3155; x_wconf 86' lang='lat' dir='ltr'><strong>fieri</strong></span> <span class='ocrx_word' id='word_1_304' title='bbox 740 3093 954 3176; x_wconf 89' lang='lat' dir='ltr'><strong>permisimus,</strong></span> <span class='ocrx_word' id='word_1_305' title='bbox 987 3091 1070 3153; x_wconf 88' lang='lat' dir='ltr'><strong>sicut</strong></span> <span class='ocrx_word' id='word_1_306' title='bbox 1099 3091 1167 3172; x_wconf 91' lang='lat' dir='ltr'><strong>ipse</strong></span> <span class='ocrx_word' id='word_1_307' title='bbox 1203 3087 1362 3174; x_wconf 88' lang='lat' dir='ltr'><strong>palatinus</strong></span> <span class='ocrx_word' id='word_1_308' title='bbox 1386 3087 1555 3164; x_wconf 87' lang='lat' dir='ltr'><strong>ordinauit,</strong></span> <span class='ocrx_word' id='word_1_309' title='bbox 1579 3097 1611 3152; x_wconf 93' lang='lat' dir='ltr'><strong>et</strong></span> <span class='ocrx_word' id='word_1_310' title='bbox 1634 3088 1740 3170; x_wconf 84' lang='lat' dir='ltr'><strong>sigillo</strong></span> <span class='ocrx_word' id='word_1_311' title='bbox 1765 3089 1868 3174; x_wconf 89' lang='lat' dir='ltr'><strong>regali</strong></span> 
     </span>
     <span class='ocr_line' id='line_1_27' title="bbox 182 3190 1867 3282; baseline 0.004 -28"><span class='ocrx_word' id='word_1_312' title='bbox 182 3190 640 3282; x_wconf 72' lang='lat' dir='ltr'><strong>sigillauimus.‚Quieumque</strong></span> <span class='ocrx_word' id='word_1_313' title='bbox 663 3205 770 3260; x_wconf 87' lang='lat' dir='ltr'><strong>autem</strong></span> <span class='ocrx_word' id='word_1_314' title='bbox 795 3197 991 3260; x_wconf 89' lang='lat' dir='ltr'><strong>contrarium</strong></span> <span class='ocrx_word' id='word_1_315' title='bbox 1016 3194 1122 3258; x_wconf 87' lang='lat' dir='ltr'><strong>facere</strong></span> <span class='ocrx_word' id='word_1_316' title='bbox 1147 3193 1292 3272; x_wconf 87' lang='lat' dir='ltr'><strong>voluerit,</strong></span> <span class='ocrx_word' id='word_1_317' title='bbox 1319 3215 1374 3256; x_wconf 90' lang='lat' dir='ltr'><strong>seu</strong></span> <span class='ocrx_word' id='word_1_318' title='bbox 1399 3195 1646 3276; x_wconf 86' lang='lat' dir='ltr'><strong>attemptauerit,</strong></span> <span class='ocrx_word' id='word_1_319' title='bbox 1680 3194 1782 3276; x_wconf 88' lang='lat' dir='ltr'><strong>primo</strong></span> <span class='ocrx_word' id='word_1_320' title='bbox 1807 3193 1867 3260; x_wconf 90' lang='lat' dir='ltr'><strong>deo</strong></span> 
     </span>
     <span class='ocr_line' id='line_1_28' title="bbox 183 3296 1864 3384; baseline 0.004 -25"><span class='ocrx_word' id='word_1_321' title='bbox 183 3296 245 3360; x_wconf 88' lang='lat' dir='ltr'><strong>celi</strong></span> <span class='ocrx_word' id='word_1_322' title='bbox 262 3309 295 3362; x_wconf 91' lang='lat' dir='ltr'><strong>et</strong></span> <span class='ocrx_word' id='word_1_323' title='bbox 310 3298 545 3381; x_wconf 88' lang='lat' dir='ltr'><strong>gloriosissime</strong></span> <span class='ocrx_word' id='word_1_324' title='bbox 561 3323 618 3365; x_wconf 90' lang='lat' dir='ltr'><strong>sue</strong></span> <span class='ocrx_word' id='word_1_325' title='bbox 636 3302 785 3384; x_wconf 88' lang='lat' dir='ltr'><strong>genitrici</strong></span> <span class='ocrx_word' id='word_1_326' title='bbox 801 3299 987 3365; x_wconf 88' lang='lat' dir='ltr'><strong>beatissime</strong></span> <span class='ocrx_word' id='word_1_327' title='bbox 1009 3299 1129 3382; x_wconf 88' lang='lat' dir='ltr'><strong>virgini</strong></span> <span class='ocrx_word' id='word_1_328' title='bbox 1146 3298 1248 3360; x_wconf 85' lang='lat' dir='ltr'><strong>Maria</strong></span> <span class='ocrx_word' id='word_1_329' title='bbox 1265 3305 1296 3360; x_wconf 94' lang='lat' dir='ltr'><strong>et</strong></span> <span class='ocrx_word' id='word_1_330' title='bbox 1314 3297 1499 3361; x_wconf 87' lang='lat' dir='ltr'><strong>beatissimo</strong></span> <span class='ocrx_word' id='word_1_331' title='bbox 1524 3297 1619 3362; x_wconf 89' lang='lat' dir='ltr'><strong>Petro</strong></span> <span class='ocrx_word' id='word_1_332' title='bbox 1646 3298 1864 3383; x_wconf 87' lang='lat' dir='ltr'><strong>apostolorum</strong></span> 
     </span>
     <span class='ocr_line' id='line_1_29' title="bbox 182 3387 1866 3488; baseline 0.004 -24"><span class='ocrx_word' id='word_1_333' title='bbox 182 3395 333 3487; x_wconf 84' lang='lat' dir='ltr'><strong>principi,</strong></span> <span class='ocrx_word' id='word_1_334' title='bbox 358 3413 392 3468; x_wconf 90' lang='lat' dir='ltr'><strong>et</strong></span> <span class='ocrx_word' id='word_1_335' title='bbox 415 3405 508 3470; x_wconf 90' lang='lat' dir='ltr'><strong>beato</strong></span> <span class='ocrx_word' id='word_1_336' title='bbox 532 3405 698 3470; x_wconf 87' lang='lat' dir='ltr'><strong>Demetrio</strong></span> <span class='ocrx_word' id='word_1_337' title='bbox 735 3408 857 3470; x_wconf 91' lang='lat' dir='ltr'><strong>martiri</strong></span> <span class='ocrx_word' id='word_1_338' title='bbox 889 3406 1049 3472; x_wconf 85' lang='lat' dir='ltr'><strong>obnoxius</strong></span> <span class='ocrx_word' id='word_1_339' title='bbox 1082 3387 1146 3486; x_wconf 85' lang='lat' dir='ltr'><strong>fiat,</strong></span> <span class='ocrx_word' id='word_1_340' title='bbox 1179 3406 1310 3488; x_wconf 86' lang='lat' dir='ltr'><strong>insuper</strong></span> <span class='ocrx_word' id='word_1_341' title='bbox 1338 3425 1420 3488; x_wconf 89' lang='lat' dir='ltr'><strong>pene</strong></span> <span class='ocrx_word' id='word_1_342' title='bbox 1450 3413 1577 3466; x_wconf 88' lang='lat' dir='ltr'><strong>centum</strong></span> <span class='ocrx_word' id='word_1_343' title='bbox 1610 3403 1763 3468; x_wconf 89' lang='lat' dir='ltr'><strong>librarum</strong></span> <span class='ocrx_word' id='word_1_344' title='bbox 1795 3409 1866 3470; x_wconf 91' lang='lat' dir='ltr'><strong>anri</strong></span> 
     </span>
     <span class='ocr_line' id='line_1_30' title="bbox 181 3506 1864 3595; baseline 0.003 -26"><span class='ocrx_word' id='word_1_345' title='bbox 181 3506 359 3588; x_wconf 86' lang='lat' dir='ltr'><strong>subiaceat,</strong></span> <span class='ocrx_word' id='word_1_346' title='bbox 382 3508 476 3574; x_wconf 88' lang='lat' dir='ltr'><strong>huius</strong></span> <span class='ocrx_word' id='word_1_347' title='bbox 501 3533 582 3594; x_wconf 89' lang='lat' dir='ltr'><strong>pene</strong></span> <span class='ocrx_word' id='word_1_348' title='bbox 606 3511 760 3576; x_wconf 90' lang='lat' dir='ltr'><strong>medietas</strong></span> <span class='ocrx_word' id='word_1_349' title='bbox 791 3513 879 3595; x_wconf 86' lang='lat' dir='ltr'><strong>regio</strong></span> <span class='ocrx_word' id='word_1_350' title='bbox 911 3511 989 3574; x_wconf 88' lang='lat' dir='ltr'><strong>lisco</strong></span> <span class='ocrx_word' id='word_1_351' title='bbox 1013 3509 1178 3587; x_wconf 88' lang='lat' dir='ltr'><strong>inferatur,</strong></span> <span class='ocrx_word' id='word_1_352' title='bbox 1203 3531 1241 3572; x_wconf 86' lang='lat' dir='ltr'><strong>ac</strong></span> <span class='ocrx_word' id='word_1_353' title='bbox 1264 3507 1328 3572; x_wconf 88' lang='lat' dir='ltr'><strong>alia</strong></span> <span class='ocrx_word' id='word_1_354' title='bbox 1351 3531 1425 3592; x_wconf 90' lang='lat' dir='ltr'><strong>pars</strong></span> <span class='ocrx_word' id='word_1_355' title='bbox 1449 3507 1583 3584; x_wconf 83' lang='lat' dir='ltr'><strong>dimidia</strong></span> <span class='ocrx_word' id='word_1_356' title='bbox 1619 3509 1754 3574; x_wconf 89' lang='lat' dir='ltr'><strong>ecclesie</strong></span> <span class='ocrx_word' id='word_1_357' title='bbox 1779 3510 1864 3574; x_wconf 89' lang='lat' dir='ltr'><strong>beati</strong></span> 
     </span>
     <span class='ocr_line' id='line_1_31' title="bbox 183 3611 1864 3708; baseline 0.005 -35"><span class='ocrx_word' id='word_1_358' title='bbox 183 3611 281 3692; x_wconf 88' lang='lat' dir='ltr'><strong>Petri,</strong></span> <span class='ocrx_word' id='word_1_359' title='bbox 305 3615 375 3686; x_wconf 86' lang='lat' dir='ltr'><strong>sine</strong></span> <span class='ocrx_word' id='word_1_360' title='bbox 398 3613 506 3708; x_wconf 81' lang='lat' dir='ltr'><strong>aliqua</strong></span> <span class='ocrx_word' id='word_1_361' title='bbox 525 3615 745 3680; x_wconf 89' lang='lat' dir='ltr'><strong>misericordia</strong></span> <span class='ocrx_word' id='word_1_362' title='bbox 769 3625 800 3681; x_wconf 90' lang='lat' dir='ltr'><strong>ct</strong></span> <span class='ocrx_word' id='word_1_363' title='bbox 823 3617 1011 3680; x_wconf 88' lang='lat' dir='ltr'><strong>remissione</strong></span> <span class='ocrx_word' id='word_1_364' title='bbox 1036 3611 1254 3700; x_wconf 82' lang='lat' dir='ltr'><strong>persoluetur3</strong></span> <span class='ocrx_word' id='word_1_365' title='bbox 1279 3611 1540 3677; x_wconf 89' lang='lat' dir='ltr'><strong>malediccioncm</strong></span> <span class='ocrx_word' id='word_1_366' title='bbox 1566 3616 1792 3700; x_wconf 85' lang='lat' dir='ltr'><strong>omnipotentie</strong></span> <span class='ocrx_word' id='word_1_367' title='bbox 1812 3617 1864 3682; x_wconf 89' lang='lat' dir='ltr'><strong>dei</strong></span> 
     </span>
     <span class='ocr_line' id='line_1_32' title="bbox 180 3717 1864 3808; baseline 0.006 -29"><span class='ocrx_word' id='word_1_368' title='bbox 180 3729 213 3780; x_wconf 85' lang='lat' dir='ltr'><strong>et</strong></span> <span class='ocrx_word' id='word_1_369' title='bbox 244 3717 475 3800; x_wconf 87' lang='lat' dir='ltr'><strong>gloriosissime</strong></span> <span class='ocrx_word' id='word_1_370' title='bbox 511 3721 646 3804; x_wconf 87' lang='lat' dir='ltr'><strong>virginis</strong></span> <span class='ocrx_word' id='word_1_371' title='bbox 672 3721 768 3785; x_wconf 82' lang='lat' dir='ltr'><strong>Maria</strong></span> <span class='ocrx_word' id='word_1_372' title='bbox 799 3721 965 3804; x_wconf 90' lang='lat' dir='ltr'><strong>genitricis</strong></span> <span class='ocrx_word' id='word_1_373' title='bbox 988 3721 1069 3800; x_wconf 92' lang='lat' dir='ltr'><strong>eius,</strong></span> <span class='ocrx_word' id='word_1_374' title='bbox 1092 3743 1131 3784; x_wconf 87' lang='lat' dir='ltr'><strong>ac</strong></span> <span class='ocrx_word' id='word_1_375' title='bbox 1155 3719 1240 3784; x_wconf 90' lang='lat' dir='ltr'><strong>beati</strong></span> <span class='ocrx_word' id='word_1_376' title='bbox 1275 3718 1362 3782; x_wconf 91' lang='lat' dir='ltr'><strong>Petri</strong></span> <span class='ocrx_word' id='word_1_377' title='bbox 1394 3718 1612 3804; x_wconf 89' lang='lat' dir='ltr'><strong>apostolorum</strong></span> <span class='ocrx_word' id='word_1_378' title='bbox 1640 3723 1803 3808; x_wconf 86' lang='lat' dir='ltr'><strong>principis,</strong></span> <span class='ocrx_word' id='word_1_379' title='bbox 1831 3735 1864 3790; x_wconf 89' lang='lat' dir='ltr'><strong>et</strong></span> 
     </span>
     <span class='ocr_line' id='line_1_33' title="bbox 182 3821 1862 3909; baseline 0.004 -24"><span class='ocrx_word' id='word_1_380' title='bbox 182 3821 269 3886; x_wconf 87' lang='lat' dir='ltr'><strong>beati</strong></span> <span class='ocrx_word' id='word_1_381' title='bbox 299 3822 459 3888; x_wconf 88' lang='lat' dir='ltr'><strong>Demetrii</strong></span> <span class='ocrx_word' id='word_1_382' title='bbox 500 3827 639 3890; x_wconf 85' lang='lat' dir='ltr'><strong>martiris</strong></span> <span class='ocrx_word' id='word_1_383' title='bbox 670 3827 836 3890; x_wconf 89' lang='lat' dir='ltr'><strong>incurrant</strong></span> <span class='ocrx_word' id='word_1_384' title='bbox 865 3847 976 3890; x_wconf 89' lang='lat' dir='ltr'><strong>omnes</strong></span> <span class='ocrx_word' id='word_1_385' title='bbox 1016 3826 1115 3889; x_wconf 88' lang='lat' dir='ltr'><strong>nostri</strong></span> <span class='ocrx_word' id='word_1_386' title='bbox 1149 3845 1351 3888; x_wconf 87' lang='lat' dir='ltr'><strong>successores</strong></span> <span class='ocrx_word' id='word_1_387' title='bbox 1382 3825 1472 3909; x_wconf 84' lang='lat' dir='ltr'><strong>regie</strong></span> <span class='ocrx_word' id='word_1_388' title='bbox 1505 3827 1717 3909; x_wconf 89' lang='lat' dir='ltr'><strong>posteritatis,</strong></span> <span class='ocrx_word' id='word_1_389' title='bbox 1751 3849 1862 3894; x_wconf 89' lang='lat' dir='ltr'><strong>omnes</strong></span> 
     </span>
     <span class='ocr_line' id='line_1_34' title="bbox 179 3927 1860 4017; baseline 0.005 -26"><span class='ocrx_word' id='word_1_390' title='bbox 179 3929 290 4007; x_wconf 46' lang='lat' dir='ltr'><strong>eciam,</strong></span> <span class='ocrx_word' id='word_1_391' title='bbox 315 3927 461 4011; x_wconf 90' lang='lat' dir='ltr'><strong>barones,</strong></span> <span class='ocrx_word' id='word_1_392' title='bbox 492 3932 546 4015; x_wconf 91' lang='lat' dir='ltr'><strong>qui</strong></span> <span class='ocrx_word' id='word_1_393' title='bbox 571 3932 602 3994; x_wconf 92' lang='lat' dir='ltr'><strong>in</strong></span> <span class='ocrx_word' id='word_1_394' title='bbox 627 3953 685 3994; x_wconf 91' lang='lat' dir='ltr'><strong>suo</strong></span> <span class='ocrx_word' id='word_1_395' title='bbox 716 3939 860 4017; x_wconf 88' lang='lat' dir='ltr'><strong>ternpore</strong></span> <span class='ocrx_word' id='word_1_396' title='bbox 892 3931 978 4014; x_wconf 88' lang='lat' dir='ltr'><strong>regis</strong></span> <span class='ocrx_word' id='word_1_397' title='bbox 1000 3930 1155 3994; x_wconf 88' lang='lat' dir='ltr'><strong>iustitiam</strong></span> <span class='ocrx_word' id='word_1_398' title='bbox 1178 3928 1401 4012; x_wconf 89' lang='lat' dir='ltr'><strong>iudicauerint,</strong></span> <span class='ocrx_word' id='word_1_399' title='bbox 1435 3931 1463 3994; x_wconf 90' lang='lat' dir='ltr'><strong>si</strong></span> <span class='ocrx_word' id='word_1_400' title='bbox 1487 3933 1547 4015; x_wconf 90' lang='lat' dir='ltr'><strong>ipsi</strong></span> <span class='ocrx_word' id='word_1_401' title='bbox 1572 3953 1636 3996; x_wconf 90' lang='lat' dir='ltr'><strong>non</strong></span> <span class='ocrx_word' id='word_1_402' title='bbox 1659 3937 1860 4000; x_wconf 84' lang='lat' dir='ltr'><strong>seruauerint</strong></span> 
     </span>
     <span class='ocr_line' id='line_1_35' title="bbox 179 4032 1859 4120; baseline 0.005 -24"><span class='ocrx_word' id='word_1_403' title='bbox 179 4036 296 4112; x_wconf 87' lang='lat' dir='ltr'><strong>omnia,</strong></span> <span class='ocrx_word' id='word_1_404' title='bbox 330 4055 394 4120; x_wconf 90' lang='lat' dir='ltr'><strong>que</strong></span> <span class='ocrx_word' id='word_1_405' title='bbox 417 4032 470 4098; x_wconf 92' lang='lat' dir='ltr'><strong>bic</strong></span> <span class='ocrx_word' id='word_1_406' title='bbox 488 4038 670 4120; x_wconf 87' lang='lat' dir='ltr'><strong>conscripta</strong></span> <span class='ocrx_word' id='word_1_407' title='bbox 686 4045 769 4114; x_wconf 89' lang='lat' dir='ltr'><strong>sunt,</strong></span> <span class='ocrx_word' id='word_1_408' title='bbox 793 4047 825 4100; x_wconf 92' lang='lat' dir='ltr'><strong>et</strong></span> <span class='ocrx_word' id='word_1_409' title='bbox 848 4035 948 4098; x_wconf 88' lang='lat' dir='ltr'><strong>eciam</strong></span> <span class='ocrx_word' id='word_1_410' title='bbox 966 4035 992 4097; x_wconf 93' lang='lat' dir='ltr'><strong>si</strong></span> <span class='ocrx_word' id='word_1_411' title='bbox 1011 4055 1067 4119; x_wconf 87' lang='lat' dir='ltr'><strong>per</strong></span> <span class='ocrx_word' id='word_1_412' title='bbox 1090 4033 1170 4098; x_wconf 90' lang='lat' dir='ltr'><strong>alios</strong></span> <span class='ocrx_word' id='word_1_413' title='bbox 1188 4033 1332 4096; x_wconf 91' lang='lat' dir='ltr'><strong>homines</strong></span> <span class='ocrx_word' id='word_1_414' title='bbox 1356 4056 1419 4097; x_wconf 91' lang='lat' dir='ltr'><strong>non</strong></span> <span class='ocrx_word' id='word_1_415' title='bbox 1437 4035 1571 4098; x_wconf 89' lang='lat' dir='ltr'><strong>fecerint</strong></span> <span class='ocrx_word' id='word_1_416' title='bbox 1587 4057 1727 4102; x_wconf 89' lang='lat' dir='ltr'><strong>seruare.</strong></span> <span class='ocrx_word' id='word_1_417' title='bbox 1743 4037 1859 4104; x_wconf 85' lang='lat' dir='ltr'><strong>Amen.</strong></span> 
     </span>
     <span class='ocr_line' id='line_1_36' title="bbox 178 4131 1858 4228; baseline 0.004 -27"><span class='ocrx_word' id='word_1_418' title='bbox 178 4137 300 4202; x_wconf 86' lang='lat' dir='ltr'><strong>Datum</strong></span> <span class='ocrx_word' id='word_1_419' title='bbox 319 4139 459 4204; x_wconf 88' lang='lat' dir='ltr'><strong>secundo</strong></span> <span class='ocrx_word' id='word_1_420' title='bbox 484 4163 584 4205; x_wconf 89' lang='lat' dir='ltr'><strong>nonas</strong></span> <span class='ocrx_word' id='word_1_421' title='bbox 609 4131 697 4221; x_wconf 81' lang='lat' dir='ltr'><strong>itnii,</strong></span> <span class='ocrx_word' id='word_1_422' title='bbox 721 4140 906 4221; x_wconf 86' lang='lat' dir='ltr'><strong>indictione,</strong></span> <span class='ocrx_word' id='word_1_423' title='bbox 930 4140 1065 4203; x_wconf 87' lang='lat' dir='ltr'><strong>decima.</strong></span> <span class='ocrx_word' id='word_1_424' title='bbox 1083 4137 1178 4202; x_wconf 87' lang='lat' dir='ltr'><strong>Anno</strong></span> <span class='ocrx_word' id='word_1_425' title='bbox 1195 4139 1425 4202; x_wconf 89' lang='lat' dir='ltr'><strong>incarnationis</strong></span> <span class='ocrx_word' id='word_1_426' title='bbox 1445 4139 1565 4203; x_wconf 89' lang='lat' dir='ltr'><strong>domiui</strong></span> <span class='ocrx_word' id='word_1_427' title='bbox 1583 4139 1752 4207; x_wconf 87' lang='lat' dir='ltr'><strong>millesimo</strong></span> <span class='ocrx_word' id='word_1_428' title='bbox 1767 4146 1858 4228; x_wconf 90' lang='lat' dir='ltr'><strong>quin-</strong></span> 
     </span>
     <span class='ocr_line' id='line_1_37' title="bbox 95 4241 1860 4333; baseline 0.005 -26"><span class='ocrx_word' id='word_1_429' title='bbox 95 4242 99 4246; x_wconf 82' lang='grc'><strong>’</strong></span> <span class='ocrx_word' id='word_1_430' title='bbox 176 4247 366 4328; x_wconf 85' lang='lat' dir='ltr'><strong>quagesimo</strong></span> <span class='ocrx_word' id='word_1_431' title='bbox 397 4248 542 4330; x_wconf 86' lang='lat' dir='ltr'><strong>septimo,</strong></span> <span class='ocrx_word' id='word_1_432' title='bbox 574 4247 694 4330; x_wconf 85' lang='lat' dir='ltr'><strong>(regni)</strong></span> <span class='ocrx_word' id='word_1_433' title='bbox 719 4248 818 4310; x_wconf 87' lang='lat' dir='ltr'><strong>nostri</strong></span> <span class='ocrx_word' id='word_1_434' title='bbox 842 4267 927 4310; x_wconf 89' lang='lat' dir='ltr'><strong>anno</strong></span> <span class='ocrx_word' id='word_1_435' title='bbox 950 4243 1139 4308; x_wconf 90' lang='lat' dir='ltr'><strong>duodecimo</strong></span> <span class='ocrx_word' id='word_1_436' title='bbox 1163 4242 1251 4329; x_wconf 77' lang='lat' dir='ltr'>(XI).</span> <span class='ocrx_word' id='word_1_437' title='bbox 1276 4242 1393 4308; x_wconf 82' lang='lat' dir='ltr'><strong>Actum</strong></span> <span class='ocrx_word' id='word_1_438' title='bbox 1426 4245 1457 4307; x_wconf 94' lang='lat' dir='ltr'><strong>in</strong></span> <span class='ocrx_word' id='word_1_439' title='bbox 1481 4241 1668 4330; x_wconf 86' lang='lat' dir='ltr'><strong>Albaregia‚</strong></span> <span class='ocrx_word' id='word_1_440' title='bbox 1692 4249 1725 4311; x_wconf 91' lang='lat' dir='ltr'><strong>in</strong></span> <span class='ocrx_word' id='word_1_441' title='bbox 1749 4271 1860 4333; x_wconf 88' lang='lat' dir='ltr'><strong>cogre-</strong></span> 
     </span>
     <span class='ocr_line' id='line_1_38' title="bbox 178 4351 446 4434; baseline 0.004 -21"><span class='ocrx_word' id='word_1_442' title='bbox 178 4351 307 4432; x_wconf 89' lang='lat' dir='ltr'><strong>gatione</strong></span> <span class='ocrx_word' id='word_1_443' title='bbox 329 4353 446 4434; x_wconf 76' lang='lat' dir='ltr'><strong>regni-¹</strong></span> 
     </span>
    </p>

    <p class='ocr_par' dir='ltr' id='par_1_3' title="bbox 179 4461 1859 4621">
     <span class='ocr_line' id='line_1_39' title="bbox 337 4461 1859 4535; baseline 0.007 -20"><span class='ocrx_word' id='word_1_444' title='bbox 337 4461 446 4520; x_wconf 85' lang='lat' dir='ltr'><strong>Keller.</strong></span> <span class='ocrx_word' id='word_1_445' title='bbox 471 4464 544 4518; x_wconf 87' lang='lat' dir='ltr'><strong>Hist.</strong></span> <span class='ocrx_word' id='word_1_446' title='bbox 568 4462 662 4532; x_wconf 86' lang='lat' dir='ltr'><strong>Episc.</strong></span> <span class='ocrx_word' id='word_1_447' title='bbox 686 4463 817 4533; x_wconf 82' lang='lat' dir='ltr'><strong>Quinque</strong></span> <span class='ocrx_word' id='word_1_448' title='bbox 842 4461 911 4517; x_wconf 88' lang='lat' dir='ltr'><strong>eccl.</strong></span> <span class='ocrx_word' id='word_1_449' title='bbox 946 4463 982 4519; x_wconf 88' lang='grc' dir='ltr'><strong>Τ.</strong></span> <span class='ocrx_word' id='word_1_450' title='bbox 1007 4461 1028 4515; x_wconf 93' lang='lat'><strong>1.</strong></span> <span class='ocrx_word' id='word_1_451' title='bbox 1052 4469 1100 4516; x_wconf 75' lang='grc' dir='ltr'>ιιι.</span> <span class='ocrx_word' id='word_1_452' title='bbox 1133 4461 1193 4516; x_wconf 85' lang='grc'><strong>147</strong></span> <span class='ocrx_word' id='word_1_453' title='bbox 1227 4462 1282 4516; x_wconf 83' lang='lat' dir='ltr'><strong>veli</strong></span> <span class='ocrx_word' id='word_1_454' title='bbox 1314 4463 1350 4516; x_wconf 89' lang='lat' dir='ltr'><strong>da</strong></span> <span class='ocrx_word' id='word_1_455' title='bbox 1369 4463 1400 4532; x_wconf 90' lang='lat' dir='ltr'><strong>je</strong></span> <span class='ocrx_word' id='word_1_456' title='bbox 1435 4480 1468 4516; x_wconf 85' lang='lat' dir='ltr'><strong>ex</strong></span> <span class='ocrx_word' id='word_1_457' title='bbox 1498 4470 1673 4535; x_wconf 84' lang='lat' dir='ltr'><strong>transumpto</strong></span> <span class='ocrx_word' id='word_1_458' title='bbox 1702 4464 1859 4526; x_wconf 88' lang='lat' dir='ltr'><strong>litterarum</strong></span> 
     </span>
     <span class='ocr_line' id='line_1_40' title="bbox 179 4549 1476 4621; baseline 0.001 -20"><span class='ocrx_word' id='word_1_459' title='bbox 179 4549 340 4603; x_wconf 84' lang='lat' dir='ltr'><strong>monasterii</strong></span> <span class='ocrx_word' id='word_1_460' title='bbox 364 4550 539 4620; x_wconf 82' lang='lat' dir='ltr'><strong>Simigiensis</strong></span> <span class='ocrx_word' id='word_1_461' title='bbox 562 4551 629 4605; x_wconf 88' lang='lat' dir='ltr'><strong>anni</strong></span> <span class='ocrx_word' id='word_1_462' title='bbox 656 4550 760 4604; x_wconf 78' lang='lat'>1404?</span> <span class='ocrx_word' id='word_1_463' title='bbox 783 4551 867 4621; x_wconf 80' lang='lat' dir='ltr'><strong>FcJ&#39;er</strong></span> <span class='ocrx_word' id='word_1_464' title='bbox 886 4549 990 4604; x_wconf 79' lang='lat' dir='ltr'><strong>Codex.</strong></span> <span class='ocrx_word' id='word_1_465' title='bbox 1010 4550 1092 4620; x_wconf 80' lang='lat' dir='ltr'><strong>Dipl.</strong></span> <span class='ocrx_word' id='word_1_466' title='bbox 1118 4551 1150 4604; x_wconf 86' lang='lat' dir='ltr'><strong>R.</strong></span> <span class='ocrx_word' id='word_1_467' title='bbox 1173 4549 1268 4620; x_wconf 88' lang='lat' dir='ltr'><strong>Hung.</strong></span> <span class='ocrx_word' id='word_1_468' title='bbox 1285 4550 1306 4604; x_wconf 92' lang='lat' dir='ltr'><strong>l.</strong></span> <span class='ocrx_word' id='word_1_469' title='bbox 1331 4557 1378 4604; x_wconf 85' lang='lat' dir='ltr'><strong>etr.</strong></span> <span class='ocrx_word' id='word_1_470' title='bbox 1405 4549 1476 4603; x_wconf 79' lang='lat'><strong>394.</strong></span> 
     </span>
    </p>
   </div>
   <div class='ocr_carea' id='block_1_3' title="bbox 177 4740 1859 5517">
    <p class='ocr_par' dir='ltr' id='par_1_4' title="bbox 177 4740 1859 5517">
     <span class='ocr_line' id='line_1_41' title="bbox 287 4740 1857 4820; baseline 0.004 -23"><span class='ocrx_word' id='word_1_471' title='bbox 287 4741 368 4798; x_wconf 76' lang='lat' dir='ltr'><strong>&#39;Ocu</strong></span> <span class='ocrx_word' id='word_1_472' title='bbox 393 4743 499 4813; x_wconf 88' lang='lat' dir='ltr'><strong>listinu,</strong></span> <span class='ocrx_word' id='word_1_473' title='bbox 530 4745 598 4814; x_wconf 78' lang='lat' dir='ltr'><strong>hoJu</strong></span> <span class='ocrx_word' id='word_1_474' title='bbox 622 4741 672 4797; x_wconf 79' lang='lat' dir='ltr'><strong>ved</strong></span> <span class='ocrx_word' id='word_1_475' title='bbox 696 4740 849 4813; x_wconf 79' lang='lat' dir='ltr'><strong>Gebhardi,</strong></span> <span class='ocrx_word' id='word_1_476' title='bbox 879 4741 971 4814; x_wconf 89' lang='lat' dir='ltr'><strong>Engel</strong></span> <span class='ocrx_word' id='word_1_477' title='bbox 1001 4742 1009 4794; x_wconf 93' lang='lat' dir='ltr'><strong>i</strong></span> <span class='ocrx_word' id='word_1_478' title='bbox 1042 4741 1238 4812; x_wconf 72' lang='lat' dir='ltr'><strong>ssent-lvanyi</strong></span> <span class='ocrx_word' id='word_1_479' title='bbox 1277 4742 1442 4812; x_wconf 88' lang='lat' dir='ltr'><strong>sumnjivom</strong></span> <span class='ocrx_word' id='word_1_480' title='bbox 1473 4743 1636 4813; x_wconf 74' lang='lat' dir='ltr'><strong>proglssise,</strong></span> <span class='ocrx_word' id='word_1_481' title='bbox 1667 4765 1684 4802; x_wconf 92' lang='lat' dir='ltr'><strong>a</strong></span> <span class='ocrx_word' id='word_1_482' title='bbox 1716 4748 1857 4820; x_wconf 70' lang='lat' dir='ltr'><strong>ladljivost</strong></span> 
     </span>
     <span class='ocr_line' id='line_1_42' title="bbox 179 4828 1859 4906; baseline 0.007 -25"><span class='ocrx_word' id='word_1_483' title='bbox 179 4830 289 4898; x_wconf 85' lang='lat' dir='ltr'><strong>njezinu</strong></span> <span class='ocrx_word' id='word_1_484' title='bbox 323 4829 425 4900; x_wconf 88' lang='lat' dir='ltr'><strong>biskup</strong></span> <span class='ocrx_word' id='word_1_485' title='bbox 458 4831 493 4887; x_wconf 88' lang='lat' dir='ltr'><strong>hl.</strong></span> <span class='ocrx_word' id='word_1_486' title='bbox 525 4829 668 4902; x_wconf 72' lang='lat' dir='ltr'><strong>Oiegovic&#39;</strong></span> <span class='ocrx_word' id='word_1_487' title='bbox 699 4849 716 4885; x_wconf 93' lang='lat' dir='ltr'><strong>u</strong></span> <span class='ocrx_word' id='word_1_488' title='bbox 749 4849 826 4884; x_wconf 84' lang='lat' dir='ltr'><strong>suom</strong></span> <span class='ocrx_word' id='word_1_489' title='bbox 860 4829 936 4900; x_wconf 90' lang='lat' dir='ltr'><strong>djelu</strong></span> <span class='ocrx_word' id='word_1_490' title='bbox 964 4829 1072 4896; x_wconf 89' lang='lat' dir='ltr'><strong>,Unius</strong></span> <span class='ocrx_word' id='word_1_491' title='bbox 1096 4847 1112 4882; x_wconf 91' lang='lat' dir='ltr'><strong>e</strong></span> <span class='ocrx_word' id='word_1_492' title='bbox 1135 4829 1246 4883; x_wconf 85' lang='lat' dir='ltr'><strong>Oroatis</strong></span> <span class='ocrx_word' id='word_1_493' title='bbox 1269 4828 1448 4898; x_wconf 82' lang='lat' dir='ltr'><strong>Responsa¹‘.</strong></span> <span class='ocrx_word' id='word_1_494' title='bbox 1466 4833 1549 4900; x_wconf 85' lang='lat' dir='ltr'><strong>jasno</strong></span> <span class='ocrx_word' id='word_1_495' title='bbox 1581 4831 1698 4906; x_wconf 78' lang='lat' dir='ltr'><strong>(lehara,</strong></span> <span class='ocrx_word' id='word_1_496' title='bbox 1733 4835 1859 4904; x_wconf 83' lang='lat' dir='ltr'><strong>priobdio</strong></span> 
     </span>
     <span class='ocr_line' id='line_1_43' title="bbox 179 4916 1857 4994; baseline 0.007 -26"><span class='ocrx_word' id='word_1_497' title='bbox 179 4934 235 4970; x_wconf 86' lang='lat' dir='ltr'><strong>sam</strong></span> <span class='ocrx_word' id='word_1_498' title='bbox 260 4918 344 4987; x_wconf 82' lang='lat' dir='ltr'><strong>ovdje</strong></span> <span class='ocrx_word' id='word_1_499' title='bbox 375 4937 453 4973; x_wconf 82' lang='lat' dir='ltr'><strong>sarno</strong></span> <span class='ocrx_word' id='word_1_500' title='bbox 485 4919 544 4972; x_wconf 88' lang='lat' dir='ltr'><strong>radi</strong></span> <span class='ocrx_word' id='word_1_501' title='bbox 580 4925 655 4989; x_wconf 88' lang='lat' dir='ltr'><strong>toga,</strong></span> <span class='ocrx_word' id='word_1_502' title='bbox 680 4919 722 4972; x_wconf 72' lang='lat' dir='ltr'><strong>sto</strong></span> <span class='ocrx_word' id='word_1_503' title='bbox 744 4920 773 4986; x_wconf 89' lang='lat' dir='ltr'><strong>je</strong></span> <span class='ocrx_word' id='word_1_504' title='bbox 797 4917 942 4974; x_wconf 74' lang='lat' dir='ltr'><strong>destolrrat</strong></span> <span class='ocrx_word' id='word_1_505' title='bbox 978 4916 1121 4986; x_wconf 86' lang='lat' dir='ltr'><strong>ugarskim</strong></span> <span class='ocrx_word' id='word_1_506' title='bbox 1145 4916 1249 4985; x_wconf 86' lang='lat' dir='ltr'><strong>piscem</strong></span> <span class='ocrx_word' id='word_1_507' title='bbox 1274 4916 1375 4970; x_wconf 72' lang='lat' dir='ltr'><strong>sluiila</strong></span> <span class='ocrx_word' id='word_1_508' title='bbox 1396 4917 1511 4985; x_wconf 89' lang='lat' dir='ltr'><strong>jedinim</strong></span> <span class='ocrx_word' id='word_1_509' title='bbox 1535 4919 1686 4990; x_wconf 72' lang='lat' dir='ltr'><strong>tobodojim</strong></span> <span class='ocrx_word' id='word_1_510' title='bbox 1711 4923 1857 4994; x_wconf 75' lang='lat' dir='ltr'><strong>dolatzom,</strong></span> 
     </span>
     <span class='ocr_line' id='line_1_44' title="bbox 178 4997 1858 5080; baseline 0.005 -24"><span class='ocrx_word' id='word_1_511' title='bbox 178 5005 214 5056; x_wconf 90' lang='lat' dir='ltr'><strong>da</strong></span> <span class='ocrx_word' id='word_1_512' title='bbox 232 5023 263 5058; x_wconf 89' lang='lat' dir='ltr'><strong>su</strong></span> <span class='ocrx_word' id='word_1_513' title='bbox 287 5005 410 5074; x_wconf 85' lang='lat' dir='ltr'><strong>Magjari</strong></span> <span class='ocrx_word' id='word_1_514' title='bbox 429 5008 478 5075; x_wconf 81' lang='lat' dir='ltr'><strong>J&#39;ur</strong></span> <span class='ocrx_word' id='word_1_515' title='bbox 500 5007 572 5076; x_wconf 85' lang='lat' dir='ltr'><strong>prije</strong></span> <span class='ocrx_word' id='word_1_516' title='bbox 595 5025 634 5058; x_wconf 81' lang='lat' dir='ltr'><strong>ev.</strong></span> <span class='ocrx_word' id='word_1_517' title='bbox 659 5005 823 5060; x_wconf 87' lang='lat' dir='ltr'><strong>Vladislava</strong></span> <span class='ocrx_word' id='word_1_518' title='bbox 839 4997 855 5058; x_wconf 87' lang='lat' dir='ltr'><strong>&#39;i</strong></span> <span class='ocrx_word' id='word_1_519' title='bbox 878 5003 1037 5058; x_wconf 89' lang='lat' dir='ltr'><strong>Kolomana</strong></span> <span class='ocrx_word' id='word_1_520' title='bbox 1066 5004 1177 5072; x_wconf 89' lang='lat' dir='ltr'><strong>osvojili</strong></span> <span class='ocrx_word' id='word_1_521' title='bbox 1194 4999 1350 5074; x_wconf 81' lang='lat' dir='ltr'><strong>Slavouiju.</strong></span> <span class='ocrx_word' id='word_1_522' title='bbox 1375 5004 1530 5074; x_wconf 73' lang='lat' dir='ltr'><strong>Ladljivost</strong></span> <span class='ocrx_word' id='word_1_523' title='bbox 1552 5005 1645 5061; x_wconf 81' lang='lat' dir='ltr'><strong>listins</strong></span> <span class='ocrx_word' id='word_1_524' title='bbox 1668 5009 1807 5080; x_wconf 81' lang='lat' dir='ltr'><strong>pokazuje</strong></span> <span class='ocrx_word' id='word_1_525' title='bbox 1823 5029 1858 5066; x_wconf 89' lang='lat' dir='ltr'><strong>ne</strong></span> 
     </span>
     <span class='ocr_line' id='line_1_45' title="bbox 177 5091 1856 5164; baseline 0.005 -20"><span class='ocrx_word' id='word_1_526' title='bbox 177 5109 263 5146; x_wconf 84' lang='lat' dir='ltr'><strong>samo·</strong></span> <span class='ocrx_word' id='word_1_527' title='bbox 276 5093 449 5162; x_wconf 84' lang='lat' dir='ltr'><strong>protuslovje</strong></span> <span class='ocrx_word' id='word_1_528' title='bbox 473 5111 490 5146; x_wconf 91' lang='lat' dir='ltr'><strong>u</strong></span> <span class='ocrx_word' id='word_1_529' title='bbox 513 5111 619 5146; x_wconf 82' lang='lat' dir='ltr'><strong>samorn</strong></span> <span class='ocrx_word' id='word_1_530' title='bbox 643 5093 747 5160; x_wconf 88' lang='lat' dir='ltr'><strong>tekstu,</strong></span> <span class='ocrx_word' id='word_1_531' title='bbox 770 5093 853 5146; x_wconf 85' lang='lat' dir='ltr'><strong>zatim</strong></span> <span class='ocrx_word' id='word_1_532' title='bbox 876 5092 1051 5160; x_wconf 85' lang='lat' dir='ltr'><strong>imenoranje</strong></span> <span class='ocrx_word' id='word_1_533' title='bbox 1067 5091 1172 5160; x_wconf 88' lang='lat' dir='ltr'><strong>njehog</strong></span> <span class='ocrx_word' id='word_1_534' title='bbox 1190 5091 1315 5160; x_wconf 84' lang='lat' dir='ltr'><strong>Alberta,</strong></span> <span class='ocrx_word' id='word_1_535' title='bbox 1332 5093 1431 5159; x_wconf 86' lang='lat' dir='ltr'><strong>mjesto</strong></span> <span class='ocrx_word' id='word_1_536' title='bbox 1455 5093 1532 5162; x_wconf 88' lang='lat' dir='ltr'><strong>Bele,</strong></span> <span class='ocrx_word' id='word_1_537' title='bbox 1555 5093 1613 5161; x_wconf 88' lang='lat' dir='ltr'><strong>koji</strong></span> <span class='ocrx_word' id='word_1_538' title='bbox 1632 5097 1663 5164; x_wconf 88' lang='lat' dir='ltr'><strong>je</strong></span> <span class='ocrx_word' id='word_1_539' title='bbox 1686 5097 1752 5150; x_wconf 87' lang='lat' dir='ltr'><strong>tada</strong></span> <span class='ocrx_word' id='word_1_540' title='bbox 1776 5099 1856 5154; x_wconf 77' lang='lat' dir='ltr'><strong>lacau</strong></span> 
     </span>
     <span class='ocr_line' id='line_1_46' title="bbox 179 5178 1855 5252; baseline 0.005 -20"><span class='ocrx_word' id='word_1_541' title='bbox 179 5181 299 5248; x_wconf 84' lang='lat' dir='ltr'><strong>ugarske</strong></span> <span class='ocrx_word' id='word_1_542' title='bbox 323 5198 341 5234; x_wconf 94' lang='lat' dir='ltr'><strong>u</strong></span> <span class='ocrx_word' id='word_1_543' title='bbox 361 5181 489 5251; x_wconf 86' lang='lat' dir='ltr'><strong>Poljskoj</strong></span> <span class='ocrx_word' id='word_1_544' title='bbox 502 5180 711 5252; x_wconf 85' lang='lat' dir='ltr'><strong>haobjegunac</strong></span> <span class='ocrx_word' id='word_1_545' title='bbox 727 5181 808 5246; x_wconf 63' lang='lat' dir='ltr'><strong>bivio,</strong></span> <span class='ocrx_word' id='word_1_546' title='bbox 833 5178 984 5250; x_wconf 73' lang='lat' dir='ltr'><strong>pogrieika</strong></span> <span class='ocrx_word' id='word_1_547' title='bbox 1007 5179 1140 5248; x_wconf 85' lang='lat' dir='ltr'><strong>napokon</strong></span> <span class='ocrx_word' id='word_1_548' title='bbox 1165 5197 1182 5232; x_wconf 91' lang='lat' dir='ltr'><strong>u</strong></span> <span class='ocrx_word' id='word_1_549' title='bbox 1207 5181 1380 5248; x_wconf 87' lang='lat' dir='ltr'><strong>navadjanju</strong></span> <span class='ocrx_word' id='word_1_550' title='bbox 1403 5180 1516 5249; x_wconf 80' lang='lat' dir='ltr'><strong>godins,</strong></span> <span class='ocrx_word' id='word_1_551' title='bbox 1534 5179 1668 5251; x_wconf 77' lang='lat' dir='ltr'><strong>indilrcije</strong></span> <span class='ocrx_word' id='word_1_552' title='bbox 1691 5185 1700 5236; x_wconf 91' lang='lat' dir='ltr'><strong>i</strong></span> <span class='ocrx_word' id='word_1_553' title='bbox 1725 5202 1855 5242; x_wconf 83' lang='lat' dir='ltr'><strong>vremena</strong></span> 
     </span>
     <span class='ocr_line' id='line_1_47' title="bbox 178 5259 1855 5345; baseline 0.006 -26"><span class='ocrx_word' id='word_1_554' title='bbox 178 5265 310 5338; x_wconf 87' lang='lat' dir='ltr'><strong>vladanja</strong></span> <span class='ocrx_word' id='word_1_555' title='bbox 326 5259 491 5339; x_wconf 64' lang='lat' dir='ltr'><strong>&#39;AndriJ&#39;ina</strong></span> <span class='ocrx_word' id='word_1_556' title='bbox 506 5285 579 5338; x_wconf 85' lang='lat' dir='ltr'><strong>nego</strong></span> <span class='ocrx_word' id='word_1_557' title='bbox 603 5267 732 5338; x_wconf 79' lang='lat' dir='ltr'><strong>tatodjer</strong></span> <span class='ocrx_word' id='word_1_558' title='bbox 754 5267 808 5322; x_wconf 89' lang='lat' dir='ltr'><strong>isto</strong></span> <span class='ocrx_word' id='word_1_559' title='bbox 823 5266 973 5338; x_wconf 69' lang='lat' dir='ltr'><strong>pegriesno</strong></span> <span class='ocrx_word' id='word_1_560' title='bbox 990 5265 1093 5320; x_wconf 87' lang='lat' dir='ltr'><strong>vrieme</strong></span> <span class='ocrx_word' id='word_1_561' title='bbox 1109 5265 1267 5337; x_wconf 80' lang='lat' dir='ltr'><strong>palatinatu</strong></span> <span class='ocrx_word' id='word_1_562' title='bbox 1282 5265 1405 5334; x_wconf 86' lang='lat' dir='ltr'><strong>Radova,</strong></span> <span class='ocrx_word' id='word_1_563' title='bbox 1423 5267 1468 5336; x_wconf 87' lang='lat' dir='ltr'><strong>koj</strong></span> <span class='ocrx_word' id='word_1_564' title='bbox 1494 5269 1548 5338; x_wconf 91' lang='lat' dir='ltr'><strong>pod</strong></span> <span class='ocrx_word' id='word_1_565' title='bbox 1569 5267 1688 5324; x_wconf 82' lang='lat' dir='ltr'><strong>imenonr</strong></span> <span class='ocrx_word' id='word_1_566' title='bbox 1711 5271 1855 5345; x_wconf 87' lang='lat' dir='ltr'><strong>Radovao,</strong></span> 
     </span>
     <span class='ocr_line' id='line_1_48' title="bbox 180 5347 1856 5434; baseline 0.005 -26"><span class='ocrx_word' id='word_1_567' title='bbox 180 5353 258 5409; x_wconf 81' lang='lat' dir='ltr'><strong>tahar</strong></span> <span class='ocrx_word' id='word_1_568' title='bbox 278 5357 359 5410; x_wconf 88' lang='lat' dir='ltr'><strong>deeet</strong></span> <span class='ocrx_word' id='word_1_569' title='bbox 378 5355 503 5428; x_wconf 87' lang='lat' dir='ltr'><strong>godinah</strong></span> <span class='ocrx_word' id='word_1_570' title='bbox 527 5356 637 5427; x_wconf 76' lang='lat' dir='ltr'><strong>kasniJe</strong></span> <span class='ocrx_word' id='word_1_571' title='bbox 660 5355 770 5429; x_wconf 79' lang='lat'>(1067)</span> <span class='ocrx_word' id='word_1_572' title='bbox 799 5373 818 5410; x_wconf 95' lang='lat' dir='ltr'><strong>u</strong></span> <span class='ocrx_word' id='word_1_573' title='bbox 840 5347 1005 5424; x_wconf 88' lang='lat' dir='ltr'><strong>nepohituoj</strong></span> <span class='ocrx_word' id='word_1_574' title='bbox 1032 5353 1130 5426; x_wconf 88' lang='lat' dir='ltr'><strong>jednoj</strong></span> <span class='ocrx_word' id='word_1_575' title='bbox 1165 5353 1252 5408; x_wconf 88' lang='lat' dir='ltr'><strong>listini</strong></span> <span class='ocrx_word' id='word_1_576' title='bbox 1276 5353 1430 5424; x_wconf 81' lang='lat' dir='ltr'><strong>palatinorn</strong></span> <span class='ocrx_word' id='word_1_577' title='bbox 1454 5355 1485 5408; x_wconf 94' lang='lat' dir='ltr'><strong>ili</strong></span> <span class='ocrx_word' id='word_1_578' title='bbox 1513 5355 1716 5413; x_wconf 83' lang='lat' dir='ltr'><strong>nadvornihom</strong></span> <span class='ocrx_word' id='word_1_579' title='bbox 1738 5375 1770 5415; x_wconf 89' lang='lat' dir='ltr'><strong>se</strong></span> <span class='ocrx_word' id='word_1_580' title='bbox 1792 5379 1856 5434; x_wconf 87' lang='lat' dir='ltr'><strong>spo-</strong></span> 
     </span>
     <span class='ocr_line' id='line_1_49' title="bbox 177 5440 1349 5517; baseline -0.002 -21"><span class='ocrx_word' id='word_1_581' title='bbox 177 5442 269 5516; x_wconf 85' lang='lat' dir='ltr'><strong>minje.</strong></span> <span class='ocrx_word' id='word_1_582' title='bbox 290 5443 338 5501; x_wconf 86' lang='lat' dir='ltr'><strong>Gl.</strong></span> <span class='ocrx_word' id='word_1_583' title='bbox 361 5444 480 5502; x_wconf 83' lang='lat' dir='ltr'><strong>Wenael</strong></span> <span class='ocrx_word' id='word_1_584' title='bbox 501 5443 596 5500; x_wconf 77' lang='lat' dir='ltr'><strong>Codex</strong></span> <span class='ocrx_word' id='word_1_585' title='bbox 619 5444 687 5517; x_wconf 87' lang='lat' dir='ltr'><strong>dipl.</strong></span> <span class='ocrx_word' id='word_1_586' title='bbox 710 5442 892 5516; x_wconf 79' lang='lat' dir='ltr'><strong>Arpadianus</strong></span> <span class='ocrx_word' id='word_1_587' title='bbox 916 5441 1095 5498; x_wconf 77' lang='lat' dir='ltr'><strong>confinnatus</strong></span> <span class='ocrx_word' id='word_1_588' title='bbox 1121 5443 1156 5498; x_wconf 89' lang='grc' dir='ltr'><strong>Τ.</strong></span> <span class='ocrx_word' id='word_1_589' title='bbox 1178 5442 1202 5497; x_wconf 90' lang='lat'><strong>1.</strong></span> <span class='ocrx_word' id='word_1_590' title='bbox 1224 5445 1274 5496; x_wconf 82' lang='lat' dir='ltr'><strong>etr.</strong></span> <span class='ocrx_word' id='word_1_591' title='bbox 1299 5440 1349 5494; x_wconf 77' lang='lat'><strong>27.</strong></span> 
     </span>
    </p>
   </div>
   <div class='ocr_carea' id='block_1_4' title="bbox 0 0 2160 5918">
    <p class='ocr_par' dir='ltr' id='par_1_5' title="bbox 0 0 2160 5918">
     <span class='ocr_line' id='line_1_50' title="bbox 0 0 2160 5918; baseline 0 0"><span class='ocrx_word' id='word_1_592' title='bbox 0 0 2160 5918; x_wconf 95' lang='lat' dir='ltr'><strong> </strong></span> 
     </span>
    </p>
   </div>
  </div>
 </body>
</html>
