4276 5934
1645 277 1819 410 '229

284 525 356 611 Ego
379 525 479 594 frater
508 525 702 592 Dominicus
738 527 842 604 sancti
873 525 1031 614 Cypriani
1066 526 1253 610 monachus,
1286 527 1349 596 hoc
1384 527 1568 618 exemplum
1600 550 1643 594 ex
1675 529 1819 596 iussione

135 632 273 720 predicti
297 635 442 720 episcopi
470 634 665 722 exemplaui,
690 635 817 724 etipse
840 656 937 701 mauu
960 635 1091 722 propria
1115 634 1315 702 confirmaui.

344 832 422 892 Part.
446 832 527 907 Illyr.
553 833 631 893 Suet.
655 833 694 892 V.
719 835 791 894 640.

367 1093 371 1098 ’
484 1129 721 1214 coxovn.
750 1130 857 1214 nar.
886 1135 961 1236 ma
987 1131 1141 1234 ripun
1167 1131 1204 1215 u
1232 1131 1453 1214 rivoalto.

284 1311 462 1383 Mtetanom,
485 1311 644 1386 potoaetim
666 1327 702 1370 ao
725 1312 843 1385 mojtmt
866 1307 987 1371 brodon·
1009 1329 1053 1371 ao
1075 1310 1187 1382 Zodor,
1211 1307 1339 1371 obctooo
1361 1325 1392 1370 ac
1412 1311 1557 1372 notando
1574 1313 1656 1374 itata

284 1485 320 1548 In
343 1483 473 1548 nominc
492 1482 614 1546 domini
639 1484 741 1548 nostri
764 1481 844 1547 Jesu
863 1480 996 1565 Christi,
1020 1506 1104 1548 anno
1128 1483 1250 1548 domini
1281 1481 1454 1548 millesimo
1488 1485 1665 1550 centesimo
1702 1493 1811 1550 octua-

134 1593 260 1676 gesimo
287 1591 434 1675 septimo,
461 1589 582 1652 mensis
605 1585 706 1668 Junii,
730 1587 905 1653 indictione
928 1587 967 1652 V.
991 1573 1142 1656 Riuoalti.
1166 1588 1235 1654 Nos
1259 1588 1390 1675 quidem
1413 1588 1529 1653 Petrus
1552 1589 1766 1672 Justinianus,
1785 1599 1817 1653 et

134 1695 329 1760 Dominicus
353 1693 470 1788 Mento,
494 1693 590 1758 ambo
614 1703 839 1782 procuratores
862 1697 969 1780 operis
995 1693 1080 1760 beati
1103 1695 1216 1776 Marci,
1240 1716 1298 1781 per
1331 1704 1519 1788 preceptum
1556 1693 1679 1759 domini
1714 1695 1816 1760 nostri

132 1803 234 1868 Aurei
259 1800 489 1887 Maistropctri,
514 1809 548 1864 et
571 1799 810 1866 collaudatione
833 1801 988 1884 iudicum,
1011 1811 1043 1868 et
1067 1802 1200 1869 maioris
1223 1811 1320 1888 atque
1345 1801 1478 1866 minoris
1500 1785 1637 1881 consilii,
1662 1809 1694 1865 et
1715 1800 1814 1865 aduo-
1927 1815 1929 1820 ’

132 1919 280 1983 catorum
305 1909 405 1974 nostri
430 1908 610 1972 communis
635 1915 667 1971 ct
692 1908 799 1994 populi
824 1907 1046 1990 venetiarum,
1078 1908 1300 1994 promittentes
1336 1899 1552 1994 promittimus
1588 1901 1660 1972 chm
1695 1907 1814 1973 nostris

11 2029 12 2036 ³
132 2014 377 2080 successoribus
402 2012 547 2078 eiusdem
567 2015 675 2100 operis
699 2013 783 2078 beati
800 2009 920 2096 ¹Marci,
945 2013 1036 2080 vobis
1060 2013 1234 2078 Dominico
1257 2011 1410 2097 Venerio,
1435 2012 1555 2078 Viuoto
1580 2021 1612 2078 et
1645 2013 1741 2078 Petro
1774 2011 1815 2076 de

132 2119 299 2201 Salmatia,
324 2121 379 2204 qui
412 2120 492 2184 estis
520 2140 593 2184 cum
629 2128 739 2184 vestra
769 2122 854 2184 naui.
890 2119 985 2190 Petro
1009 2122 1030 2198 †
1052 2117 1196 2184 Fusculo
1219 2121 1236 2202 ¹,
1272 2117 1425 2184 Michaeli
1457 2117 1610 2184 Fusculo.
1644 2117 1815 2183 Leonardo

134 2225 229 2304 Nani,
255 2227 310 2310 qui
334 2225 413 2290 estis
430 2245 502 2290 cum
522 2234 630 2289 vestra
647 2226 733 2289 naui.
758 2225 868 2290 Marco
884 2223 1072 2307 Benedicto,
1090 2224 1261 2290 Dominico
1277 2222 1469 2306 Vandalin0‚
1486 2223 1583 2288 Petro
1600 2231 1632 2288 et
1648 2221 1817 2304 Oatoldo†

133 2330 302 2411 Paradiso,
326 2331 382 2417 qui
414 2332 492 2394 estis
525 2353 596 2394 cum
626 2340 735 2396 vestra
766 2333 850 2396 naui.
891 2329 1009 2396 Joanni
1033 2333 1055 2412 †
1077 2327 1182 2414 Ghisi,
1218 2329 1390 2413 Pelegrino
1422 2328 1527 2412 Ghisi,
1559 2328 1679 2394 Joanni
1712 2326 1816 2410 Dedo,

11 2439 13 2446 “
132 2436 277 2502 Hernico
302 2435 396 2517 Urso,
421 2438 475 2522 qni
501 2437 578 2501 ostis
611 2459 684 2500 cum
714 2447 825 2500 vestra
854 2438 943 2502 naui.
976 2435 1071 2502 Petro
1103 2435 1206 2517 Bono,
1237 2433 1334 2500 Petro
1360 2435 1383 2520 †
1407 2435 1578 2515 Grimami,
1616 2433 1740 2499 Jacobo
1776 2433 1817 2498 dc

133 2542 264 2616 Mabon,
287 2541 406 2607 Joanni
436 2541 577 2622 Caucho,
603 2544 657 2628 qui
683 2544 760 2608 estis
784 2566 857 2609 cum
881 2552 990 2608 vestra
1013 2539 1296 2632 naui.‘Paucratio
1319 2540 1483 2630 Aycardo,
1507 2539 1668 2606 Homolec
1683 2538 1815 2623 Albino,

134 2646 276 2712 Viuiano
299 2653 320 2730 †
343 2657 375 2712 et
397 2645 523 2712 Jacobo
548 2645 675 2732 Longo,
698 2651 752 2734 qui
776 2651 853 2712 estis
878 2670 951 2712 cum
975 2657 1084 2713 vestra
1107 2648 1193 2713 naui.
1222 2646 1344 2712 Basilio
1376 2647 1575 2727 Simitcculo,
1598 2645 1812 2728 Leonardo†

133 2753 239 2831 Dodo,
264 2752 394 2817 Matheo
419 2750 617 2834 (lauallerio,
642 2755 697 2838 qui
721 2756 798 2818 estis
822 2777 895 2818 cum
921 2765 1030 2818 vestra
1053 2755 1140 2818 naui.
1162 2753 1339 2819 Dominico
1359 2752 1454 2834 Griti,
1477 2753 1653 2820 Dominico
1674 2751 1816 2835 Juliano,

133 2857 363 2924 Bartholomeo
381 2863 402 2940 †
423 2857 593 2940 Rainaldo,
618 2861 674 2944 qui
699 2862 776 2924 estis
799 2883 871 2924 cum
906 2867 1015 2924 vestra
1046 2861 1130 2925 naui.
1165 2858 1377 2924 Constantino
1413 2857 1649 2938 MalianaochO,
1687 2857 1816 2944 Angclo

133 2963 241 3045 Tinto,
267 2963 436 3048 Dominico
459 2966 481 3045 †
504 2963 610 3044 Natal,
634 2963 737 3029 Aurio
761 2965 995 3046 Malianzocho,
1020 2967 1076 3052 qui
1100 2967 1178 3030 estis
1209 2987 1285 3030 cum
1306 2974 1417 3030 vestra
1447 2965 1534 3030 naui.
1571 2963 1693 3030 Panaio
1722 2964 1814 3046 Pino,

135 3069 309 3133 Dominico
331 3067 436 3152 Natal,
460 3067 626 3154 Stephano
647 3069 821 3152 Badoario,
845 3071 988 3137 Henricc
1011 3069 1117 3152 Natal,
1139 3071 1199 3157 quit
1222 3071 1298 3139 satis
1323 3091 1397 3140 cum
1419 3078 1528 3136 restra
1542 3071 1628 3150 naui,
1643 3069 1816 3136 Dominico

139 3175 283 3256 Secreto,
305 3175 476 3242 Leonardo
501 3174 626 3258 Nanno,
650 3174 770 3241 Joanni
793 3174 952 3258 Staniero,
976 3174 1108 3242 Andree
1129 3179 1151 3257 †
1174 3173 1339 3254 Marcello,
1372 3174 1492 3240 Joanni
1521 3174 1562 3239 de
1593 3173 1724 3257 Molino,
1760 3174 1816 3240 Ja-

134 3279 216 3346 coho
242 3279 283 3346 de
305 3281 437 3362 Melino,
462 3283 518 3368 qui
541 3283 619 3346 estis
638 3304 710 3346 curn
736 3293 845 3346 vestra
867 3283 952 3346 naui.
968 3281 1118 3346 Filocaro
1135 3279 1297 3366 Mangolo,
1314 3279 1458 3366 Spinello
1475 3279 1638 3368 Mangolo,
1654 3279 1816 3362 Jacobo†

135 3385 265 3467 Vitturi,
289 3386 409 3451 Joaoni
433 3387 474 3452 de
500 3385 632 3469 Canale,
654 3387 779 3452 Jacobo
802 3387 943 3470 Juliano,
968 3391 1024 3474 qui
1055 3390 1131 3453 estis
1163 3411 1236 3454 cum
1273 3396 1381 3452 vestra
1416 3389 1503 3452 naui.
1537 3387 1676 3453 Bonfilio
1709 3386 1814 3470 Ziani,
1844 3441 1846 3446 .

134 3491 256 3556 Joanni
279 3495 300 3574 †
323 3491 427 3574 Ziani,
451 3491 548 3557 Petro
573 3491 720 3575 Pantulo,
743 3494 798 3579 qui
822 3495 900 3563 estis
924 3515 996 3558 cum
1020 3503 1130 3560 vestra
1153 3495 1239 3577 naui,
1264 3501 1296 3560 ct
1316 3495 1433 3558 vestris
1466 3492 1650 3578 heredibus,
1685 3503 1717 3558 et
1744 3517 1815 3559 auc·

136 3597 329 3678 censoribus,
354 3600 409 3684 qui
434 3587 507 3662 dum
532 3600 761 3684 suprascriptis
786 3601 904 3662 reatris
928 3597 1066 3664 nauibus
1088 3600 1121 3664 in
1145 3600 1340 3686 presentiam
1363 3621 1437 3664 cum
1472 3599 1555 3671 stolo
1590 3598 1733 3676 Veneois
1768 3599 1809 3664 ad

134 3704 296 3770 obsidium
326 3703 428 3772 ladre
451 3707 509 3785 ire,
534 3704 585 3768 val
610 3709 736 3771 mittere
760 3703 896 3784 debetis,
922 3706 1006 3770 siin
1029 3707 1083 3773 via
1106 3704 1212 3798 cundo
1235 3707 1268 3770 in
1292 3708 1354 3770 isto
1371 3706 1486 3770 itinere
1500 3704 1617 3770 dehinc
1633 3707 1666 3770 in
1681 3704 1815 3776 Jadram

134 3808 186 3873 rel
210 3809 287 3874 inda
312 3809 374 3875 hun
398 3809 563 3874 redeundo
588 3809 720 3896 aliquod
742 3809 894 3876 damnum
919 3809 1013 3875 vobis
1035 3810 1214 3892 aduenerit,
1246 3809 1287 3875 de
1320 3809 1428 3898 aliquo
1463 3810 1598 3876 corrado
1634 3819 1816 3876 vestrarum

133 3916 426 4001 suprascriptarum
452 3909 657 3996 nauium,'de
680 3938 744 4003 quo
768 3938 868 4002 supra
892 3914 1044 3985 salientes
1069 3918 1175 3980 nanim
1200 3915 1287 3982 soliti
1310 3927 1385 3982 sunt
1406 3917 1586 3998 restituere,
1618 3925 1651 3981 et
1679 3914 1817 3982 reddere

132 4044 192 4108 pro
216 4019 336 4086 hahere
359 4020 498 4086 illorum.
522 4021 590 4086 Noa
615 4021 655 4086 de
678 4031 746 4088 toto
769 4021 825 4086 illo
849 4022 968 4088 damno
992 4021 1086 4088 vobis
1106 4023 1276 4089 restituere
1300 4032 1332 4088 et
1355 4023 1433 4089 dare
1457 4023 1614 4088 dehemus
1636 4045 1731 4090 veras
1750 4031 1816 4090 tres

137 4135 326 4213 partespro
351 4129 512 4192 communi
536 4125 680 4192 Venecie
704 4127 862 4196 debonis
886 4127 1062 4193 ethauere
1093 4131 1197 4194 sancti
1229 4129 1341 4196 Marci.
1374 4129 1527 4196 Preterea
1560 4139 1730 4216 postquam
1757 4150 1816 4194 vos

134 4255 208 4298 cnm
234 4235 462 4319 suprascriptis
487 4231 625 4299 nauibus
649 4234 767 4300 vestris
791 4236 963 4298 iunxeritis
986 4233 1027 4298 ad
1051 4236 1306 4320 suprascriptum
1330 4235 1447 4302 stolum
1471 4236 1512 4300 ad
1536 4235 1681 4317 Jadram,
1704 4233 1757 4298 vel
1774 4234 1815 4299 ad

134 4341 222 4425 ipsas
247 4349 353 4424 partes
376 4338 489 4418 Jadra,
511 4349 544 4402 at
568 4339 830 4424 presentauarilis
853 4361 912 4404 vos
936 4339 992 4422 ihi,
1017 4342 1072 4426 qui
1095 4341 1183 4432 ibjtis
1207 4361 1279 4406 cum
1298 4342 1526 4428 suprascriptis
1544 4341 1682 4408 nauibus
1699 4343 1816 4406 vestris

134 4445 176 4510 ad
201 4447 403 4529 capitaneum
430 4447 530 4510 nostri
554 4444 637 4526 stoli,
664 4467 706 4513 cx
729 4445 804 4512 iude
831 4449 864 4515 in
886 4456 982 4518 antea
1005 4469 1108 4533 usque
1136 4445 1212 4514 dum
1244 4446 1407 4513 licentiam
1438 4445 1599 4513 habebitis
1632 4469 1704 4512 cum
1736 4448 1816 4532 ipsis

134 4551 272 4616 na'uihus
298 4551 424 4631 vestris,
449 4549 491 4614 ab
516 4553 594 4636 ipsis
620 4553 738 4615 nostris
762 4553 938 4636 capitaneis
970 4554 1071 4638 ipsius
1095 4551 1178 4635 stoli,
1214 4554 1242 4620 si
1277 4553 1361 4628 infra
1392 4556 1498 4640 ipsum
1533 4553 1627 4620 vobis
1663 4552 1815 4620 damnum

135 4657 306 4720 aduanerit
328 4655 370 4720 de
393 4658 619 4742 suprascriptis
643 4657 781 4726 nauibus
807 4659 932 4740 vostris,
958 4657 1010 4723 vel
1036 4659 1075 4723 ds
1100 4659 1242 4727 corredia
1268 4659 1406 4740 illarum,
1432 4668 1532 4724 totum
1558 4659 1637 4724 illud
1659 4659 1813 4724 damnum

134 4761 230 4826 vobis
254 4763 424 4824 restituere
449 4771 480 4825 ct
504 4761 638 4826 reddare
662 4761 819 4829 debemus
843 4764 913 4828 sine
938 4764 1025 4828 omni
1049 4773 1169 4847 tenore,
1194 4773 1227 4828 et
1250 4765 1319 4830 sine
1343 4767 1430 4838 omni
1452 4767 1631 4847 occasione,
1662 4765 1815 4832 videlicet

138 4867 178 4931 ad
198 4865 415 4932 laudationem
440 4865 528 4930 Petri
552 4865 717 4950 Marcello,
742 4877 774 4932 et
796 4868 835 4932 de
860 4892 911 4934 me
935 4868 1030 4932 Petro
1053 4869 1248 4952 Justiniano,
1274 4869 1326 4935 vel
1355 4871 1397 4936 ad
1429 4869 1646 4937 laudationem
1679 4871 1815 4938 aliorum

135 4965 310 5057 proborum
335 4973 472 5036 duorum
497 4974 756 5054 marinariorum,
779 4973 903 5040 scilicet
927 4974 1011 5048 infra
1031 4974 1100 5042 dies
1123 4975 1166 5043 30
1187 4986 1358 5064 postquam
1381 4977 1422 5044 dc
1452 4979 1672 5068 suprascripto
1696 4977 1814 5044 damno

135 5115 400 5130 m

290 5170 300 5208 ¹
325 5172 388 5242 Oai,
411 5173 500 5245 lrojim
522 5177 552 5245 Je
574 5171 669 5230 dedan
692 5171 761 5246 krst,
784 5171 883 5246 bijahu
906 5173 1102 5249 superjednici
1126 5173 1281 5238 brodouah.
