4350 5932
1857 415 1896 483 21

213 621 427 704 seruabimus,
446 629 542 708 atquc
561 643 697 688 caussae
718 629 791 687 tuae
815 623 978 689 reuelante
998 623 1128 689 domino
1141 623 1288 688 veritatis
1311 633 1451 707 auctore,
1475 625 1613 689 amicum
1637 625 1777 690 iustitiae
1800 626 1898 690 finem

214 729 430 812 imponemus.
455 713 537 792 Naui
562 726 649 814 quod
674 726 816 814 postulas
841 739 877 796 ut
906 728 983 794 illuc
1016 751 1186 815 personam
1210 728 1349 813 dirigere
1368 729 1551 812 debeamus,
1576 753 1641 816 qua
1664 741 1833 816 praesente
1858 731 1899 795 ds

213 831 265 895 his
292 854 376 917 quas
400 832 551 898 dicuntur
574 835 676 918 possit
699 856 770 898 esse
795 833 958 920 probati03
983 843 1070 900 esset
1105 844 1276 920 utrumque
1311 835 1510 909 excusabile,
1535 839 1562 900 si
1586 858 1726 921 unquam
1761 837 1842 901 ratio
1866 838 1896 901 ei
1967 857 1971 860 ·

215 939 272 1023 qui
296 947 467 1002 accusatur
491 939 713 1002 necessitatem
739 939 936 1026 probationis
960 942 1147 1026 imponeret,
1165 949 1197 1002 at
1215 948 1383 1025 postquam
1401 962 1463 1004 non
1487 940 1554 1022 tibi,
1588 941 1644 1006 sed
1669 940 1897 1006 accusantibus

212 1043 274 1108 hoc
299 1067 380 1108 onus
405 1043 569 1126 incumbit,
593 1043 635 1109 ad
665 1067 733 1127 nos,
759 1047 841 1110 sicut
865 1045 999 1130 praefati
1024 1069 1143 1128 sumus,
1162 1043 1314 1108 dilatione
1333 1055 1490 1127 cessante,
1527 1047 1638 1110 venire
1662 1069 1726 1110 uon
1750 1045 1897 1125 desinas;

213 1157 247 1213 et
270 1157 326 1214 ant
349 1150 418 1214 sine
443 1171 531 1213 mora
547 1149 672 1214 adderit
689 1159 865 1232 accusator,
883 1153 938 1236 qui
961 1173 999 1214 ea
1024 1173 1106 1236 quae
1124 1151 1163 1214 dc
1179 1151 1356 1214 simoniaca
1383 1151 1510 1215 haeresi
1534 1151 1585 1214 uel
1609 1151 1680 1217 aliis
1705 1152 1791 1216 dicta
1815 1162 1897 1232 sunt,
1926 1213 1930 1218 .

213 1256 404 1340 congruenti
428 1255 617 1342 probatione
638 1253 808 1338 suffulciat,
833 1267 888 1320 aut
906 1264 991 1320 certe
1015 1257 1048 1319 in
1072 1255 1227 1341 hisquae
1251 1254 1290 1318 ad
1316 1251 1537 1320 salubritatem
1564 1258 1684 1340 nogotii
1701 1259 1805 1343 ipsius
1829 1279 1911 1346 per·¹

212 1363 327 1444 tinent,
356 1363 589 1426 interueniente
620 1361 713 1428 beato
738 1361 834 1426 Petro
860 1360 1078 1446 apostolorum
1104 1363 1250 1447 principe
1287 1360 1484 1446 dispensatio
1511 1363 1596 1426 iusta
1620 1365 1797 1448 proueniat,
1822 1384 1898 1448 qua·

215 1476 311 1532 tenus
336 1466 423 1530 nulla
447 1490 505 1531 nos
539 1477 613 1532 ante
649 1467 743 1532 deum
776 1465 1054 1548 dissimulatione,
1077 1485 1134 1552 pro
1158 1489 1195 1530 eo
1220 1465 1306 1551 quod
1330 1465 1410 1530 baec
1432 1467 1473 1530 ad
1507 1477 1647 1532 nostram
1669 1467 1898 1532 conscientiam

215 1595 403 1659 peruenere,
428 1581 535 1638 reatos
560 1573 653 1660 culpa
676 1575 779 1660 possit
803 1573 1009 1638 confundere.
1047 1571 1142 1652 Quod
1166 1595 1244 1636 vero
1269 1571 1391 1636 indicas
1425 1575 1649 1637 serenissimos
1681 1573 1839 1653 dominos,
1864 1580 1899 1638 ut

213 1679 284 1744 illic
308 1679 426 1744 debeat
447 1703 519 1745 esse
544 1682 694 1765 cognitio,
720 1681 932 1766 praecepisse,
958 1701 1015 1744 nos
1040 1677 1170 1764 quidem
1196 1675 1301 1742 nullas
1325 1700 1435 1742 eorum
1459 1677 1539 1742 alias
1565 1677 1684 1742 dehac
1708 1702 1752 1758 re,
1780 1680 1840 1742 nisi
1865 1687 1899 1754 ut

211 1785 255 1849 ad
279 1806 338 1848 nos
362 1787 472 1849 venire
497 1785 626 1868 debeas,
651 1787 809 1849 iussiones
825 1786 1019 1871 accepimus.
1045 1783 1108 1849 Sed
1133 1785 1192 1848 etsi
1212 1783 1346 1846 forsitan
1363 1807 1420 1869 pro
1438 1783 1633 1869 reipublicae
1657 1807 1733 1848 suae
1753 1783 1898 1866 utilitate,

217 1909 302 1975 quac
326 1889 436 1954 diuina
459 1891 521 1954 sibi
544 1889 693 1974 largitate
715 1911 871 1955 concessa
894 1899 951 1972 est,
978 1889 1077 1954 multa
1109 1887 1335 1973 cogitantibus,
1363 1899 1394 1953 et
1419 1892 1450 1952 in
1475 1889 1612 1953 diuersis
1638 1888 1900 1954 solicitudinibus

214 1997 382 2080 occupatis
409 2005 597 2080 suggestum
623 2005 680 2078 est,
705 2005 869 2060 eteorum
906 1998 1005 2060 iussio
1030 2019 1086 2082 per
1110 1995 1330 2081 obreptionem
1364 1993 1478 2075 elicita,
1500 2005 1669 2080 postquam
1695 2005 1727 2058 et
1751 1994 1843 2058 nobis
1868 2003 1900 2058 et

212 2101 363 2164 omnibus
385 2111 494 2166 notum
519 2111 569 2166 est
592 2103 753 2188 piissimos
777 2099 924 2166 dominos
949 2101 1152 2187 disciplinam
1176 2098 1320 2184 diligere,
1338 2099 1466 2164 ordines
1484 2121 1623 2181 seruare,
1642 2121 1781 2163 canones
1803 2123 1898 2164 vene-

216 2207 294 2287 rari,
319 2215 350 2270 et
373 2229 408 2271 ss
431 2208 463 2271 in
489 2209 612 2271 caussis
637 2205 890 2271 sacerdotalibus
914 2229 977 2271 non
1001 2209 1145 2286 miscere,
1177 2199 1334 2269 instanter
1366 2207 1565 2290 exequimur,
1591 2203 1677 2290 quod
1709 2216 1740 2268 et
1771 2204 1897 2268 illorum

212 2310 305 2376 iuuat
328 2314 467 2381 animam
492 2323 587 2399 atque
611 2311 853 2399 rempublicam,
878 2322 910 2376 et
933 2313 974 2376 ad
1001 2313 1086 2398 quod
1105 2335 1163 2378 nos
1179 2309 1335 2377 terribilis
1354 2311 1577 2396 tremendique
1598 2309 1714 2375 iudicis
1732 2321 1898 2396 respectus

212 2417 358 2502 impellit.
383 2417 523 2498 Quiesce
547 2441 624 2504 ergo
654 2421 820 2482 acunctis
847 2416 1119 2497 excusationibus,
1146 2426 1178 2481 et
1200 2416 1264 2480 buc
1297 2416 1410 2481 adesse
1436 2439 1500 2480 non
1532 2415 1672 2497 differas,
1697 2426 1732 2480 ut
1754 2418 1898 2480 veritatis

211 2523 420 2607 indagatione
436 2523 586 2607 roborati,
603 2546 735 2588 caussae
749 2533 822 2588 tuae
839 2523 967 2588 tandem
985 2525 1155 2586 terminum
1174 2523 1387 2606 imponamus.
1409 2521 1505 2601 Quod
1520 2533 1626 2585 autern
1643 2520 1738 2585 valde
1755 2533 1785 2585 te
1804 2523 1899 2606 perti·

213 2649 357 2694 messere
381 2653 419 2694 ac
451 2631 579 2696 omnino
611 2629 772 2715 trepidare
804 2630 1024 2712 cognocimus,
1058 2651 1098 2692 ne
1122 2627 1182 2691 hoc
1216 2627 1352 2692 fortasse
1377 2629 1409 2691 in
1435 2637 1465 2691 te
1490 2627 1693 2701 ulciscamur,
1720 2627 1805 2712 quod
1831 2629 1901 2692 sine

125 2763 131 2770 ·
213 2743 324 2799 nostro
348 2757 507 2800 consensu
530 2735 572 2799 ad
596 2733 828 2800 sacerdotalem
853 2735 998 2798 ordinem
1027 2734 1232 2819 cognosceris
1257 2733 1437 2797 inordinate
1463 2733 1657 2818 prorupisse,
1681 2731 1894 2796 intolerabilis

214 2840 346 2925 quidem
372 2839 466 2925 culpa
489 2849 547 2923 est,
575 2840 632 2905 sed
661 2839 745 2903 hanc
768 2837 944 2904 secundum
976 2839 1135 2902 iussiones
1169 2840 1366 2902 serenissimi
1397 2837 1518 2902 domini
1550 2839 1764 2924 imperatoris,
1789 2839 1815 2900 si
1839 2859 1893 2900 ne·

213 2967 375 3031 quaquam
400 2943 539 3030 amplius
555 2947 586 3008 in
611 2947 832 3010 contumaciae
849 2955 922 3010 tuae
938 2967 1047 3008 errore
1063 2945 1250 3029 perstiteris,
1269 2943 1434 3023 laxamus3
1459 2953 1556 3029 atque
1580 2943 1619 3008 de
1641 2942 1702 3008 bac
1725 2966 1759 3007 re
1783 2952 1896 3007 contra

214 3061 246 3116 te
271 3053 390 3115 minine
416 3073 591 3116 monemur.
617 3051 681 3116 Sed
705 3061 737 3116 et
759 3050 823 3115 alia
840 3073 923 3136 quae
940 3049 1032 3114 nobis
1060 3049 1237 3113 dictasunt
1260 3051 1443 3135 irrequisita
1462 3051 1636 3134 praeterire
1662 3071 1724 3114 non
1760 3050 1901 3134 patimur

215 3156 302 3236 Quia
323 3177 400 3220 vero
423 3156 543 3220 dudum
576 3157 696 3242 scripta
726 3157 784 3221 tibi
817 3157 1062 3234 transmisimus,
1095 3165 1130 3218 ut
1160 3155 1372 3241 quoadusque
1408 3154 1602 3218 voluntatem
1640 3154 1784 3217 eiusdem
1809 3175 1892 3218 sere·

216 3266 340 3329 nissimi
365 3263 487 3329 domini
511 3285 789 3349 cognosceremus,
827 3264 997 3326 missarum
1022 3260 1167 3326 solennia
1191 3259 1278 3324 nullo
1302 3259 1396 3324 modo
1418 3259 1582 3324 celebrare
1606 3259 1758 3341 auderes3
1784 3259 1840 3322 sed
1864 3267 1898 3322 tu

215 3370 300 3436 elata
316 3378 422 3435 mente
452 3371 547 3454 egisti
578 3367 694 3433 callide
719 3391 758 3431 ne
779 3367 891 3432 eadem
914 3367 1033 3452 scripta
1050 3367 1239 3451 susciperes,
1257 3387 1340 3451 quae
1363 3375 1470 3430 tamen
1488 3389 1597 3429 eorum
1618 3375 1703 3429 esset
1727 3366 1893 3444 sententia,

216 3497 345 3563 quoquo
377 3475 473 3540 modo
505 3475 694 3558 cognouisti,
728 3471 784 3536 sed
817 3494 948 3536 seruare
972 3471 1118 3554 noluisti3
1142 3471 1278 3556 ideoque
1295 3493 1333 3536 ca
1349 3493 1431 3556 quae
1454 3471 1513 3535 tibi
1538 3473 1626 3556 prius
1651 3473 1769 3556 scripta
1794 3479 1896 3533 trans·

216 3583 361 3647 misimus
396 3581 633 3662 confirmamus,
667 3587 701 3643 ut
734 3581 903 3643 missarum
937 3577 1082 3642 solennia
1112 3575 1276 3641 celebrare
1308 3599 1370 3640 non
1389 3577 1519 3655 audeas,
1552 3575 1654 3639 donec
1678 3577 1785 3639 omnia
1808 3597 1892 3660 quae

215 3698 383 3755 contrata
408 3687 601 3766 dictasunt,
626 3684 787 3750 subtiliter
822 3685 975 3770 inquisita
998 3682 1116 3746 fuerint
1138 3704 1177 3746 ac
1200 3681 1354 3746 discussa.
1387 3680 1481 3760 Quod
1515 3683 1540 3745 si
1573 3704 1724 3766 peruerso
1761 3679 1895 3744 forsitan

216 3819 296 3860 ausu
321 3793 485 3858 celebrare
510 3794 773 3878 praesumpseris,
798 3789 839 3854 ab
864 3789 1051 3853 interdictae
1069 3787 1192 3875 pridem
1213 3789 1446 3852 communionis
1471 3787 1729 3851 interminatione
1760 3785 1897 3850 liberum

215 3911 248 3965 te
273 3921 336 3964 non
360 3921 432 3963 esse
459 3919 645 3981 cognoscas.
669 3895 752 3960 Nam
777 3896 912 3978 etiamsi,
936 3893 991 3958 alii
1011 3917 1165 3959 excessus
1189 3893 1302 3974 desint,
1328 3916 1384 3979 pro
1409 3893 1470 3957 huc
1492 3891 1695 3957 solummodo
1727 3891 1822 3978 culpa
1846 3915 1896 3961 au-

216 4005 351 4093 perbiae
375 4003 526 4068 dominici
551 4011 581 4068 te
606 4003 749 4088 corporis
774 4023 812 4065 ac
834 4001 999 4085 sanguinis
1015 4000 1239 4064 communione
1258 4000 1432 4084 priuamus.
1454 3997 1516 4062 Pro
1534 4021 1598 4085 qua
1622 4022 1655 4062 re
1680 3997 1898 4062 obedientiam
1917 4039 1920 4045 -

213 4133 314 4198 quam
340 4110 433 4174 decet
458 4107 625 4190 exbibens,
649 4107 690 4171 ad
715 4129 773 4170 nos
805 4129 1017 4190 summopere,
1051 4107 1133 4169 sicut
1164 4105 1315 4187 diximus,
1347 4106 1456 4168 venire
1492 4103 1617 4184 festina,
1644 4105 1687 4168 ita
1710 4115 1745 4167 ut
1768 4105 1899 4186 triginta

213 4217 341 4282 dierum
366 4217 505 4302 spatium
525 4213 655 4294 babeas,
680 4221 837 4299 quatenus
855 4213 915 4282 iter
937 4220 1025 4286 tuum
1044 4233 1225 4296 praepares,
1241 4213 1274 4276 et
1290 4211 1376 4274 omni
1399 4211 1607 4275 excusatione
1631 4209 1808 4294 postposita
1832 4208 1894 4271 huc

213 4322 332 4388 adesse
356 4343 418 4384 non
444 4319 585 4384 differas.
610 4319 643 4384 Si
668 4341 731 4404 qua
755 4327 861 4382 autem
882 4295 1086 4397 aiudicibus,
1110 4315 1162 4380 vel
1181 4339 1277 4380 manu
1293 4315 1431 4397 militari,
1449 4315 1501 4380 vel
1524 4339 1544 4379 a
1567 4315 1685 4401 populo
1710 4314 1750 4378 ad
1774 4323 1916 4378 contra.

217 4429 392 4494 dicendum
416 4427 521 4489 itineri
546 4436 600 4490 tuo
629 4426 756 4488 occasio
784 4423 881 4488 fuerit
910 4431 1030 4500 exorta,
1071 4445 1135 4508 qua
1161 4421 1335 4486 calliditate
1351 4431 1475 4506 agatur,
1490 4423 1705 4504 agnoscimus.
1723 4419 1797 4506 Ipse
1821 4443 1899 4506 ergo

214 4537 281 4600 iam
305 4533 428 4614 videas,
455 4553 551 4617 quam
577 4530 628 4595 vel
651 4529 704 4594 bic
727 4529 920 4610 hominibus,
938 4527 991 4594 vel
1008 4531 1039 4592 in
1063 4528 1170 4594 futuro
1187 4528 1304 4592 iudicio
1322 4529 1529 4613 omnipotenti
1553 4525 1613 4590 deo
1637 4525 1677 4590 de
1698 4535 1752 4590 tua
1782 4525 1899 4590 reddas

214 4639 413 4723 obligatione
437 4640 604 4718 rationem,
628 4637 683 4722 qui
710 4635 888 4700 districtam
911 4637 945 4700 in
968 4644 1000 4698 te
1023 4656 1065 4698 ex
1086 4645 1140 4698 tuo
1169 4643 1349 4718 contempto
1373 4635 1555 4719 prouocasti
1575 4634 1779 4697 sententiam.
1803 4633 1898 4698 Prae·

112 4799 118 4816 .
214 4757 307 4811 tersa
330 4743 476 4830 peruenit
506 4741 630 4824 adme,
662 4743 738 4828 quia
760 4740 915 4806 Paulinus
936 4739 1034 4804 frater
1070 4749 1101 4804 et
1131 4741 1340 4825 coepiscopus
1367 4761 1468 4822 meus,
1485 4749 1517 4818 et
1532 4739 1716 4804 Honoratus
1744 4737 1900 4804 ecclesias

214 4852 416 4918 salonitanae
432 4847 686 4929 archidiaconus,
704 4871 760 4932 pro
777 4869 814 4912 eo
827 4845 912 4932 quod
939 4847 1192 4932 praesumptioni
1209 4855 1282 4910 tuae
1307 4845 1478 4910 noluerunt
1509 4845 1665 4930 praebere
1696 4867 1897 4926 consensum,

213 4979 334 5046 graues
357 4981 376 5020 a
400 4965 431 5020 te
464 4955 626 5019 molestias
651 4955 821 5040 patiantur,
845 4956 890 5016 ita
913 4964 948 5017 ut
970 4953 1054 5018 datis
1078 4951 1322 5016 fideiussoribus
1359 4953 1423 5015 sint
1452 4953 1625 5031 constricti,
1659 4958 1816 5036 quatenus
1852 4951 1899 5013 eis

213 5065 381 5129 ciuitatem
405 5059 456 5125 vel
481 5059 593 5124 domos
618 5082 692 5124 suas
717 5057 828 5144 egredi
853 5060 982 5123 omnino
1018 5081 1080 5122 non
1112 5057 1217 5123 liceat.
1250 5056 1346 5137 Quod
1375 5059 1402 5132 si
1434 5046 1477 5120 ita
1509 5065 1566 5136 est,
1591 5054 1643 5120 vel
1675 5057 1832 5119 sarciam
1857 5054 1896 5119 ad

216 5191 333 5234 sensus
357 5167 471 5232 salutis
489 5165 626 5247 rediens,
647 5167 773 5252 scriptis
797 5165 1018 5252 praesentibus
1037 5165 1187 5250 acceptis,
1212 5163 1254 5228 ab
1271 5173 1478 5249 utrorumque
1502 5171 1533 5226 te
1557 5160 1717 5247 suspende
1745 5159 1900 5240 molestia,

215 5275 318 5341 ateis
342 5270 443 5338 libera
460 5273 502 5336 sit
517 5270 647 5336 licentia
663 5271 714 5337 vel
739 5271 781 5336 ad
798 5295 848 5336 me
877 5270 1036 5352 veniendi,
1065 5272 1092 5334 si
1120 5270 1289 5348 voluerint,
1314 5268 1365 5335 vel
1389 5267 1629 5354 quomodolibet
1651 5265 1728 5331 alibi
1752 5267 1898 5352 proauis

215 5378 410 5447 utilitatibus
438 5378 610 5464 proticisci.
1429 5379 1430 5383 ’

378 5490 471 5548 Mansi
494 5489 568 5547 0011.
591 5489 679 5546 Cone.
702 5491 737 5546 T.
760 5490 798 5549 X.
822 5495 871 5545 atr.
898 5489 947 5543 17.
