4276 5934
1773 449 1838 517 209

161 641 289 707 vinculo
306 643 488 706 innodatus.
504 642 588 722 Quia
603 666 674 706 tero
689 645 756 706 siue
772 651 964 706 memoratus
978 644 1149 728 episcopus
1166 651 1286 709 temere
1300 645 1490 708 transiuerit
1502 643 1543 708 ad
1557 643 1726 708 ecclesiam
1739 643 1842 708 iader·

158 749 269 829 tinam,
295 751 363 812 siue
389 750 493 836 ipsam
520 761 683 834 tamquam
716 750 818 833 ipsias
854 747 1100 812 archidiaconus
1134 751 1281 828 visitarit,
1317 760 1495 835 antequam
1529 750 1669 815 farensis
1707 748 1845 813 ecclesia

158 853 272 918 fnisset
295 853 337 918 ab
362 877 399 918 co
425 856 616 918 auctoritate
639 853 725 916 sedis
751 853 926 938 apostolice
950 854 1107 934 absoluta,
1134 859 1190 940 per
1214 856 1402 922 electionem
1425 858 1617 920 canonicam
1653 854 1751 920 alium
1780 854 1842 920 sibi

161 961 346 1044 episcopum
372 983 433 1024 non
466 971 590 1045 peterat
626 959 785 1045 copulare,
822 959 924 1023 eidem
957 963 1108 1046 episcopo
1144 961 1291 1025 dedimus
1324 963 1357 1024 in
1394 961 1563 1043 mandatis,
1601 972 1636 1024 ut
1670 983 1690 1026 a
1721 960 1842 1025 farensi

158 1065 295 1129 ecclesia
320 1067 448 1128 omnine
471 1065 609 1147 recedat,
630 1089 694 1130 nec
718 1088 752 1129 se
777 1068 918 1128 nominet
941 1065 1100 1130 farensem
1129 1091 1244 1152 epum,
1263 1067 1319 1131 sed
1337 1067 1378 1131 ad
1395 1067 1610 1153 spalatensem
1640 1069 1839 1149 canonicam,

159 1171 244 1234 unde
267 1181 451 1258 assumptus
477 1169 587 1252 fuerat,
612 1173 638 1234 si
663 1171 818 1252 voluerat,
843 1182 1030 1237 reuertatur.
1047 1209 1054 1220 ‹
1073 1159 1157 1252 Quia
1181 1195 1258 1237 vcro
1283 1173 1420 1238 farensis
1447 1173 1597 1256 ecclesia,
1617 1175 1700 1238 iusto
1730 1173 1839 1237 forsan

157 1298 266 1339 errore
290 1276 434 1358 decepta,
459 1276 595 1340 credeirs
620 1275 772 1340 videlicet
795 1279 900 1363 ipsum
926 1279 1112 1364 episcopum
1138 1280 1177 1342 ad
1203 1279 1392 1344 iadertinam
1415 1280 1589 1344 ecclesiam
1618 1280 1658 1344 de
1689 1279 1840 1344 mandato

158 1381 297 1444 ecclesie
319 1405 450 1445 romane
475 1383 640 1462 transisse,
664 1383 695 1444 in
719 1381 803 1446 bunc
826 1381 962 1447 contulit
985 1393 1141 1464 suavota,
1160 1388 1276 1470 etipse
1295 1387 1463 1449 occasione
1486 1385 1582 1449 simili
1600 1385 1839 1451 circumuentus

158 1492 324 1550 consensit
347 1490 378 1551 in
407 1511 495 1552 eam:
520 1487 705 1552 discretioni
731 1498 838 1552 vestre
863 1512 920 1575 per
943 1489 1121 1575 apostolica
1143 1493 1262 1576 scripta
1287 1491 1490 1572 mandamus,
1515 1501 1683 1576 quatenus,
1713 1491 1839 1556 sublato

163 1592 388 1678 appellationis
413 1593 589 1676 obstaculo,
614 1596 783 1680 inquiratis
808 1595 995 1680 diligentius
1018 1597 1197 1670 veritatem,
1222 1599 1248 1659 si
1274 1596 1417 1682 prefatus
1441 1595 1481 1660 N.
1509 1597 1649 1660 farensis
1668 1599 1839 1683 episcopus

161 1698 409 1785 postulationem
451 1723 541 1764 snam
578 1703 716 1765 asseruit
750 1723 806 1786 per
848 1701 956 1766 sedem
988 1701 1195 1786 apostolicam
1231 1702 1462 1789 approbatam,
1498 1704 1525 1766 si
1559 1703 1597 1766 ad
1648 1702 1838 1768 iadertinam

158 1803 329 1868 ecclesiam
355 1808 484 1870 omnino
512 1808 670 1888 transmit,
696 1807 770 1870 siin
795 1829 833 1870 ea
856 1829 890 1870 se
915 1805 1064 1872 babuerit
1087 1818 1121 1872 ut
1145 1808 1275 1888 electus,
1300 1811 1326 1872 si
1364 1808 1404 1872 de
1433 1807 1658 1872 substituendo
1692 1809 1753 1872 sibi
1785 1830 1838 1892 pa·

158 1921 244 1973 11111
269 1911 300 1973 in
327 1911 465 1974 eeclesia
492 1910 610 1974 farensi
635 1911 794 1983 tractauit.
815 1921 849 1975 ut
873 1911 912 1974 de
937 1913 998 1975 hiis
1023 1923 1054 1976 et
1077 1913 1149 1976 aliis
1174 1937 1230 2000 per
1254 1914 1377 1978 litteras
1402 1923 1527 1978 vestras
1558 1915 1714 1978 certiores
1732 1915 1838 1980 effecti

159 2015 272 2081 melius
297 2019 329 2080 in
354 2019 422 2102 ipso
448 2018 576 2099 negotio
601 2016 825 2102 procedamus.
850 2017 945 2096 Quod
970 2019 997 2081 si
1019 2040 1130 2082 omnes
1148 2019 1210 2082 hiis
1228 2018 1428 2106 exequendis
1441 2021 1653 2104 nequiueritis
1670 2020 1838 2102 interesse,
1900 2011 1906 2030 ⁸

158 2122 703 2202 (11111111111111111111111111
729 2133 938 2208 exequantur.
973 2123 1094 2186 Datum
1124 2123 1276 2188 Laterani
1310 2123 1383 2189 llll.
1410 2124 1487 2190 Idus
1518 2123 1601 2206 Iulii,
1634 2126 1837 2210 pontificatus

159 2230 260 2292 nostri
285 2251 369 2292 anno
393 2228 543 2293 secundo.

317 2394 450 2451 Theiner.
476 2396 553 2453 Mon.
578 2395 642 2453 Vct.
668 2395 745 2452 Slav.
772 2393 870 2450 Mcrid.
894 2393 930 2452 T.
956 2395 979 2451 Ι.
1004 2399 1052 2450 str.
1079 2394 1107 2449 8.
1130 2395 1238 2450 Farlati
1263 2395 1297 2450 V.
1323 2395 1372 2452 67.

468 2687 776 2772 CCLXXVIII.
804 2687 915 2770 1119.
945 2689 1005 2768 14.
1032 2689 1195 2789 srpnja.
1225 2687 1258 2768 U
1298 2687 1529 2768 11111111.

224 2853 379 2912 11111111
401 2851 472 2911 III.
486 2869 585 2925 1111,
609 2851 715 2910 aelate
740 2851 863 2924 kaptota
886 2851 1086 2924 aptjetatomu,
1109 2832 1184 2907 11111
1207 2866 1237 2908 sc
1255 2849 1611 2922 1111111111111111111
1634 2849 1777 2911 haerete.

307 2989 514 3054 Innocentius
539 2991 787 3074 episeopusetc.
815 2971 951 3052 Dilectis
983 2986 1066 3058 liliis¹
1089 2984 1229 3070 capitulo
1264 2985 1447 3076 spalatensi,
1483 2984 1618 3049 salutem
1655 2994 1715 3050 cte.
1752 2983 1836 3050 (lum

166 3095 361 3158 venerabilis
385 3095 484 3158 frater
507 3105 617 3157 noster
641 3094 683 3156 lll.
709 3094 812 3157 (lictus
835 3093 973 3158 farensis
999 3095 1170 3177 episcopus
1207 3091 1424 3156 venerabilem
1456 3091 1587 3156 fratrem
1621 3101 1768 3155 nostrum
1798 3091 1837 3155 N.

101 3215 106 3224 '
158 3197 323 3264 larensem
342 3202 527 3285 episcopum
553 3209 771 3264 asserentem:
797 3199 1042 3284 postulationem
1068 3221 1157 3261 stram
1183 3221 1254 3262 esse
1278 3221 1334 3284 pcr
1358 3197 1467 3262 sedem
1492 3197 1701 3284 apostolicam
1724 3206 1838 3286 appro-

163 3307 268 3370 batam
294 3307 448 3369 transisse
471 3315 628 3390 proponat
652 3305 692 3368 ad
716 3304 885 3368 ecclesiam
909 3305 1109 3384 iadertinam,
1128 3307 1207 3366 etin
1227 3326 1263 3366 ea
1280 3312 1314 3366 ut
1333 3303 1610 3389 archiepiscopum
1631 3306 1838 3398 ministrasse,

160 3423 190 3476 et
214 3414 246 3474 in
270 3411 390 3474 farensi
416 3409 553 3474 ecclesia
576 3409 674 3472 alium
700 3410 760 3473 sibi
786 3410 980 3474 substituere
1004 3408 1157 3488 voluisse,
1194 3431 1228 3473 sc
1265 3432 1340 3473 vero
1375 3411 1416 3474 ad
1447 3410 1584 3473 farensis
1616 3410 1753 3474 ecclesie
1789 3433 1835 3474 re·

159 3521 267 3604 gimen
292 3517 401 3597 fuisse,
427 3516 480 3579 illo
505 3525 700 3593 transeunte,
726 3527 896 3593 vocatum3
922 3516 1065 3604 prefatus
1087 3537 1163 3578 vero
1199 3515 1238 3576 N.
1263 3517 1434 3600 episcopus
1464 3517 1503 3580 ad
1535 3517 1697 3580 ciuitatem
1734 3515 1836 3580 iader-

159 3605 1050 3704 11111111111111111111111111,111111111111,1111
1083 3623 1260 3684 accessisse
1294 3631 1461 3706 proponat,
1499 3632 1531 3684 et
1566 3624 1596 3685 in
1631 3645 1669 3686 ea
1704 3645 1738 3686 se
1774 3645 1836 3685 non

159 3729 446 3815 archiepiscopum,
471 3729 526 3792 sed
552 3728 813 3792 archidiaconum
840 3729 1047 3802 ministrasse,
1073 3726 1255 3789 aedictum
1295 3727 1338 3789 M.
1362 3727 1522 3790 farensem
1558 3750 1593 3790 se
1631 3729 1661 3790 in
1696 3726 1838 3792 ecclesia

159 3835 276 3899 farensi
297 3834 412 3898 fecisse
437 3835 567 3911 intrudi,
593 3844 625 3896 et
648 3857 706 3897 nos
731 3836 970 3919 inquisitionem
1011 3832 1125 3896 horum
1160 3833 1348 3896 duxerimus
1382 3833 1666 3896 committendam:
1700 3832 1837 3899 sollicite

160 3941 727 4026 11111111111111111,1111111111
765 3942 796 4002 in
827 3939 938 4002 eadem
975 3938 1093 4002 farensi
1126 3937 1264 4002 ecclesia
1295 3937 1418 4023 aliquid
1454 3941 1485 4000 in
1522 3937 1749 4022 spiritualibus
1786 3938 1837 4002 vel

159 4047 391 4132 temporalibus
415 4047 642 4110 detrimentum
669 4048 811 4109 incurrat
845 4045 950 4130 Ipsam
977 4067 1055 4128 ergo
1079 4055 1189 4108 vestre
1213 4043 1424 4108 sollicitudini
1449 4047 1701 4126 committentes,
1736 4045 1837 4108 donec

159 4153 243 4216 aliud
271 4155 450 4233 statuimus,
476 4151 662 4214 discretioni
688 4161 793 4214 vestre
819 4173 876 4235 per
897 4149 1075 4235 apostoliea
1096 4151 1215 4236 scripta
1239 4149 1440 4229 mandamus,
1466 4159 1624 4236 qnatenus
1646 4149 1752 4212 taliter
1777 4151 1837 4234 ipsi

162 4259 331 4345 prouidere
355 4259 483 4338 curetis,
506 4257 592 4342 quod
618 4258 786 4320 occasione
810 4257 1028 4319 controuersia
1061 4255 1155 4320 huius
1187 4254 1318 4342 aliquod
1359 4255 1563 4342 dispendium
1595 4279 1657 4348 non
1683 4257 1837 4320 incurrat.

161 4365 281 4428 Datum
308 4364 459 4428 Laterani
485 4363 526 4428 ΙΙ.
551 4363 623 4426 idus
648 4361 725 4444 iulii,
750 4363 953 4448 pontificatus
978 4363 1077 4424 nostri
1102 4383 1185 4424 anno
1211 4361 1362 4425 seeundo

316 4563 451 4620 Theiner.
477 4563 553 4618 Mon.
578 4563 643 4620 Vct.
669 4563 737 4615 slav.
762 4561 860 4618 merid.
884 4561 919 4614 T.
944 4561 964 4618 1.
991 4579 1018 4630 p.
1040 4562 1067 4616 9.

486 4855 757 4943 CCLXXIX.
787 4853 985 4940 111111.
1013 4850 1237 4939 11111111.
1266 4853 1302 4938 U
1330 4855 1509 4938 Jakinu.

644 5035 842 5101 [1111111111
864 5039 1031 5111 occaecata
1054 5039 1112 5097 mir
1134 5054 1149 5096 s
1172 5037 1347 5110 Jat-tajeai.

304 5191 341 5264 ln
366 5196 495 5262 nomine
519 5197 618 5282 patris
644 5206 675 5260 et
698 5195 755 5259 lilii
777 5205 808 5259 et
828 5195 960 5280 spiritus
984 5195 1096 5274 sancti,
1122 5215 1226 5258 amen.
1252 5191 1324 5254 Hoc
1348 5199 1422 5255 sunt
1457 5189 1598 5276 capitula
1632 5192 1719 5276 pacis
1750 5214 1835 5255 com·

154 5308 268 5394 posite,
294 5314 326 5369 et
349 5303 579 5390 componenda,
604 5311 636 5366 et
659 5301 816 5365 firmando
841 5303 924 5365 inter
948 5299 1072 5364 Bonum
1111 5298 1262 5362 baronem
1298 5305 1488 5382 potestatem
1526 5297 1661 5360 Ancona
1695 5320 1737 5361 ex
1772 5321 1838 5362 una

1669 5405 1686 5446 1
