4310 5918
327 361 392 426 142

325 552 400 618 hinc
423 561 456 617 et
479 553 555 619 inde
579 555 692 618 iterum
717 576 818 641 usque
842 555 882 620 ad
907 557 1041 637 mare,m
1064 564 1128 619 tarn
1154 557 1185 619 in
1209 555 1346 620 collibus
1371 577 1466 642 quum
1491 557 1524 620 in
1556 555 1649 621 vallis
1673 557 1881 646 et'quicquid
1907 565 2008 626 nostri

327 660 405 724 iuris
430 661 562 746 reperiri
587 668 692 746 potest
716 661 746 722 iu
764 663 790 698 ¹³
813 660 962 742 Branizo,
987 662 1018 725 io
1043 661 1171 726 abbatis
1195 661 1280 726 Petri
1313 663 1479 747 presencia
1498 663 1697 749 fratrumque
1713 666 1782 729 eius
1797 666 1823 703 ¹⁴
1847 669 1916 730 iure
1940 689 2010 752 per-

326 775 421 850 petuo
454 765 616 829 tradimus
653 765 892 850 possidendum.
925 767 958 830 Si
992 769 1064 852 quis
1098 777 1204 830 autem
1230 776 1373 830 nostrum
1407 778 1477 854 post
1501 768 1623 831 obitum
1649 768 1709 832 hoo
1732 769 1851 834 donum
1879 773 2009 856 pietatis

324 869 451 934 auferre
474 893 494 934 a
517 869 602 934 dicto
619 870 753 934 cenobio
773 872 800 910 ¹⁶
832 873 1046 956 temptauerit,
1068 873 1159 957 parui
1185 873 1328 958 pendens
1351 883 1461 934 nostro
1487 882 1571 951 voto,
1597 875 1676 937 iram
1702 877 1931 960 omnipotentis
1954 877 2008 942 dei

325 977 467 1040 incurrat
483 977 509 1014 '⁶
528 986 560 1040 et
582 998 656 1040 eum
676 997 843 1061 supremus
861 975 943 1040 idem
963 977 1060 1044 iudex
1085 976 1238 1042 mundum
1276 975 1472 1040 iudicaturus
1497 975 1674 1060 aduenerit,
1708 1001 1771 1043 uon
1796 999 1867 1044 eum
1893 981 2009 1044 electis
2123 1029 2132 1055 ,

323 1081 363 1145 ad
388 1080 555 1146 dexteram
592 1085 714 1168 positus
748 1100 864 1147 vocem
887 1082 1138 1163 beatitudinis'⁷,
1176 1083 1232 1147 sed
1260 1105 1334 1146 euru
1371 1083 1517 1170 reprobis
1551 1083 1855 1170 condempnaeiouis
1893 1085 2009 1149 audire

265 1217 290 1286 ἵ*
324 1198 498 1252 mereatur.

481 1299 599 1366 Actum
624 1303 654 1364 in
680 1302 810 1366 ciuitate
829 1300 930 1379 Nona,
956 1304 987 1366 iu
1006 1303 1173 1388 presencia
1189 1301 1304 1388 prefati
1323 1304 1418 1386 regis.
1443 1301 1590 1366 Druznik
1607 1305 1634 1342 ¹⁸
1657 1301 1729 1384 ded,
1755 1301 1928 1390 Pribidrug
1953 1329 2009 1390 po·

324 1405 452 1489 atelnik,
479 1405 636 1490 Drugaua
660 1406 833 1471 scitinik¹⁹
858 1409 952 1490 regis,
978 1407 1138 1471 Addomia
1172 1408 1339 1493 iuppanus,
1373 1407 1517 1472 Desiuua
1548 1410 1719 1494 iuppanus,
1745 1409 1911 1476 Prodanus
1936 1412 2006 1498 iup-

324 1512 580 1600 pauusstlltem
620 1522 717 1576 testes
748 1513 877 1576 ΙοῑίῐιίἨ
911 1514 1022 1599 Drago
1058 1517 1163 1601 prior,
1203 1514 1352 1577 Andreas
1388 1515 1491 1600 prior,
1516 1513 1621 1578 Maius
1653 1513 1751 1578 iudex
1764 1516 1794 1553 ῃ
1828 1514 2008 1597 Candidus,

323 1617 512 1706 Nikyforus,
529 1617 643 1682 Petrus
661 1621 886 1701 contenarius,
904 1628 936 1683 rt
961 1619 1166 1684 Prestauoius
1190 1619 1290 1684 frater
1312 1620 1394 1684 eius.
1419 1618 1490 1704 Ego
1516 1617 1620 1684 Adam
1644 1629 1784 1706 rogatus,
1807 1644 1827 1686 a
1850 1621 2008 1708 predictis

322 1723 532 1789 donatoribus
557 1726 717 1810 scripsi.⁹³

482 1861 525 1916 Od
549 1880 601 1918 ove
623 1863 716 1920 listine
740 1856 795 1918 im'a
818 1881 835 1918 u
859 1864 958 1920 arluvu
982 1864 1134 1934 gubernija
1150 1859 1361 1935 darmatfnskog
1385 1881 1402 1918 u
1427 1863 1528 1932 Zadru,
1553 1863 1647 1935 rnedju
1671 1864 1753 1934 pismi
1777 1871 1940 1920 ramestana
1964 1884 2007 1922 ιν.

321 1969 469 2025 Krtevana
499 1987 539 2024 εν.
570 1969 677 2028 XVIII.
711 1969 750 2024 br.
783 1969 845 2023 455
870 1969 878 2022 i
904 1969 965 2023 445
989 1969 1044 2024 dva
1071 1969 1197 2040 jedualio
1221 1975 1297 2047 stara
1328 1969 1440 2040 prepisa
1463 1987 1499 2023 na
1522 1970 1694 2041 pergameni,
1719 1989 1755 2041 po
1778 1973 1837 2042 svoj
1862 1971 1955 2042 priliei
1981 1973 2007 2027 is

290 2051 293 2056 Ι
321 2075 386 2130 XII.
410 2073 508 2146 rieka3
532 2074 677 2160 issernika
700 2075 800 2130 neimo.
821 2075 846 2128 Ia
865 2081 932 2145 toga
963 2072 1161 2146 saluatum,
1184 2075 1222 2130 da
1238 2077 1270 2146 je
1285 2092 1338 2130 ova
1357 2075 1453 2130 listina
1475 2075 1624 2145 prrobitno
1649 2077 1749 2146 pisana
1771 2077 1830 2132 bila
1852 2095 1889 2132 na
1911 2077 2007 2133 bruat-

321 2181 401 2235 skom
420 2180 526 2252 jeailsu,
560 2198 577 2234 a
607 2180 690 2234 zatirn
722 2180 842 2234 drakrat
874 2180 1032 2251 prevedeua
1063 2199 1102 2235 ua
1134 2180 1257 2256 Iatinski,
1277 2182 1324 2251 jer
1354 2197 1430 2234 samo
1464 2180 1531 2234 tabu
1556 2183 1635 2236 ruote
1658 2199 1688 2236 se
1712 2181 1892 2252 protumoditi
1906 2183 2008 2240 ¹relika

322 2287 459 2344 raziiltost
481 2287 583 2356 tetsta,
607 2303 685 2356 prem
701 2285 738 2340 da
757 2287 789 2356 je
811 2285 921 2356 sadrtaj
954 2286 1041 2357 jedan
1066 2295 1093 2340 te
1117 2285 1172 2340 isti.
1194 2285 1284 2340 Lucio
1307 2283 1415 2357 priobdi
1439 2285 1502 2340 Lib.
1534 2285 1570 2340 11.
1585 2284 1672 2370 ⁸Cap.
1696 2286 1760 2343 XV.
1784 2306 1861 2341 sarno
1882 2287 2007 2358 poietak

323 2391 330 2444 i
355 2391 446 2444 konae
470 2406 522 2446 ore
544 2390 646 2460 listins,
670 2389 799 2460 talsodjer
822 2409 835 2444 s
858 2391 973 2461 njekimi
998 2390 1188 2461 promienami.

479 2495 524 2552 Na
540 2495 656 2566 jednom
680 2495 858 2566 eksernplaru
882 2514 934 2551 ove
958 2496 1050 2551 Iistine
1074 2496 1155 2551 inedi
1171 2495 1255 2551 zatim
1278 2493 1402 2566 sljededa
1425 2495 1548 2567 hirjatka
1570 2497 1635 2551 XII.
1656 2497 1747 2552 vicia.

482 2620 604 2686 Dehinc
620 2619 820 2686 elabentibus
839 2620 983 2706 pluribus
1000 2623 1101 2702 annis,
1121 2621 1318 2707 temporibus
1336 2620 1491 2686 videlicet
1504 2621 1590 2708 apud
1608 2645 1666 2686 nos
1683 2622 1805 2686 domini
1830 2621 2006 2687 Colmanui

322 2729 418 2812 regis,
439 2725 582 2813 ,quidam
616 2727 759 2812 peruersi
792 2735 923 2812 nepotes
953 2732 1023 2792 vlre
1057 2727 1132 2814 (sie)
1165 2727 1410 2810 substraxerant
1442 2726 1567 2812 aliquos
1598 2726 1754 2812 agellulos
1786 2729 1827 2794 de
1859 2729 2008 2814 predicta

323 2831 767 2920 possessione,falsificantes
783 2843 903 2914 cartam
922 2833 1025 2897 istam.
1043 2830 1136 2912 Quod
1158 2833 1387 2928 perspicieptes
1412 2841 1569 2896 nostrates
1594 2834 1657 2896 iam
1682 2832 1758 2898 dicti
1783 2834 1920 2916 eenobII,
1946 2857 2005 2898 eos

322 2951 407 3004 stare
432 2937 566 3004 fecImus
591 2937 632 3002 ad
657 2936 810 3002 iudicium
836 2937 1027 3024 episcopale,
1052 2948 1085 3002 et
1107 2937 1190 3002 datis
1207 2936 1377 3018 iudicibus,
1391 2936 1616 3002 iudicauerunt
1635 2937 1739 3020 nobis,
1764 2961 1784 3002 a
1807 2938 1909 3003 tribus
1934 2962 2005 3002 mo-

321 3045 433 3112 nacbis
455 3042 590 3110 iurando
613 3043 742 3124 firmare
781 3053 903 3108 cartam
928 3046 1021 3108 istam
1045 3054 1077 3109 et
1101 3043 1156 3108 alii
1180 3055 1245 3108 tres
1277 3042 1425 3107 similiter
1447 3045 1590 3108 iurarent
1609 3043 1647 3106 dc
1672 3042 1844 3130 nepotibus
1874 3042 2005 3108 illorum

321 3152 376 3237 qui
401 3148 489 3216 illam
513 3148 713 3214 donauerant
736 3147 828 3214 nobis
852 3151 1098 3235 possessionem,
1130 3148 1217 3236 quud
1241 3159 1272 3214 et
1306 3148 1426 3213 factum
1461 3159 1520 3213 est.
1553 3149 1707 3234 InprImis
1738 3149 1822 3214 iurat
1851 3147 2004 3214 dominus
2070 3196 2078 3208 .

321 3255 453 3322 Dabrus
477 3277 579 3343 nuper
601 3254 715 3338 abbas,
733 3253 850 3320 deinde
866 3253 1028 3340 Georgius
1045 3255 1224 3341 presbyter,
1243 3264 1274 3320 st
1289 3253 1460 3319 Gaueulus
1477 3253 1655 3340 presbyter.
1671 3253 1753 3318 Item
1765 3253 1811 3318 'do
1828 3253 2006 3320 heredibus

321 3361 448 3430 illorum
473 3364 527 3450 qui
551 3360 644 3426 nobis
665 3359 726 3424 hoc
742 3360 882 3446 benigne
906 3372 1048 3446 egerant,
1072 3362 1156 3425 iurat
1184 3360 1356 3442 Radoslau,
1375 3361 1461 3426 filius
1485 3361 1572 3425 Petri
1590 3362 1740 3447 iuppaui.
1764 3360 1891 3426 Straoin
1915 3361 2005 3428 filius

322 3457 443 3537 Slauioi
468 3467 609 3554 iuppani,
642 3464 789 3530 similiter
813 3476 844 3530 et
868 3464 997 3548 Olimin,
1029 3465 1115 3531 filius
1140 3465 1286 3531 Desinne
1310 3468 1465 3552 iuppani,
1486 3465 1642 3531 similiter.
1675 3466 1804 3532 Iudices
1838 3479 1944 3531 autem
1973 3467 2006 3531 bi

321 3585 387 3642 tres
410 3575 540 3639 fuerunt
563 3609 606 3620 -
632 3609 669 3620 -·
695 3609 738 3618 -
755 3573 840 3656 regis
858 3569 965 3636 iudex.
991 3571 1145 3636 Misoslau
1163 3571 1333 3636 Psarensis
1359 3594 1510 3654 commea,
1533 3582 1565 3636 et
1588 3572 1735 3638 Desinna
1759 3583 1868 3638 noster
1891 3573 2002 3652 iudex.

321 3681 394 3746 Hoc
417 3681 525 3765 itaque
549 3677 702 3744 iudicium
727 3675 845 3740 factum
877 3689 926 3740 est
949 3679 981 3741 in
1005 3675 1186 3762 quadruuio
1210 3681 1341 3758 maiore,
1367 3687 1602 3742 sacramentum
1639 3680 1677 3741 in
1709 3687 1818 3743 nostro
1851 3679 2006 3764 capitulo,

321 3785 426 3874 pelam
452 3783 502 3848 his
525 3783 672 3848 testibus.
697 3782 801 3848 Maius
824 3782 1080 3864 archidiaconus,
1105 3781 1219 3846 Vitaaa
1244 3780 1320 3845 olim
1344 3783 1441 3867 prior,
1466 3781 1618 3846 'Prunaan
1642 3781 1752 3862 iudex,
1780 3781 1932 3847 Vilcinna
1958 3786 2005 3848 iu·

321 3895 395 3974 dex,
419 3890 525 3954 Maius
549 3889 688 3971 Puaana,
722 3888 826 3953 Maius
857 3889 1014 3952 tribunus.
1047 3888 1196 3970 Zanizus,
1231 3887 1391 3951 tribunus.
1424 3885 1602 3971 Gregorius
1635 3887 1793 3952 tribunus.
1829 3887 2007 3952 Forminus

321 4000 479 4065 tribunus.
505 3993 657 4060 Vilaiuna
679 3997 895 4060 comeraarius
919 4029 1213 4042 ------
1228 4015 1270 4057 ex
1293 3991 1400 4057 Slauis
1423 4001 1531 4057 testes.
1555 3995 1576 4072 †
1599 3993 1757 4063 Slauiaus.
1781 3996 1802 4074 †
1827 3991 2002 4058 Radoslau.

320 4109 341 4187 †
364 4104 507 4170 Saracin.
530 4105 551 4182 †
574 4100 703 4166 Jacous.
727 4102 748 4181 †
770 4099 951 4164 Geronnus.
976 4100 997 4180 †
1019 4096 1058 4160 A.
1081 4101 1102 4179 †
1125 4097 1165 4162 A.
1186 4099 1208 4177 †
1231 4094 1267 4160 Ο.
1292 4099 1317 4178 †,
1337 4093 1377 4160 G.
1400 4099 1422 4176 †
1447 4095 1610 4161 Pribinna.

479 4207 595 4272 Postea
611 4205 841 4292 perlustrantes
866 4205 975 4268 omnia
1001 4201 1071 4268 loca
1096 4201 1160 4284 illa,
1183 4205 1227 4266 ita
1242 4201 1424 4266 inueuimus
1447 4210 1481 4266 ut
1498 4203 1650 4286 scriptum
1675 4209 1752 4282 erat,
1778 4190 2005 4287 erigentesque

321 4313 465 4402 lapideos
488 4333 624 4379 acerum
647 4309 860 4398 possedimus.

456 4643 458 4648 ,
484 4593 510 4632 ¹¹
528 4595 572 4652 Od
603 4594 670 4652 riebi
693 4595 806 4652 ducitur
828 4592 961 4652 terminus
993 4594 1048 4649 ima
1071 4589 1153 4664 drugi
1184 4588 1279 4664 prepis
1302 4593 1411 4648 oratio:
1446 4583 1559 4650 ducitur
1591 4587 1734 4648 funiculus
1772 4611 1827 4648 non
1862 4592 1946 4664 louge
1981 4612 1999 4650 a

321 4685 466 4758 sepulcris,
487 4685 604 4756 ipsaque
626 4684 756 4756 sepulcra
779 4684 807 4737 iu
830 4683 928 4738 eodem
950 4689 1045 4737 nostro
1077 4681 1217 4736 habentur
1246 4681 1397 4739 territorio.
1423 4681 1459 4734 Et
1489 4681 1554 4735 inde
1585 4681 1740 4751 porrigitur
1768 4699 1857 4752 usque
1892 4681 1928 4735 ad
1953 4699 1997 4736 ee-

320 4775 433 4834 clesiam
456 4793 479 4830 s.
494 4772 644 4844 Grisogoni
662 4789 717 4844 que
733 4771 849 4847 adheret
865 4811 871 4824 .
890 4810 896 4823 .
914 4769 1009 4826 .kalro
1027 4786 1103 4840 gore.
1128 4764 1347 4837 19Ρετοιιπεοε,
1363 4768 1637 4844 datjeizosavljeno
1653 4769 1689 4822 do
1713 4767 1781 4823 riedi
1805 4775 1833 4824 et
1857 4767 2002 4839 quiequid.

327 4857 354 4896 ¹³
370 4863 432 4918 loeo
451 4862 500 4934 qui
523 4867 647 4915 vocatur.
678 4853 905 4929 ¹⁴Fratrumque
921 4858 980 4913 eius
997 4857 1182 4927 iaostarljcno
1201 4856 1255 4912 tao
1279 4857 1288 4910 i
1311 4856 1393 4910 satim
1417 4853 1485 4910 rieti
1506 4855 1649 4910 tradimus.
1677 4851 1745 4910 ¹⁵A
1776 4857 1851 4911 dieto
1884 4857 2003 4922 cenobio

321 4949 514 5021 izostavljeuo.
551 4941 579 4980 ¹⁵
594 4947 638 5001 Od
669 4946 735 5002 riedi
765 4945 973 5018 paruipcndeus
1003 4945 1086 4999 sliedi
1115 4945 1215 5021 summi
1247 4944 1368 4998 numinis
1391 4943 1470 4998 iram.
1499 4938 1527 4976 ¹³
1543 4945 1784 5020 remunerationis.
1812 4939 1836 4974 '⁸
1853 4943 2002 4998 Drusinic.

322 5035 346 5070 '⁹
364 5038 516 5095 Scutarius.
550 5029 582 5067 ⁹⁰
603 5033 643 5090 Za
666 5033 772 5088 sualim
804 5035 924 5089 imenom
952 5031 1033 5086 sliedi
1063 5049 1080 5086 u
1104 5032 1221 5102 drugom
1248 5032 1361 5103 prepisu
1394 5029 1451 5086 ried
1479 5027 1626 5088 ,testis.·⁹¹
1643 5033 1713 5086 Item
1737 5033 1785 5087 alii
1807 5039 1892 5086 testes
1917 5029 2001 5086 latini

320 5143 353 5183 ex
376 5125 491 5182 ciuitate
514 5123 621 5179 «ludera
645 5117 675 5154 Μ
691 5122 732 5176 Za
754 5121 861 5177 svaIrIm
891 5119 1011 5174 lmenom
1035 5119 1116 5174 sliedi
1140 5119 1198 5174 ried
1220 5119 1309 5186 testis,
1340 5119 1422 5174 aatIm
1446 5119 1517 5190 prije
1547 5119 1695 5176 Kandida:
1730 5119 1890 5175 Prostaneio
1914 5119 1999 5174 Doda

320 5215 399 5274 testie
423 5213 532 5288 Petrus,
556 5209 781 5267 commerciarius
804 5209 890 5263 testis.
917 5201 947 5240 ⁹³
962 5207 1088 5280 Rogatus
1118 5225 1203 5263 manu
1225 5223 1286 5263 mea
1308 5207 1416 5278 scrIpsi.
