4310 5918
295 391 360 458 104

292 583 391 648 Boua.
416 587 437 665 †
460 583 594 668 Signum
619 603 731 649 manus
758 580 869 654 Cerosi
895 591 927 646 et
948 583 1075 668 signum
1111 604 1223 646 manus
1248 581 1356 646 domni
1380 580 1544 646 Valentini
1566 581 1607 646 de
1630 580 1770 647 Proculi.
1798 584 1819 664 †
1842 581 1978 667 Signum

292 711 406 753 manus
429 688 525 768 Petri,
552 685 609 750 filii
634 686 742 750 domni
766 677 933 772 Stephani.
956 691 977 766 †
1001 685 1133 771 Signum
1159 709 1272 752 manus
1296 685 1429 770 Belleta,
1452 685 1512 750 filii
1537 686 1632 752 Petri

451 790 598 856 Suana:
631 791 771 855 Donatio
805 790 910 855 insule
943 791 1174 856 lachromensis
1204 791 1286 856 facte
1318 816 1336 856 a
1372 791 1471 856 Vitali
1502 790 1752 877 archiepiscopo,
1788 791 1977 878 Lampridio

274 894 431 982 presule,
457 917 495 962 ac
519 895 668 960 omnibus
705 895 867 960 nobilibus
892 895 1056 978 Rhaousii,
1094 895 1167 960 DD.
1198 897 1309 962 Leone
1340 897 1434 962 Petro
1470 895 1634 962 monachis
1667 919 1693 962 s.
1732 895 1768 960 P.
1790 895 1975 978 BenedIcti,

294 1024 403 1065 mense
427 1004 567 1084 augusti,
592 1001 767 1068 indictione
789 1010 890 1080 sexta,
915 1000 1113 1088 temporibus
1138 1001 1251 1066 Basilii
1284 1011 1315 1066 et
1346 1000 1551 1066 Constantini
1574 1002 1814 1086 imperatorum,
1839 1023 1903 1088 que
1939 1020 1981 1066 ex

294 1107 446 1192 antiquae
471 1105 694 1198 RhascusInae
719 1106 914 1192 reipublicae
940 1128 1000 1171 neo
1021 1129 1082 1170 non
1101 1105 1384 1194 archiepiscopalis
1408 1108 1496 1172 curie
1520 1108 1735 1170 monumentis
1760 1105 1906 1192 diligenti
1931 1107 1977 1170 iu·

295 1209 466 1276 dlotioncm
492 1209 617 1274 calculo
642 1222 756 1274 exacto
780 1213 915 1296 contigit
936 1234 1019 1274 anno
1042 1235 1060 1274 a
1085 1209 1194 1275 christi
1219 1210 1430 1298 redemptoris
1454 1213 1621 1275 natiuitate
1647 1211 1742 1276 1023.

453 1393 479 1452 U
503 1391 621 1450 bedkom
643 1392 794 1450 dvorslrom
817 1391 983 1448 arkirqu.
1007 1392 1040 1447 V.
1064 1393 1118 1447 del.
1152 1392 1242 1464 pacho
1266 1393 1345 1448 XIII.
1368 1394 1406 1466 gl.
1430 1394 1538 1450 Farlati
1560 1393 1610 1451 VI.
1635 1413 1662 1468 p.
1684 1395 1734 1452 44.
1766 1384 1772 1394 ’

757 1717 878 1801 CXV.
902 1717 1017 1800 1023.
1046 1718 1105 1800 27.
1132 1719 1274 1820 rujnn.
1301 1717 1339 1801 U
1367 1719 1511 1800 leu.

386 1911 549 1973 Beneditto
580 1914 651 1973 VII.
670 1911 756 1988 'propa
772 1913 935 1986 podieljuje
957 1915 1147 1988 nodbislrupu
1171 1913 1407 1974 dubroouilromu
1437 1915 1538 1974 Vitolu
1562 1913 1780 1987 nudbislrupslri
1796 1913 1893 1987 plaid.

453 2082 693 2165 †Benediotus
725 2086 895 2169 episcopus
925 2105 1037 2147 seruus
1078 2105 1244 2148 seruorum
1290 2083 1352 2149 del.
1385 2083 1509 2150 Dilecto
1540 2085 1572 2147 in
1609 2082 1737 2149 Christo
1773 2083 1839 2148 filio
1876 2081 1978 2168 Yitali

296 2188 547 2276 archiepiscopo,
572 2198 681 2257 sancte
706 2189 903 2253 Pitauritane
920 2188 1016 2270 sedrs,
1034 2211 1050 2252 o
1067 2189 1197 2252 ciuitate
1214 2188 1376 2253 Lahusedi
1401 2189 1433 2252 in
1450 2212 1549 2272 regno
1566 2188 1739 2254 Laohomis
1761 2188 1979 2272 (Zachulmie)

296 2304 328 2358 et
351 2293 501 2359 Sorbulia
524 2303 556 2358 et
585 2293 743 2358 Tribunis
774 2293 825 2358 vel
861 2295 991 2357 ciuitate
1023 2291 1235 2376 Catarinensi,
1269 2305 1324 2357 aut
1355 2293 1573 2377 Antiuarensi,
1598 2317 1655 2360 seu
1679 2294 1797 2376 UlcinI,
1830 2315 1904 2359 eum
1931 2315 1981 2358 ec·

296 2399 403 2464 clesiis
427 2409 458 2464 et
481 2398 642 2485 parochiis
667 2421 789 2463 eorum.
814 2398 847 2462 Si
874 2410 1020 2484 pastores
1038 2401 1145 2463 ouium
1161 2386 1231 2464 sole
1252 2398 1391 2486 geluque
1417 2423 1474 2486 pro
1493 2403 1601 2485 gregis
1627 2402 1675 2464 sui
1699 2401 1844 2464 custodia
1868 2399 1922 2464 die
1945 2421 1983 2464 ac

296 2513 388 2568 nocte
413 2507 554 2569 contenti
589 2514 673 2586 sunt,
699 2514 733 2568 ut
757 2527 795 2568 ne
820 2527 884 2591 qua
908 2527 950 2568 ex
983 2506 1029 2568 eis
1053 2515 1108 2569 aut
1140 2504 1277 2569 errando
1311 2515 1429 2589 pereat,
1461 2515 1516 2570 aut
1539 2505 1653 2570 ferinis
1676 2504 1837 2570 morsibus
1863 2495 1982 2568 laniata

298 2612 452 2695 rapiatur.
478 2605 607 2688 Quanto
644 2609 771 2689 sudore,
797 2619 981 2695 quantaque
1006 2631 1081 2672 cura
1107 2631 1234 2694 semper
1267 2609 1421 2674 debemus
1445 2632 1516 2672 esse
1548 2610 1722 2696 peruigiles
1746 2631 1824 2695 erga
1846 2631 1981 2694 gregem

299 2714 502 2790 dominicam,
526 2736 594 2795 nos,
619 2715 674 2800 qui
699 2723 843 2800 pastores
867 2715 1045 2778 animarum
1071 2714 1218 2794 dicimur,
1241 2737 1283 2778 ,ne
1307 2716 1339 2778 iu
1364 2713 1416 2778 die
1438 2695 1541 2779 diuini
1575 2716 1734 2778 examinis
1765 2737 1821 2800 pro
1855 2714 1981 2779 desidia

296 2830 414 2903 nostra,
442 2828 515 2884 nuto
538 2841 695 2884 summum
729 2829 889 2904 pastorem
916 2817 1112 2903 negligentia
1136 2828 1244 2882 reatus
1274 2821 1447 2900 excruciet,
1480 2820 1565 2884 unde
1598 2819 1694 2884 modo
1726 2820 1856 2883 honoris
1888 2841 1979 2884 reue·

296 2927 399 2994 rentIa
422 2923 627 2990 sublimiores
649 2927 732 2989 inter
757 2933 881 2990 ceteros
910 2923 1100 2988 iudicamur.
1133 2921 1271 2988 Pathum
1301 2933 1408 2988 autem
1433 2924 1627 2988 fraternitati
1651 2934 1704 2988 tue
1728 2946 1816 2988 more
1837 2933 1977 2988 anteces·

296 3038 557 3096 sorumtuorum
590 3029 632 3093 ad
666 3031 836 3094 missarum
868 3027 1046 3114 solempnia
1082 3026 1277 3092 celebranda
1309 3027 1423 3094 diebus
1454 3031 1518 3094 rite
1552 3039 1605 3094 tue
1638 3039 1759 3094 tantum
1795 3028 1888 3092 modo
1922 3027 1978 3092 tibi

297 3135 513 3200 concedimus.
540 3133 824 3200 Consecrationem
861 3157 938 3198 vero
972 3153 1196 3204 successorum
1227 3141 1353 3198 tuorum
1394 3135 1486 3199 nobis
1519 3136 1703 3222 nostrisque
1739 3133 1982 3198 successoribus

295 3242 328 3304 in
355 3247 545 3326 perpetuum
569 3249 783 3304 reseruautcs.
809 3238 903 3318 Quod
929 3236 1061 3324 palliam
1087 3259 1151 3302 non
1175 3236 1268 3302 aliter
1292 3239 1445 3304 utendum
1467 3239 1523 3303 tibi
1542 3240 1758 3320 concedimus,
1777 3240 1838 3302 nisi
1863 3241 1981 3302 solum·

296 3344 392 3410 modo
415 3347 448 3408 in
471 3343 525 3408 die
542 3353 651 3408 sancte
667 3345 907 3423 resurectionis,
925 3354 957 3408 et
973 3343 1182 3426 ascensionis,
1200 3352 1231 3406 et
1250 3353 1461 3428 pentecostes,
1486 3366 1542 3408 seu
1566 3347 1598 3408 in
1616 3344 1775 3410 nataIIoiis
1798 3353 1983 3408 sanctorum

297 3449 516 3535 apostolorum
540 3459 571 3512 et
595 3448 679 3514 beati
705 3448 864 3513 lobannis
900 3450 1047 3533 baptiste,
1072 3471 1131 3512 nec
1155 3471 1218 3512 non
1247 3457 1279 3512 et
1302 3449 1333 3512 in
1359 3450 1577 3534 assumptione
1610 3449 1701 3513 beate
1732 3447 1843 3528 Marie,
1871 3470 1981 3514 verum

298 3556 393 3618 etiam
418 3555 450 3618 in
475 3554 678 3620 ordinatione
702 3553 978 3638 suffraganeorum
1010 3563 1147 3618 tuorum.
1173 3551 1307 3616 Pallium
1333 3575 1419 3632 vero,
1442 3555 1534 3618 sicuti
1555 3577 1574 3616 a
1608 3552 1839 3640 predecessore
1872 3564 1982 3618 nostro
2059 3549 2062 3552 ¹

298 3659 416 3723 domno
440 3657 609 3744 Gregorio,
634 3659 729 3722 huius
753 3658 836 3722 alme
861 3658 945 3722 sedis
975 3657 1100 3744 presule
1124 3659 1282 3722 sancitum
1301 3668 1359 3738 est,
1383 3659 1415 3722 in
1443 3660 1615 3723 secretario
1640 3657 1773 3722 induere
1796 3659 1981 3723 fraternitas

298 3774 354 3828 tua
377 3763 487 3840 debet,
511 3775 543 3828 et
567 3767 610 3828 its
635 3765 676 3829 ad
702 3766 870 3828 missarum
893 3763 1070 3850 solempnia
1097 3764 1268 3849 proficisci
1295 3763 1337 3826 Et
1362 3762 1440 3827 nihil
1464 3761 1521 3827 tibi
1546 3764 1683 3850 amplius
1715 3763 1810 3830 liceat
1833 3787 1913 3838 ausu
1937 3775 1981 3828 te·

300 3869 437 3934 merario
462 3871 711 3953 presumptionis
736 3891 897 3953 arrogare,
915 3891 1013 3956 quum
1029 3868 1217 3934 decessores
1234 3868 1548 3955 predecessoresque
1566 3879 1638 3934 tuos
1658 3893 1731 3934 usos
1748 3893 1819 3934 esse
1837 3871 1979 3953 incogni·
2059 3937 2063 3943 „

299 3984 365 4039 tum
390 3996 452 4038 non
477 3972 586 4038 habes.
611 3973 660 4037 Ne
685 3973 760 4038 dum
793 3977 824 4038 in
849 3975 1000 4038 exteriori
1024 3972 1135 4038 habitu
1158 3973 1340 4038 inordinate
1363 3972 1486 4060 aliquid
1511 3975 1671 4060 arripitur,
1704 3975 1849 4040 ordinate
1875 3977 1980 4056 ctiam,
2007 4015 2014 4032 .

299 4102 362 4167 que
398 4079 495 4144 lloere
532 4088 687 4166 poterant,
712 4085 941 4144 ammittuntur.
977 4079 1152 4144 Hortamur
1186 4082 1295 4166 itaque
1328 4089 1363 4143 ut
1385 4101 1506 4143 morum
1532 4090 1659 4144 tuorum
1693 4094 1883 4144 ornamenta
1905 4080 1980 4145 huic

277 4187 503 4266 conueniant,
521 4187 670 4272 quoniam
696 4184 790 4250 huius
808 4185 984 4250 Indumenti
1002 4183 1103 4249 honor
1127 4185 1269 4249 modeste
1287 4195 1394 4250 actum
1418 4185 1589 4249 uiuacitate
1610 4183 1789 4250 seruandus
1821 4195 1879 4266 est,
1904 4208 1980 4272 qua·

297 4293 384 4355 tinus
403 4299 540 4356 'auctore
565 4290 635 4372 deo,
660 4299 746 4354 recte
771 4290 942 4377 utrobique
965 4291 1070 4375 possis
1095 4312 1165 4354 esse
1190 4291 1391 4375 conspicuus.
1418 4288 1493 4352 Vita
1516 4299 1570 4354 tua
1594 4289 1670 4354 liliis
1704 4293 1767 4354 tuis
1792 4291 1834 4354 sit
1856 4289 1979 4375 regula,

297 4397 330 4461 iu
355 4398 425 4482 ipsa
447 4397 472 4460 si
497 4419 562 4482 qua
584 4394 737 4459 fortitudo
761 4394 824 4458 illis
843 4398 959 4458 iniecta
976 4403 1032 4474 est,
1058 4394 1209 4478 dirigant
1234 4396 1264 4458 in
1290 4417 1328 4458 ea
1352 4393 1438 4482 quod
1464 4395 1646 4474 imitentur,
1668 4395 1835 4480 aspiciant,
1854 4397 1886 4458 in
1912 4397 1982 4478 ipsa
2014 4381 2021 4392 ⁸

298 4523 426 4587 semper
447 4501 682 4566 considerando
715 4500 893 4585 proficiant,
919 4512 953 4564 ut
976 4509 1064 4565 tuum
1090 4501 1238 4564 videatur
1262 4521 1332 4563 esse
1364 4509 1436 4585 post
1468 4499 1574 4581 deum,
1599 4498 1680 4562 bene
1712 4499 1797 4586 quod
1830 4501 1981 4564 vixerint.

298 4605 364 4670 Gor
387 4627 463 4689 ergo
480 4629 584 4692 neque
600 4628 765 4692 prospera,
783 4627 845 4692 que
866 4606 1084 4692 temporaliter
1100 4605 1319 4686 blandiuntur,
1346 4604 1510 4685 extollant,
1535 4627 1639 4691 neque
1663 4604 1800 4669 aduersa
1833 4605 1981 4682 deiciant,

298 4709 420 4775 nullum
445 4711 530 4796 apud
555 4721 585 4776 te
610 4711 683 4775 odia
709 4710 823 4792 locum,
859 4711 979 4776 nullum
1006 4711 1097 4775 fauor
1121 4711 1314 4774 indiscretus
1338 4712 1512 4776 inueniant.
1539 4708 1782 4775 Miseric·=rdem
1813 4721 1854 4788 te,
1888 4721 1981 4796 prout

299 4817 402 4880 vlrtus
434 4817 553 4901 patitur
589 4815 737 4880 omnibus
771 4815 898 4896 exhibe,
929 4817 1091 4903 oppressis
1124 4813 1267 4879 defensio
1303 4825 1357 4878 tua
1393 4815 1474 4878 iuste
1506 4815 1685 4896 subueniat,
1717 4815 1836 4880 nullius
1865 4815 1980 4880 faciem

297 4929 413 4989 contra,
434 4921 589 4985 iustitiam
613 4922 761 5007 aspicias,
786 4931 821 4984 ut
844 4920 916 4985 talis
950 4923 1052 5006 possis
1078 4943 1158 5000 esse,
1183 4918 1310 5006 qualem
1334 4921 1492 5004 scriptura
1514 4919 1608 4984 dicit:
1637 4927 1763 5006 oportet
1794 4922 1979 5006 episcopum

297 5022 621 5111 inreprehensibilem
646 5047 727 5090 esse.
752 5025 837 5090 Ecce
860 5026 959 5090 frater
995 5027 1168 5091 karissime
1194 5027 1275 5088 inter
1300 5025 1399 5088 multe
1423 5024 1487 5089 alia
1516 5027 1578 5089 ista
1609 5037 1684 5090 sunt
1714 5025 1896 5108 sacerdotii,
1923 5029 1982 5090 ista

298 5140 372 5195 sunt
395 5129 493 5216 pallii.
529 5125 601 5210 Qus
634 5133 660 5194 si
690 5131 832 5196 studiose
864 5135 1056 5210 seruaueris,
1089 5129 1176 5217 quod
1211 5131 1288 5194 foris
1313 5131 1477 5212 accepisse
1502 5130 1691 5213 ostenderis,
1715 5133 1801 5196 intus
1834 5129 1980 5196 habebis.

299 5233 417 5300 Sancta
441 5237 568 5301 trinitas
591 5235 824 5302 fraternitatem
849 5247 936 5301 tuam
969 5238 1073 5322 gratia
1108 5259 1164 5300 sue
1201 5235 1408 5322 protectionis
1432 5235 1619 5316 clrcumdet,
1642 5246 1676 5302 ut
1699 5246 1771 5322 post
1794 5238 1861 5300 vite
1887 5235 1980 5300 huius

298 5339 556 5423 amaritudinem,
580 5341 620 5404 ad
656 5351 798 5406 eternam
823 5340 918 5406 simul
942 5339 1143 5406 dulcedinem
1172 5343 1342 5428 peruenire
1367 5363 1558 5406 mereamur.
1582 5341 1743 5429 Scriptum
1768 5363 1825 5427 per
1849 5363 1979 5406 manum
