4300 5930
287 437 350 504 tta

287 630 452 696 meridiem
476 650 578 716 usque
602 627 643 693 ad
667 626 871 708 Strascizarn,
896 633 928 690 et
956 625 998 691 ab
1033 625 1108 690 inde
1141 634 1227 690 recto
1251 627 1378 690 tramite
1409 647 1513 711 usque
1547 623 1696 690 arborem
1721 646 1890 712 paganam,
1925 624 1960 688 in

194 779 201 795 ·
287 723 396 803 austro
420 735 535 815 eundo,
560 732 735 797 secundum
760 730 847 818 quod
872 732 903 793 in
924 733 1055 817 antiquo
1080 729 1251 816 priuilegio
1285 731 1475 810 continetur,
1511 729 1628 794 habeat
1663 741 1695 794 et
1729 729 1896 816 possideat
1929 730 1962 792 in

286 849 486 929 perpetuum.
512 837 625 902 Cetera
639 847 745 902 autem
768 847 860 918 terre,
878 858 940 922 que
957 859 999 901 ex
1016 835 1136 902 boreali
1155 847 1245 922 parte
1262 835 1351 900 lacus
1367 836 1536 900 Jassenize
1550 845 1633 918 sunt,
1651 837 1695 898 ita
1712 835 1961 920 distinguimus:

285 947 431 1034 inprimis
456 967 603 1030 namque,
628 943 753 1008 afonte
778 945 880 1028 primo
905 964 1018 1007 versus
1035 943 1175 1023 boream,
1197 943 1252 1028 qui
1269 935 1503 1006 'Rasochattiza
1526 941 1652 1024 dicitur,
1677 939 1836 1027 usquead
1854 941 1961 1004 riuum

244 1119 247 1126 ,
287 1052 464 1132 Jassenizs,
489 1060 576 1115 recta
600 1049 685 1114 linea
707 1071 820 1114 versus
853 1047 1062 1112 meridianam
1096 1047 1233 1133 plagam,
1266 1059 1298 1112 et
1329 1072 1347 1112 a
1381 1051 1444 1112 iam
1485 1047 1571 1112 dicta
1601 1045 1814 1112 Rasocbatiaa
1836 1068 1964 1111 sursum

287 1180 416 1223 versum
441 1155 569 1238 Tinum,
594 1154 747 1241 quicquid
772 1156 803 1218 in
827 1153 960 1218 australi
984 1165 1074 1240 parte
1099 1153 1244 1234 habetur,
1270 1163 1302 1217 et
1325 1153 1462 1218 ecclesia
1487 1162 1671 1238 sanctorum
1696 1151 1814 1218 Oosme
1839 1163 1873 1216 et
1897 1149 1963 1214 Da·

289 1263 387 1328 miani
411 1264 514 1328 tenuit
535 1271 568 1327 et
590 1271 685 1340 tenet,
711 1269 817 1324 teneat
837 1269 870 1324 et
892 1259 1007 1340 adhuc,
1030 1271 1065 1325 et
1088 1247 1240 1346 quicquid
1263 1283 1282 1322 a
1306 1261 1367 1324 iam
1394 1259 1479 1324 dicta
1513 1282 1598 1346 aqua
1627 1255 1840 1323 Rasocbatiza
1876 1257 1965 1320 terri·

289 1369 375 1434 toriii
398 1369 430 1431 in
455 1365 620 1431 occidente
645 1377 701 1446 est,
727 1364 862 1430 ecclesie
886 1365 986 1428 sancti
1012 1362 1154 1427 Dimitrii
1179 1375 1347 1428 remaneat
1366 1374 1518 1452 perpetuo
1537 1363 1777 1450 possidendum.
1804 1362 1837 1428 Si
1855 1371 1963 1426 autem

290 1483 322 1539 et
345 1472 480 1541 ecclesia
504 1472 604 1535 sancti
630 1469 772 1534 Dimitrii
797 1469 917 1556 aliquid
943 1471 974 1532 in
997 1479 1104 1533 austro
1129 1469 1291 1555 sepedicte
1318 1470 1529 1543 Rasochatiae
1562 1471 1718 1556 possidet,
1744 1467 1911 1562 possideat
1935 1477 1966 1531 et

293 1579 409 1661 adhuc,
436 1586 468 1642 et
491 1579 538 1642 sic
562 1586 696 1662 utraque
720 1567 794 1663 pars
818 1597 945 1662 semper
967 1575 1000 1638 in
1024 1597 1104 1660 pace
1128 1577 1282 1660 quiescat.
1320 1574 1423 1640 Vinea
1459 1578 1554 1640 etiam
1591 1575 1631 1640 de
1667 1573 1760 1655 Tino,
1796 1577 1828 1637 in
1868 1574 1962 1637 terris

289 1695 473 1749 sanctorum
498 1680 614 1746 Cosme
639 1691 670 1746 et
696 1679 845 1746 Damiani
871 1679 1021 1766 plantata,
1046 1703 1142 1766 quam
1167 1681 1305 1745 ecclesia
1327 1683 1429 1745 sancti
1454 1681 1596 1744 Dimitrii
1619 1703 1680 1744 non
1717 1681 1827 1762 tenuit,
1853 1703 1967 1766 appre-

289 1791 392 1855 ciatur
414 1811 434 1851 a
457 1787 550 1851 bonis
574 1785 758 1850 hominibus
782 1797 814 1850 et
838 1787 979 1872 precium
999 1787 1219 1871 appreciatum
1239 1785 1376 1850 ecclesia
1400 1789 1503 1852 sancti
1525 1785 1840 1877 Damianiecclesie
1865 1787 1967 1849 sancti

291 1891 434 1958 Dimitrii
459 1890 588 1972 tribuat,
610 1901 642 1954 et
667 1900 872 1956 memoratam
898 1893 1025 1955 vineam
1049 1891 1083 1955 in
1108 1913 1142 1954 se
1166 1899 1321 1978 perpetuo
1345 1892 1572 1978 possidendam
1596 1893 1745 1975 recipiat,
1771 1914 1832 1956 nec
1856 1891 1898 1955 sit
1930 1889 1965 1954 li-

290 2005 386 2065 citum
413 1985 564 2085 deinceps
589 1999 648 2063 sub
673 2021 755 2084 pena
777 2007 885 2063 nostre
911 1997 1251 2062 excommunicationis
1277 1999 1403 2083 utrique
1433 1998 1517 2083 parti
1552 1995 1637 2061 hanc
1673 2005 1781 2060 nostre
1812 1996 1963 2060 constitu·

293 2106 389 2171 tionis
422 2105 593 2169 concordie
613 2113 733 2167 cartam
758 2103 942 2189 infringere,
967 2101 1018 2167 vel
1042 2103 1071 2166 ei
1091 2124 1171 2168 ausu
1195 2103 1365 2167 temerario
1389 2105 1421 2166 in
1448 2101 1557 2190 aliquo
1582 2104 1751 2186 contraire,
1776 2101 1833 2166 sed
1866 2101 1967 2185 firma,

282 2209 480 2297 'illibataque
504 2211 666 2297 perpetuis
689 2209 886 2296 temporibus
911 2207 1094 2273 obseruare.
1118 2207 1163 2273 Et
1185 2231 1245 2294 ego
1270 2207 1397 2274 Blasius
1418 2217 1529 2272 sancte
1553 2207 1726 2272 Anastasis
1750 2207 1905 2272 diaconus
1932 2217 1965 2272 et

290 2314 449 2382 iadertine
471 2317 559 2381 curie
581 2320 725 2380 comunis
750 2315 903 2397 noterius,
936 2313 1020 2378 hanc
1051 2314 1288 2378 constitutionis
1320 2323 1352 2378 et
1382 2313 1553 2379 concordie
1584 2322 1704 2379 cartam
1737 2315 1827 2378 iussu
1851 2312 1965 2400 prefati

286 2420 506 2486 archidiaconi
530 2431 562 2486 et
585 2421 725 2507 capituli,
750 2419 811 2485 hac
834 2421 936 2485 eciam
958 2418 1082 2483 domini
1105 2419 1231 2483 comitis
1255 2430 1288 2483 et
1319 2419 1458 2484 iudicum
1494 2420 1745 2506 prescriptorum
1780 2427 1816 2483 ut
1846 2418 1966 2502 audiui,

287 2525 457 2612 compleui,
482 2525 632 2590 roboraui
657 2535 689 2589 et
712 2528 806 2609 algeo
829 2533 984 2590 consueto
1008 2525 1146 2609 signaui.

435 2723 625 2780 Polichorion·
649 2722 800 2781 Uarinius
821 2723 887 2794 gub.
914 2723 976 2782 aad.

652 3013 881 3098 ccxxxl.
909 3016 1023 3098 1194.
1051 3016 1089 3097 9.
1117 3016 1278 3118 srpnla
1310 3015 1406 3098 Korl
1436 3016 1595 3098 Knlns.

493 3193 620 3256 Rusood
641 3195 740 3270 medie
758 3195 898 3270 semtjitti
919 3195 1120 3268 crtoeajetelr
1141 3196 1154 3254 ι’
1175 3199 1348 3256 comestores
1368 3212 1411 3258 ευ.
1434 3197 1544 3258 Kosms
1565 3197 1577 3255 i
1599 3197 1764 3271 Dardano.

437 3383 478 3464 ¹Iu
500 3383 629 3448 nomine
650 3391 759 3448 sancte
790 3392 822 3447 et
852 3380 1019 3449 indiuidue
1053 3385 1213 3449 trinitatis.
1250 3383 1361 3449 Anno'
1381 3384 1422 3450 ab
1452 3385 1674 3450 incarnatione
1706 3383 1830 3450 domini
1864 3386 1967 3450 nostri

290 3487 394 3555 Jhesu
418 3486 539 3553 Christi
564 3485 732 3553 millesimo
757 3489 931 3553 centesimo
954 3490 1162 3575 nonagesimo
1190 3503 1313 3578 quarto,
1346 3513 1455 3555 mense
1491 3490 1568 3571 iulii,
1604 3489 1657 3555 die
1692 3513 1775 3556 nono
1814 3493 1966 3574 intrante,

291 3594 467 3659 indictione
491 3593 691 3676 duodecima,
726 3593 812 3680 apud
846 3593 973 3660 Tinnm.
1005 3593 1172 3680 Regnante
1208 3595 1338 3659 domino
1374 3605 1482 3660 nostro
1517 3595 1607 3678 Bela,
1643 3599 1850 3662 serenissimo
1886 3620 1964 3682 rege

289 3699 466 3785 Hungarie,
500 3698 672 3782 Dalmatis,
704 3697 858 3790 Obroatis
879 3710 976 3786 atque
1000 3698 1110 3782 Rama,
1136 3707 1167 3764 et
1190 3697 1363 3782 Almerico,
1388 3700 1454 3766 lilio
1478 3705 1557 3784 eius,
1582 3725 1680 3788 super
1703 3699 1899 3767 Dalmatiam
1929 3713 1962 3767 et

291 3803 488 3871 chroatiam.
511 3803 593 3870 Cum
619 3827 686 3883 nos,
712 3829 826 3892 nempe
849 3805 974 3886 Petrus,
998 3805 1156 3891 spalatina
1180 3803 1266 3870 sedis
1301 3805 1573 3894 archiepiscopus,
1609 3830 1670 3872 una
1706 3831 1779 3872 cum
1820 3807 1961 3891 Matheo,

291 3912 424 3976 nonensi
450 3911 611 3996 episcopo,
636 3921 668 3975 et
690 3901 850 3976 Damiano
872 3910 1028 3975 iadertine
1053 3913 1179 3989 comite,
1204 3933 1243 3975 ac
1265 3909 1447 3976 Grubescia
1467 3912 1626 3999 spalatino
1643 3913 1769 3996 comite,
1786 3915 1969 3999 ceterisque

291 4015 465 4097 nobilibus,
490 4037 625 4100 quorum
650 4016 780 4079 nomina
800 4014 932 4080 inferius
956 4015 1203 4097 scribentur,·in
1228 4016 1366 4082 ecclesia
1390 4021 1491 4083 sancti
1514 4017 1674 4083 Johannis
1711 4017 1751 4082 de
1787 4017 1890 4094 Tenc.
1924 4017 1968 4084 ad

291 4122 536 4214 controuersias,
562 4141 624 4204 que
648 4121 731 4183 inter
751 4119 952 4206 Templsrics
976 4130 1008 4184 et
1032 4123 1260 4186 monasterium
1285 4131 1467 4188 sanctorum
1505 4121 1622 4188 Cosme
1658 4133 1689 4188 et
1722 4121 1874 4187 Damiani
1910 4146 1969 4210 pro

291 4228 385 4291 terris
408 4235 440 4290 et
463 4247 619 4311 aquarum
641 4219 834 4288 ¹decursibus
858 4225 1067 4290 vertebantur
1090 4227 1294 4309 resecandas,
1319 4227 1357 4291 de
1385 4227 1535 4292 mandato
1552 4230 1641 4314 regio
1657 4229 1883 4312 resideremus,
1896 4240 1971 4316 post

294 4331 411 4396 multas
435 4330 660 4396 altercationes
684 4340 716 4395 et
738 4331 847 4414 verba,
873 4353 934 4417 que
958 4342 1132 4396 memorato
1155 4331 1290 4398 ecclesie
1322 4336 1405 4397 inter
1432 4357 1466 4398 se
1498 4332 1709 4418 habebantur,
1745 4335 1887 4420 guadraa
1922 4335 1965 4400 ab

293 4447 429 4523 utraque
456 4446 547 4524 parte
570 4459 627 4523 per
651 4437 791 4522 stipitem
815 4435 855 4500 de
877 4435 1042 4502 voluntate
1066 4440 1209 4524 utrisque
1233 4441 1333 4524 partis
1358 4441 1579 4525 suscipientes,
1611 4462 1667 4525 pro
1699 4438 1785 4503 bono
1815 4442 1905 4525 pacis
1938 4455 1970 4504 et

295 4541 467 4607 concordie
492 4540 587 4606 talem
612 4543 868 4626 interutrasque
893 4540 1047 4606 ecclesias
1072 4543 1263 4608 diuisionem
1287 4547 1476 4610 auctoritate
1499 4547 1590 4630 regia
1605 4545 1858 4630 composuimus.
1881 4545 1965 4610 Inci-

293 4649 402 4736 piente
425 4669 444 4711 a
467 4648 521 4712 via
545 4669 607 4733 que
630 4650 713 4711 inter
736 4645 846 4744 sillam
871 4645 953 4712 'I'eni
974 4657 1006 4713 et
1029 4649 1140 4713 villam
1165 4657 1347 4714 sanctorum
1373 4648 1491 4714 Cosme
1515 4659 1547 4714 et
1562 4649 1715 4714 Damiani
1732 4659 1790 4732 est,
1814 4659 1847 4714 et
1862 4651 1967 4716 eundo

293 4774 408 4818 versus
431 4751 598 4817 meridiem
622 4761 709 4818 recto
734 4753 861 4817 tramite
884 4753 1050 4840 usquead
1075 4754 1237 4819 Gomilam
1265 4755 1407 4839 inferius,
1432 4764 1464 4820 et
1485 4755 1527 4820 ab
1551 4749 1626 4820 inde
1650 4777 1750 4842 nsque
1774 4754 1816 4820 ad
1833 4755 1968 4840 Blatam,

294 4856 448 4945 quicquid
471 4860 504 4921 in
529 4867 638 4923 austro
661 4859 809 4922 interris
834 4867 865 4922 et
886 4859 979 4944 aquis
1003 4871 1061 4938 est,
1086 4858 1172 4946 quod
1190 4859 1230 4924 ad
1256 4862 1485 4925 monasterium
1509 4861 1612 4926 sancti
1637 4859 1791 4926 Damiani
1806 4863 1968 4948 pertinuit,

297 4963 406 5030 domui
431 4961 542 5050 templi
566 4973 729 5028 remaneat
752 4971 907 5050 perpetuo
932 4963 1171 5050 possidendum,
1195 4975 1302 5051 preter
1325 4989 1443 5052 aquam
1467 4964 1677 5054 Cbriplinam,
1697 4989 1795 5054 quam
1824 4989 1963 5032 commu·

298 5092 371 5136 nem
396 5091 469 5136 esse
492 5068 696 5134 decernimus
722 5069 864 5154 utrisque
888 5069 1043 5151 ecclesiis,
1069 5078 1101 5134 et
1121 5069 1274 5157 quioquid
1298 5093 1318 5134 a
1340 5071 1465 5158 prefata
1484 5073 1537 5137 via
1560 5074 1593 5136 in
1623 5073 1771 5159 partibus
1794 5073 1988 5138 occidentis.

295 5177 327 5240 in
350 5177 445 5241 terris
468 5185 500 5240 et
523 5176 615 5262 aquis
638 5197 677 5239 ac
700 5175 828 5261 pascuis
853 5175 948 5239 etiam
974 5174 1057 5240 ultra
1078 5174 1193 5241 vallem
1218 5175 1299 5240 Toni
1323 5175 1469 5260 habetur,
1495 5187 1526 5242 et
1542 5177 1583 5242 ad
1599 5178 1784 5264 templarios
1802 5181 1963 5265 spectauit,

295 5281 418 5372 prefato
442 5281 544 5347 sancti
568 5279 719 5346 Damiani
744 5281 937 5346 monasterio
960 5281 1002 5346 sit
1025 5279 1141 5346 amodo
1176 5284 1207 5346 in
1243 5293 1441 5370 perpetuum.
1477 5281 1574 5370 Aqua
1607 5305 1685 5350 vero
1717 5282 1860 5351 Obierne
1893 5306 1961 5351 cam
