4292 5926
1774 396 1816 462 41

133 590 380 656 successoribus
404 613 501 655 causa
525 593 788 676 consecrationis,
814 592 866 658 vel
889 595 1091 674 visitationis,
1116 593 1200 659 nullo
1225 593 1319 658 modo
1344 616 1400 679 pro
1425 592 1543 674 debito,
1568 591 1620 656 vel
1650 599 1818 656 consuetu·

130 695 220 779 dine,
244 718 305 761 nec
323 719 381 782 per
405 718 472 778 nos,
498 719 557 762 nec
579 720 637 782 per
660 708 786 762 nostras
811 699 965 764 ecclesias
988 700 1112 787 aliquid
1136 701 1213 766 dare
1236 701 1402 764 debemus.
1427 699 1471 762 Et
1493 699 1553 762 hoc
1571 697 1663 762 bonis
1680 697 1818 794 testibus

134 800 326 880 scientibus,
351 799 474 865 scilicet
497 801 560 866 duo
584 801 642 866 filii
668 802 794 868 Carusii
821 805 967 869 monachi
1000 809 1101 870 sancti
1127 805 1290 890 Stephani,
1321 805 1441 868 Zuzalo
1471 815 1503 868 et
1534 801 1711 867 Cernecha.
1744 801 1815 886 Ego

133 915 244 972 autem
270 929 333 970 una
356 929 428 971 cum
453 905 623 989 iudicibus,
648 907 771 974 scilicet
794 908 870 974 Vita
893 909 1079 994 Dindiculo,
1104 921 1136 976 et
1161 912 1271 995 Draga
1292 910 1386 992 Pirle,
1404 921 1501 996 atque
1519 909 1696 972 Dabranna
1713 908 1817 971 Trun-

135 1013 244 1083 aanni,
274 1011 315 1075 ad
336 1010 505 1076 cenobium
538 1015 640 1077 sancti
665 1013 819 1100 Stephani
851 1026 948 1080 testes
978 1016 1019 1080 ad
1052 1019 1269 1081 testimonium
1303 1016 1480 1099 rogandum
1507 1016 1661 1095 misimus,
1696 1014 1819 1078 scilicet

138 1116 264 1180 Lucam
289 1117 329 1181 de
353 1118 484 1199 Sumite,
509 1127 540 1181 et
564 1117 693 1182 Petrum
719 1119 757 1182 de
782 1120 931 1202 Manena,
956 1131 1053 1207 atque
1078 1122 1283 1186 Dominlcurn
1308 1120 1460 1185 Palcteci.
1493 1120 1607 1183 Testes
1637 1142 1715 1183 vcro
1745 1142 1817 1182 cunr

130 1223 315 1287 iuramento
339 1223 385 1287 eis
410 1225 642 1308 prenominatis
669 1225 786 1290 nostris
810 1225 868 1290 tali
891 1209 985 1290 modo
1011 1231 1116 1292 testati
1141 1238 1225 1292 sunt.
1253 1227 1348 1306 Quod
1373 1226 1492 1308 clerici,
1518 1248 1578 1289 nec
1602 1248 1659 1310 per
1682 1249 1726 1305 se,
1758 1249 1818 1289 nec

131 1350 192 1413 per
215 1350 292 1392 suas
317 1328 471 1393 ecclesias
495 1353 553 1394 suo
578 1329 821 1418 archiepiscopo
846 1355 945 1396 causa
960 1335 1210 1398 consecrationis
1227 1333 1279 1397 vel
1296 1333 1500 1414 visitationis,
1518 1354 1621 1416 neque
1640 1330 1817 1394 ullomodo

21 1497 23 1514 ,
130 1431 257 1520 aliqnid
283 1433 360 1497 dare
384 1435 512 1499 debent.
539 1433 698 1515 Quoniam
726 1437 785 1501 bec
807 1461 827 1502 a
851 1449 941 1525 patre
964 1450 1073 1504 nostro
1098 1440 1216 1504 comite
1248 1439 1441 1520 audiuimus,
1475 1439 1529 1522 qui
1561 1461 1580 1500 a
1613 1446 1721 1500 nostro
1755 1459 1816 1500 auo

131 1537 378 1626 archiepiscopo
402 1537 530 1604 Gaudio
555 1541 689 1622 audiuit,
716 1553 747 1606 et
772 1543 854 1606 vidit
878 1565 949 1608 eum
975 1556 1103 1610 euntem
1127 1545 1167 1608 ad
1192 1543 1344 1608 domnum
1369 1544 1580 1629 apostolicum
1610 1564 1709 1606 eausa
1742 1565 1818 1606 con·

132 1647 326 1710 sacrationis
350 1669 421 1710 cum
447 1669 505 1710 suo
530 1650 679 1734 propri03
703 1657 735 1712 et
758 1650 843 1734 quod
869 1651 929 1715 sibi
955 1649 1065 1732 deluit,
1090 1650 1171 1715 duos
1196 1652 1342 1736 proprios
1366 1649 1515 1714 fornaces
1539 1647 1694 1728 vendidit,
1717 1657 1749 1710 et
1776 1647 1817 1716 ad

132 1751 257 1814 curiam
283 1773 381 1815 causa
405 1755 655 1817 consecrationis
681 1756 841 1840 perrexit3
874 1766 906 1818 et
937 1778 1000 1819 non
1032 1765 1153 1818 tantam
1187 1753 1248 1819 hoc
1278 1753 1540 1838 archiepiscopus
1572 1753 1678 1816 facere
1711 1751 1817 1834 debet,

133 1877 249 1919 verum
275 1858 370 1922 etiam
393 1855 536 1936 clericos,
561 1881 642 1944 quos
664 1860 696 1922 in
721 1859 881 1944 legatione
906 1863 1036 1942 miserit,
1060 1860 1112 1923 vel
1145 1883 1253 1925 seeum
1286 1861 1424 1940 duxerit,
1460 1883 1532 1924 cum
1569 1858 1729 1944 expendia
1761 1879 1819 1921 sue

138 1962 228 2026 curie
253 1949 372 2026 ducere
396 1961 501 2028 debet.
525 1961 587 2026 His
610 1965 738 2045 auditis,
763 1987 824 2049 ego
860 1965 1290 2052 Gaudiomrchiepiseopus.
1323 1988 1396 2031 cum
1428 1967 1613 2052 prescriptis
1647 1963 1817 2045 iudicibus,

139 2064 275 2131 clericos
299 2067 435 2159 inpane
457 2066 646 2132 dimisimus.
671 2067 754 2133 Tum
779 2069 893 2135 videns
922 2094 973 2135 me
1010 2073 1051 2137 ab
1085 2076 1132 2136 eis
1168 2072 1207 2136 de
1246 2072 1431 2158 supradicta
1464 2073 1587 2134 ratione
1622 2073 1817 2148 conuictum,

134 2169 267 2235 undem
292 2194 347 2236 eos
371 2182 533 2258 tamquam
554 2173 640 2238 lilios
656 2183 688 2238 et
710 2173 826 2240 fratres
847 2199 961 2262 rogare
981 2179 1134 2264 cepimus,
1157 2188 1192 2242 ut
1215 2178 1255 2242 de
1279 2180 1514 2264 quinquaginta
1545 2175 1706 2264 byzantiis
1725 2157 1818 2240 nobis

136 2275 347 2342 fideiussores
371 2281 557 2344 existerent.
584 2277 648 2360 Qui
673 2281 756 2346 votis
781 2291 812 2346 et
834 2281 1043 2368 petitionibus
1066 2284 1184 2348 nostris
1208 2282 1364 2364 fauentes,
1394 2281 1465 2346 illos
1497 2281 1572 2346 inde
1610 2303 1742 2347 securos
1779 2303 1817 2344 ac

136 2377 244 2448 certos
266 2382 402 2448 reddere
427 2381 581 2464 volentes,
606 2383 683 2469 quid
709 2385 741 2449 in
759 2387 893 2471 pignore
925 2387 1066 2453 dandum
1088 2387 1180 2469 soret,
1214 2389 1474 2473 recogitauimus.
1508 2385 1594 2468 Quia
1624 2388 1722 2472 igitur
1755 2388 1818 2473 ipsi

134 2496 203 2552 tam
228 2498 353 2574 partem
377 2498 519 2554 nostram
540 2490 738 2556 decimarum
767 2494 907 2557 ciuitatis
941 2517 1014 2559 oum
1053 2493 1215 2559 oblatione
1247 2517 1449 2559 nummorum
1479 2518 1499 2559 a
1530 2492 1817 2580 predecessoribus

135 2595 265 2675 nostr'is,
289 2596 508 2681 proquodam
534 2617 644 2661 eorum
670 2597 738 2661 iure
764 2598 895 2680 scilicet,
920 2601 996 2687 quia
1020 2599 1096 2664 olim
1122 2599 1405 2687 archiepiscopalis
1429 2603 1518 2664 curia
1549 2601 1690 2686 quinque
1723 2621 1818 2662 cano·

137 2701 230 2782 nicia,
256 2701 455 2788 presbytero,
479 2701 624 2784 diacono,
653 2705 796 2784 sacriste,
829 2705 987 2791 acolytho,
1022 2728 1077 2786 per
1105 2715 1205 2770 totam
1233 2705 1467 2770 hebdomadam
1498 2704 1650 2770 alimenta
1683 2703 1817 2790 prebere

138 2807 321 2888 tenebatur,
346 2831 386 2872 nc
410 2810 561 2896 quinque,
587 2811 647 2874 nisi
673 2809 775 2874 tribus
811 2821 943 2892 tantum,
979 2811 1140 2877 dominico
1175 2813 1236 2895 die,
1272 2813 1390 2876 exinde
1425 2821 1596 2893 teneretur,
1630 2833 1816 2874 concessam

100 2905 102 2910 ’
135 2911 367 2998 possidebant3
392 2913 470 2978 nihil
494 2914 535 2979 de
559 2917 649 2978 curia
672 2926 781 3004 nostra
804 2918 836 2979 in
862 2919 995 3004 pignore
1018 2918 1096 3004 quid
1121 2917 1198 2983 dare
1222 2917 1403 2999 habuimus,
1429 2919 1489 2981 nisi
1521 2926 1667 3003 quartam
1693 2926 1816 3002 partem

21 3065 22 3070 η
136 3017 347 3100 decimarum,
371 3019 524 3084 videlicet
546 3023 798 3104 restaurationis,
823 3045 887 3108 qua
908 3023 1120 3109 patiebamur,
1137 3045 1207 3090 cum
1233 3023 1395 3089 oblatione
1419 3046 1633 3104 nummorum,
1649 3022 1818 3108 quousque

137 3125 198 3208 ipsi
224 3127 459 3210 quinquaginta
489 3124 632 3212 byzantii
657 3149 729 3192 cum
752 3131 858 3193 usuris
880 3131 1065 3216 extorqueri
1091 3139 1231 3216 possent,
1256 3132 1303 3194 eis
1328 3141 1439 3195 tenere
1464 3131 1696 3194 concessimus.

296 3361 323 3414 la
349 3361 529 3432 piamohrane
553 3363 670 3434 kaptola
693 3365 861 3438 spljstskog.
886 3365 1002 3420 Parieti.
1028 3366 1171 3436 illyricum
1195 3366 1273 3423 Sacr.
1299 3367 1408 3422 T.111.
1432 3385 1459 3437 p.
1490 3365 1561 3422 178.

849 3704 964 3785 LIX.
991 3697 1101 3785 1150.

137 3904 223 3964 (irad
258 3907 353 3980 Umop
377 3907 505 3977 alatri,
529 3907 882 3985 oboeirsjeaeprisepom
907 3909 1211 3970 dutdtmrstaasoma
1233 3911 1399 3970 Dominitu
1422 3911 1619 3978 Maurooeau,
1643 3910 1683 3967 do
1706 3909 1736 3969 te
1768 3927 1818 3968 ma

138 4031 226 4089 astuti
247 4031 362 4108 maan,
386 4031 571 4106 ipoinopati
590 4049 631 4106 pa
653 4049 669 4092 a
693 4033 821 4103 drodant,
843 4034 904 4093 irad
937 4035 1011 4092 bade
1046 4036 1189 4094 mtetotto
1213 4035 1382 4094 moraarica
1416 4035 1539 4093 adorila
1572 4051 1675 4106 premo
1708 4033 1813 4092 Zadris

882 4155 917 4214 aa·
939 4156 1068 4220 antina.

287 4369 325 4434 V.
347 4369 486 4436 Michael
510 4370 635 4456 legatus
659 4371 824 4458 Humeghi
849 4383 907 4439 stc.
932 4373 999 4438 Nos
1023 4395 1134 4437 omnes
1159 4373 1198 4437 de
1220 4373 1369 4457 Humago
1395 4374 1572 4437 iurauimus
1590 4395 1687 4458 super
1705 4383 1816 4437 sancta

140 4475 188 4540 dei
211 4485 350 4561 quatuor
373 4477 552 4562 euangelia,
577 4477 764 4544 fidelitatem
789 4478 883 4543 beato
906 4479 1016 4543 Marco
1041 4478 1185 4564 apostolo
1209 4491 1241 4542 et
1262 4479 1471 4563 euangelista,
1490 4489 1522 4542 et
1539 4480 1709 4542 Dominico
1727 4479 1815 4542 Man·

23 4603 24 4628 .
141 4603 256 4646 roceno
279 4581 389 4646 inclito
416 4582 491 4648 duci
522 4593 554 4647 et
586 4586 654 4647 eius
685 4585 925 4649 successoribus
950 4587 982 4648 in
1018 4595 1216 4670 perpetuum,
1241 4596 1477 4650 sacramentum
1510 4585 1646 4668 singulis
1678 4586 1818 4649 ducibus

23 4769 24 4774 η
142 4709 306 4769 renouare,
331 4699 363 4754 et
384 4711 496 4754 omnes
523 4689 694 4755 Veneticos
718 4691 824 4756 saluos
851 4703 883 4755 et
906 4713 1036 4757 securos
1061 4695 1131 4756 sine
1154 4693 1241 4756 omni
1267 4693 1396 4756 datione
1429 4694 1460 4756 in
1490 4692 1639 4756 omnibus
1671 4691 1817 4776 partibus

141 4795 220 4858 sicut
244 4803 370 4858 nostros
398 4798 548 4860 concines
584 4795 713 4876 habere,
739 4807 771 4861 et
794 4807 1002 4862 manutenere
1026 4798 1191 4868 debemus,
1218 4799 1295 4861 etsi
1321 4819 1490 4862 commune
1515 4807 1666 4862 venetum
1700 4797 1816 4862 stolum

23 4943 25 4986 ,
138 4895 249 4964 lecerit
270 4898 312 4964 ad
332 4898 477 4981 Jadram,
502 4900 558 4964 vel
576 4900 617 4964 ad
642 4901 820 4984 Anconam,
846 4903 1093 4982 nosvnbiscum
1118 4903 1235 4968 stolum
1270 4901 1377 4968 facere
1410 4905 1635 4988 promittimus,
1668 4903 1730 4966 nisi
1761 4924 1819 4988 per

139 5023 195 5068 vos
218 5005 420 5069 remanserit.

284 5135 327 5200 Et
351 5135 481 5202 domino
505 5137 578 5202 draci
601 5140 687 5202 omni
712 5162 796 5206 anno
820 5143 853 5205 in
878 5163 988 5206 mensa
1011 5141 1210 5228 Septembris
1234 5151 1419 5206 romanatos
1443 5141 1523 5206 duos
1541 5140 1724 5228 persoluere
1760 5140 1816 5206 de·

141 5237 260 5321 bemus,
287 5251 320 5307 et
343 5245 414 5309 eius
437 5243 679 5312 successoribus
700 5255 759 5313 eto.
1771 5247 1774 5253 ’
