4254 5922
680 622 861 706 cuxnl.
888 623 935 706 (i.
963 623 1185 706 iile-741.

193 785 295 861 meur
311 787 369 848 112.
388 804 474 862 popo
488 787 552 860 pile
568 785 763 859 nnddjolroan
789 786 978 864 soliastomu,
997 807 1018 846 n
1039 789 1126 860 postu
1141 788 1271 860 turannja
1284 789 1424 847 ortuenih
1444 789 1687 862 drapoer'enoslib.

258 962 563 974 -----
584 923 673 989 Scire
701 946 778 988 vero
803 933 833 989 te
865 923 1024 1007 volumus,
1060 923 1146 1012 quod
1176 949 1195 988 a
1219 935 1249 988 te
1280 925 1424 988 districte
1456 927 1631 1011 quaesituri
1656 948 1780 1000 sumus,

106 1033 176 1120 qnia
198 1029 249 1094 vel
276 1033 424 1118 propriae
448 1030 613 1120 ecclesiae,
638 1027 689 1096 vel
714 1053 760 1112 ea,
786 1052 868 1118 quae
891 1031 931 1096 de
957 1031 1096 1096 diuersis
1124 1029 1281 1096 ecclesiae
1305 1029 1424 1096 cimilia
1446 1041 1522 1096 sunt
1544 1031 1687 1113 collecta,
1713 1055 1776 1094 non

108 1139 163 1203 snb
184 1139 272 1202 omni
297 1137 512 1204 sollicitudine
536 1147 568 1202 et
590 1137 652 1204 fide
676 1147 855 1204 seruantur.
881 1137 977 1219 Quod
1002 1140 1027 1202 si
1054 1137 1131 1224 qnid
1148 1161 1190 1205 ex
1207 1137 1263 1216 eis,
1289 1135 1340 1200 rel
1368 1136 1572 1220 negligentia,
1596 1135 1648 1202 vel
1672 1139 1779 1202 cnius-

106 1267 197 1333 quam
222 1245 338 1310 fraude
362 1245 507 1331 deperiit,
532 1253 567 1310 tu
592 1243 652 1310 boc
675 1255 765 1310 reatu
788 1245 1009 1330 adstringeris,
1038 1247 1091 1331 qui
1117 1267 1174 1331 per
1197 1243 1478 1311 archidiaconatus
1502 1245 1647 1310 ordinem
1673 1255 1776 1310 custo·

105 1351 174 1418 diae
195 1351 342 1416 eiusdem
367 1350 522 1416 ecclesiae
545 1353 665 1418 arctius
695 1351 869 1438 deputaris.

259 1509 424 1568 Decretalia
446 1509 482 1563 D.
505 1507 635 1580 Gregorii
661 1525 761 1579 papae.
786 1507 911 1565 Veneriis
939 1509 1029 1564 1615.
1053 1507 1116 1568 Lib.
1142 1511 1163 1564 1.
1186 1507 1245 1567 Tit.
1269 1505 1376 1564 xxm.
1401 1525 1463 1604 cap.
1488 1507 1538 1566 111.
1560 1527 1587 1579 p.
1614 1507 1686 1566 223.

524 1801 724 1886 coxon.
751 1800 798 1883 (l.
825 1801 915 1883 880.
937 1801 1123 1903 snjeseco
1149 1802 1361 1902 prosince.

103 1965 180 2026 loun
208 1965 278 2026 Vlll.
299 1983 384 2039 popa
400 1967 466 2038 pue
488 1963 624 2038 Mibulju
648 1965 750 2038 kralju
773 1963 978 2038 buqorslsomm
994 1961 1035 2022 du
1048 1963 1165 2036 poiolje
1183 1965 1261 2036 snoje
1277 1965 1435 2038 posterulae
1455 1983 1476 2024 n
1499 1965 1577 2034 Risi,
1594 1965 1658 2036 noje
1682 1963 1788 2032 birote,

454 2067 559 2131 obetuo
577 2072 693 2144 posnan
715 2069 842 2144 sujedno
864 2087 880 2128 s
905 2067 1087 2142 Teodoeir'em
1109 2070 1263 2144 biskupom
1286 2071 1425 2131 ninellus.
1469 2133 1479 2156 ο

358 2208 485 2274 Dilecto
510 2217 541 2274 et
564 2207 698 2296 spiritali
731 2206 797 2272 filio
820 2205 995 2272 Michaheli
1026 2205 1166 2292 glorioso
1190 2210 1258 2294 rogi
1283 2207 1522 2293 vulgariorum.

261 2351 376 2417 Gratia
397 2351 490 2416 vobis
514 2359 546 2416 et
569 2373 634 2438 pax
657 2373 675 2414 a
699 2349 759 2416 deo
782 2359 872 2436 patre
893 2358 923 2415 ot
939 2347 1069 2414 domino
1096 2347 1197 2414 Jhesu
1223 2346 1365 2413 Christo.
1389 2349 1555 2429 Miramur,
1579 2345 1666 2436 quod
1690 2358 1778 2411 tanto

101 2459 162 2522 iam
189 2467 338 2546 tempore
361 2465 522 2524 transacto
546 2459 661 2521 missos
690 2465 815 2521 vestros
845 2456 886 2520 ad
910 2463 1052 2520 sanctam
1084 2477 1248 2520 romanam
1273 2454 1442 2520 ecclesiam
1471 2463 1604 2520 matrem
1628 2464 1778 2534 vestram,

102 2573 132 2628 et
152 2563 194 2629 ad
219 2587 281 2629 nos
305 2585 368 2629 non
391 2565 622 2630 transmisistis.
640 2562 737 2628 Modo
761 2583 848 2643 vero,
869 2563 954 2626 sicut
972 2561 1064 2626 nobis
1081 2561 1189 2627 retulit
1212 2561 1414 2626 Theodosius
1438 2560 1633 2626 venerabilis
1657 2561 1779 2648 episco-

55 2694 58 2700 ’
103 2693 171 2757 pus,
195 2672 317 2735 missos
340 2681 412 2735 tuos
435 2691 507 2736 cum
531 2691 569 2735 eo
601 2670 741 2756 dirigere
766 2670 979 2756 promiseram
1012 2667 1069 2733 sed
1094 2691 1151 2755 pro
1174 2691 1239 2754 qua
1261 2689 1358 2733 causa
1390 2691 1445 2733 eos
1469 2669 1607 2752 dirigere
1641 2670 1776 2752 praeter·

103 2778 239 2859 miseris,
265 2779 463 2862 ignoremus.
487 2775 582 2841 Unde
614 2797 672 2840 vos
695 2777 758 2840 iam
794 2795 1024 2861 recognoscere
1048 2775 1226 2861 oportebat,
1251 2775 1345 2840 etiam
1369 2775 1409 2840 ad
1438 2784 1598 2860 pastorem
1622 2785 1654 2839 et
1677 2775 1779 2861 ponti-

13 2871 15 2926 3
103 2882 195 2948 ficem
216 2883 400 2948 animarum
423 2891 604 2948 vestrarum
629 2891 695 2946 tota
719 2881 890 2946 deuotione
923 2879 1117 2946 debueratis.
1152 2879 1246 2947 Unde
1271 2879 1320 2946 bis
1345 2883 1462 2946 nostris
1485 2879 1673 2968 apostolicis
1697 2879 1778 2945 litte-

13 2995 15 3072 ξ
104 2990 155 3072 ris,
181 3011 243 3054 vos
266 2992 359 3076 quasi
384 2990 574 3055 karissimos
596 2987 681 3054 filios
704 3010 927 3054 ammonemus
950 2997 982 3052 et
1003 2985 1220 3070 exhortamur,
1246 2999 1281 3053 nt
1298 2987 1339 3052 de
1363 2989 1683 3075 praesentissvestros
1707 2986 1774 3051 ido-

13 3157 14 3182 ,
102 3117 176 3160 neos
208 3097 327 3161 missos
361 3095 455 3161 nobis
491 3087 721 3160 transmittere'
740 3117 804 3159 non
845 3093 1009 3161 dubitetis.
1045 3092 1213 3174 Quatenus
1246 3093 1287 3160 ab
1320 3093 1471 3160 uberibus
1503 3095 1615 3158 matris
1640 3103 1779 3176 vestrae,

104 3211 235 3267 sanctae
271 3201 424 3268 videlicet
454 3223 605 3268 romanae
637 3201 793 3267 ecclesiae
826 3202 1001 3282 saciamini,
1034 3202 1240 3285 omniumque
1271 3200 1355 3264 bono
1388 3199 1587 3287 repleamini.
1611 3197 1697 3279 Quia
1720 3219 1779 3264 nos

13 3295 14 3356 ἕ
106 3331 193 3374 more
218 3317 364 3396 paterno,
399 3307 484 3372 ulnis
513 3309 656 3373 extensis
692 3331 750 3374 vos
781 3307 985 3394 amplectere,
1019 3315 1052 3371 et
1078 3307 1169 3393 qnasi
1202 3329 1279 3372 oues
1309 3305 1429 3372 Christi
1464 3305 1557 3371 nobis
1591 3306 1779 3370 commissas

13 3421 15 3428 “
104 3415 188 3482 alere
220 3425 254 3480 et
286 3415 412 3480 saluare
444 3415 546 3501 parati
581 3416 769 3498 existimus5
801 3412 978 3480 secundum
1011 3411 1097 3499 quod
1129 3413 1278 3477 dominus
1314 3411 1393 3476 dic'it
1425 3411 1518 3476 beato
1542 3411 1657 3477 Petro:
1682 3433 1778 3498 pasce

13 3575 15 3606 ,
104 3543 180 3586 ones
218 3543 319 3587 meas.
355 3521 518 3609 Quicquid
549 3523 633 3586 enim
671 3521 762 3587 vobis
793 3519 978 3606 dirigimus,
1012 3517 1144 3585 credere
1176 3520 1304 3583 omnino
1336 3519 1486 3604 potestis,
1516 3517 1570 3603 qui
1595 3539 1652 3604 pro
1676 3517 1779 3582 salute

13 3611 15 3648 ³
101 3638 208 3693 vestra
230 3651 360 3715 semper
382 3649 478 3714 agere
503 3650 542 3692 ac
565 3627 719 3714 perficere
743 3629 963 3693 incunctanter
986 3627 1143 3714 cupimus.
1171 3623 1328 3712 Optamus
1353 3647 1410 3690 vos
1433 3623 1465 3687 in
1488 3621 1619 3690 ‚Christo
1645 3647 1728 3690 nunc
1743 3633 1776 3689 et

103 3757 231 3823 semper
254 3737 337 3802 bene
360 3735 478 3800 valere.

267 3884 297 3940 la
321 3883 526 3957 vsfikauslroga
548 3883 683 3956 rukopisa
704 3884 756 3940 XI.
781 3881 871 3938 vieka.
894 3881 1041 3955 Epistolae
1062 3875 1183 3938 loannis
1207 3877 1285 3937 v111.
1310 3879 1363 3951 Ep.
1389 3878 1462 3936 300.
1485 3895 1513 3950 p.
1541 3879 1611 3935 116.
1698 3957 1700 3964 Α

630 4175 854 4261 ucxnlll.
882 4175 971 4258 oko
998 4199 1037 4277 g.
1064 4175 1258 4260 888-67,

13 4311 14 4346 ³
106 4347 217 4408 Nikoln
240 4347 268 4404 Ι.
284 4363 379 4422 papa,
396 4344 464 4418 pue
487 4345 680 4404 leubranomu
701 4343 830 4415 &iupa
853 4343 866 4400 i
891 4341 1059 4402 anetenslnu
1081 4340 1247 4415 arestone,
1272 4339 1325 4398 du·
1341 4357 1371 4398 se
1401 4339 1555 4412 annuens
1584 4339 1635 4399 bea
1663 4337 1779 4396 dozuole

717 4450 831 4524 punine
853 4447 1008 4522 ntemely's'ti
1030 4449 1160 4522 nmmije.

488 4586 642 4654 Nicolans
667 4609 750 4676 papa
773 4581 875 4646 electo
899 4587 931 4644 et
954 4577 1039 4644 clero
1063 4578 1213 4644 nonensis
1236 4575 1400 4641 ecclesiae.

267 4747 416 4814 Ecclesia
439 4746 471 4811 id
496 4755 546 4812 est
568 4745 798 4812 catholicorum
827 4740 982 4820 collectio,
1006 4737 1165 4826 quomodo
1183 4738 1251 4802 sine
1266 4733 1461 4822 apostolicae
1485 4732 1570 4799 sedis
1594 4731 1779 4796 instituetur

112 4865 198 4940 nutu,
223 4854 353 4944 quando
374 4856 465 4920 iuxta
490 4875 581 4918 sacra
613 4852 751 4936 decreta,
782 4872 842 4916 nec
872 4851 943 4936 ipsa
974 4845 1069 4912 debet
1100 4845 1222 4932 absque
1256 4843 1481 4932 praeceptione
1512 4861 1614 4926 papae
1645 4836 1779 4926 basilica

110 4964 234 5026 nouiter
256 4963 408 5044 construi,
432 4981 514 5046 qnae
542 4960 644 5045 ipsam
662 4953 890 5024 catholicorum
906 4957 990 5022 intra
1006 4954 1211 5040 semetipsum
1230 4947 1378 5036 amplecti
1404 4957 1565 5014 cateruam
1590 4945 1777 5010 dinoscitur.

268 5110 390 5165 Decreta
410 5105 538 5164 Gratiani
561 5105 614 5166 111.
638 5105 725 5160 Distr.
749 5103 772 5166 I.
796 5119 859 5176 esp.
884 5103 913 5158 8.
