4292 5926
1765 429 1807 496 et

122 626 229 704 petur.
258 617 327 687 Hes
350 643 428 685 vero
452 623 571 707 pagina
595 623 777 688 testamenti
801 631 875 688 ante
899 623 1098 709 presenciam
1123 619 1279 686 nobilium
1306 621 1458 700 virorum,
1476 644 1534 686 seu
1549 623 1652 688 eciam
1669 644 1806 708 quorum

125 745 197 788 cum
224 723 368 808 consilio,
392 725 478 792 facta
501 737 559 810 est,
584 749 718 814 quorum
743 730 873 794 nomina
896 751 981 794 nuno
1004 727 1166 792 dicemus:
1197 726 1366 812 inprimis
1398 725 1536 810 Nosdre,
1571 726 1673 792 abbas
1705 729 1807 792 sancti

125 827 290 914 Stephani,
317 829 464 896 Grubice
487 831 599 915 Salati,
624 835 679 919 qui
703 841 735 898 et
758 835 984 916 subdiaconus,
1009 833 1298 915 SabaciusTiueri,
1313 821 1539 916 subdiaconus,
1563 834 1693 919 Dragus
1711 833 1806 914 Pirle,

126 933 216 1001 Mille
238 935 384 1022 Lapstici
409 936 505 1020 filius,
528 937 685 1005 Dabrana
708 939 837 1008 (iamai.

280 1041 340 1108 His
353 1045 398 1108 ita
414 1045 563 1130 peractis,
576 1045 639 1110 alio
652 1047 749 1130 igitur
766 1056 920 1134 tempore,
937 1046 1069 1134 quidam
1082 1046 1212 1128 domini,
1230 1045 1282 1112 vel
1300 1047 1413 1134 (nael)
1427 1067 1524 1132 supra
1541 1045 1799 1110 maledictionem

122 1154 312 1230 metuentes,
337 1149 434 1212 immo
458 1148 619 1215 diabolico
643 1149 789 1216 infamati
813 1153 939 1238 spiritu,
963 1150 1088 1218 scilicet
1110 1151 1303 1237 Stephanus,
1320 1175 1443 1239 suoque
1467 1151 1655 1218 cumfratre
1672 1151 1801 1216 Bacula

122 1260 271 1336 proterue
294 1262 437 1338 agentes,
463 1257 495 1318 in
519 1278 577 1320 nos
601 1257 855 1342 insurrexerunt,
880 1269 913 1324 et
935 1256 1145 1324 hereditatem
1168 1280 1264 1344 quam
1286 1283 1306 1324 a
1330 1260 1507 1346 presbitero
1532 1257 1674 1339 Cirrata,
1706 1281 1763 1322 seu
1786 1282 1806 1323 a

122 1377 254 1421 snorum
278 1366 519 1424 antecessorum
546 1361 579 1424 in
602 1366 798 1427 monasterio
822 1365 924 1428 sancti
948 1362 1115 1428 Benedicti
1137 1363 1302 1446 dederant,
1326 1364 1493 1433 abstraere
1518 1361 1733 1445 intenderunt,
1758 1364 1805 1434 di-

18 1529 20 1536 ,
120 1470 248 1526 centes:
272 1461 399 1528 illorum
425 1463 561 1530 heredes
585 1487 665 1534 esse.
691 1465 775 1534 Cum
798 1466 916 1554 quibus
939 1479 1013 1532 ante
1039 1470 1240 1554 presenciam
1262 1468 1565 1550 Johannicomitis,
1589 1467 1704 1532 Petrus
1730 1465 1801 1532 Gri-

120 1569 193 1632 cine
217 1569 325 1653 iudici,
349 1594 388 1635 ac
410 1571 548 1638 aliorum
573 1573 729 1639 nobilium
755 1572 892 1659 litigium
927 1571 1110 1656 habuimus,
1142 1596 1224 1661 quos
1254 1598 1311 1661 per
1341 1576 1427 1640 iusta
1459 1573 1580 1638 iudicia
1610 1571 1800 1638 deuioimus.

119 1671 287 1740 iudicium
311 1699 390 1742 vero
414 1678 507 1742 nobis
532 1680 639 1744 taliter
662 1677 830 1760 dederuut,
854 1688 889 1744 ut
911 1702 931 1744 a
953 1688 1038 1744 terra
1062 1701 1143 1766 quas
1166 1681 1227 1765 ipsi
1250 1679 1370 1745 furtiue
1393 1691 1427 1746 et
1447 1679 1606 1744 absconse
1638 1678 1803 1760 tenebant,

120 1778 238 1866 fora(e)
263 1792 499 1868 expeteremus,
526 1807 565 1848 ac
588 1785 691 1849 eciam
714 1783 911 1850 frumentum
935 1807 1045 1850 aarum
1069 1784 1327 1868 abstulissemue,
1352 1785 1438 1872 quod
1462 1795 1495 1849 et
1517 1789 1561 1850 ita
1584 1807 1648 1850 non
1664 1783 1721 1858 diu
1737 1806 1803 1848 mo·

120 1895 214 1950 rante
239 1886 496 1974 adimpleuimus,
520 1891 596 1976 quia
623 1889 769 1955 mendaci
794 1891 916 1956 inuenti
940 1900 1041 1956 erant.
1066 1890 1110 1956 Elt
1132 1891 1194 1956 hoc
1224 1893 1257 1956 in
1289 1901 1433 1978 tempore
1465 1890 1630 1958 abbatisse
1661 1888 1800 1971 Ohaaae,

120 1989 312 2078 So(edin)ue
335 2016 412 2059 vero
436 1993 590 2060 Oasarius
613 1996 669 2082 qui
693 2004 725 2062 et
747 1995 936 2079 aduocatus,
957 1995 1067 2062 Micha
1090 1997 1239 2080 Pradani,
1256 1995 1403 2064 Gaudius
1420 1995 1515 2062 Sirini
1532 1995 1701 2082 presbiter,
1719 1993 1810 2062 (tru-

121 2096 195 2162 bice
219 2097 359 2183 Sangari
382 2110 480 2187 atque
501 2100 635 2166 Dirsko.
664 2103 674 2139 ¹

269 2204 373 2288 Igitur
396 2227 483 2288 vero,
507 2227 568 2292 ego
591 2205 759 2272 abbatissa
782 2205 921 2288 Ohaaaa,
945 2229 1022 2295 sepe
1046 2229 1227 2295 preponens
1251 2207 1302 2277 sd.
1317 2207 1495 2295 predictam
1512 2205 1802 2292 hereditatemque

119 2306 181 2373 Pot
202 2307 293 2376 Cilco
318 2321 376 2392 est,
400 2335 495 2399 quem
520 2312 681 2398 presbiter
705 2311 839 2380 Cirnata
862 2313 960 2398 dedit,
984 2314 1091 2398 adare,
1128 2325 1160 2380 et
1191 2315 1321 2380 nomina
1353 2312 1498 2378 locorum
1532 2311 1617 2378 unde
1649 2321 1699 2376 est
1730 2334 1789 2376 scr

121 2413 208 2496 bere,
233 2416 321 2501 quod
343 2419 452 2498 optaui
476 2417 641 2504 adinpleui
660 2429 693 2484 et
714 2420 839 2506 scripsi.
871 2419 911 2484 ln
934 2423 1048 2506 primis
1067 2441 1145 2486 vero
1180 2422 1293 2506 parum
1329 2418 1445 2486 subtus
1476 2417 1610 2504 capella,
1643 2418 1698 2482 ubi
1722 2419 1803 2486 eius

120 2528 363 2586 antecessorum
401 2521 562 2589 cadauera
595 2525 713 2591 iacent·
752 2524 807 2590 Ex
837 2537 930 2612 parte
964 2523 1142 2592 occidentis
1182 2527 1272 2592 inter.
1304 2523 1429 2610 capella
1469 2533 1501 2592 st
1539 2523 1620 2590 calle
1659 2525 1802 2609 antiqua,

119 2634 152 2689 et
174 2626 278 2691 tendit
300 2650 429 2692 sursum
452 2630 485 2692 in
508 2639 600 2716 parte
624 2631 766 2712 orientis,
802 2652 905 2717 usque
939 2630 980 2695 ad
1015 2627 1131 2694 vallem
1166 2652 1229 2716 que
1263 2628 1445 2694 solauonice
1480 2629 1597 2694 dicitur
1631 2627 1801 2712 Tirstenio,

122 2730 221 2797 latine
264 2756 342 2800 vero
379 2733 545 2816 Calamet,
587 2736 705 2802 exinde
746 2745 853 2802 autem
891 2757 1075 2803 sursureum
1117 2736 1192 2822 (sic)
1228 2737 1262 2800 in
1304 2745 1395 2822 parte
1434 2733 1668 2820 aquilonis‘ad
1706 2733 1801 2820 Grip-

117 2859 203 2921 pam,
227 2842 296 2924 que'
314 2849 363 2904 est
386 2841 479 2906 iuxta
501 2863 589 2926 agro,
615 2845 646 2906 in
670 2864 734 2928 quo
758 2852 832 2906 sunt
855 2851 954 2927 petre,
986 2863 1049 2927 que
1073 2841 1256 2906 sclauonice
1278 2840 1363 2905 Brus
1398 2847 1633 2926 nuncupantur.
1671 2839 1799 2904 Exinde

120 2963 198 3008 vero
223 2942 373 3010 deorsum
399 2947 430 3010 in
455 2945 664 3028 valle,etde
688 2946 772 3010 valle
797 2969 924 3010 sursum
949 2947 1114 3033 usquead
1139 2948 1252 3033 ripam,
1276 2969 1339 3033 que
1371 2955 1419 3012 est
1450 2968 1562 3032 parum
1595 2944 1708 3009 subtus
1742 2967 1799 3030 pu-

120 3052 218 3130 teum,
242 3053 274 3114 in
298 3073 362 3137 qua
386 3063 461 3116 sunt
483 3062 549 3118 tres
572 3064 671 3139 petre,
696 3075 760 3118 una
783 3077 882 3138 super
903 3052 1013 3136 altera,
1033 3077 1076 3118 ex
1099 3054 1266 3118 cacumine
1290 3050 1377 3116 illius
1401 3053 1479 3137 ripe,
1504 3073 1630 3116 sursum
1654 3049 1696 3113 ad
1711 3072 1803 3135 agro,

119 3177 183 3242 que
207 3158 240 3220 in
265 3157 395 3222 modum
419 3157 510 3237 velis,
535 3163 590 3246 qui
622 3158 805 3225 sclauonice
828 3149 929 3225 Jedro
953 3170 1097 3224 vocatur.
1122 3160 1241 3224 Iterum
1265 3182 1285 3223 a
1305 3157 1429 3245 capella
1452 3180 1514 3244 que
1549 3157 1801 3242 supradiximus,

118 3261 205 3326 infra
228 3261 341 3329 eadem
365 3263 491 3350 capella
512 3275 544 3330 et
568 3267 706 3330 macerie
730 3287 832 3351 usque
855 3265 896 3329 ad
919 3287 1072 3350 magnum
1096 3265 1256 3347 arborem,
1280 3264 1376 3329 etde
1400 3263 1516 3328 arbore
1541 3285 1642 3350 usque
1666 3263 1708 3328 ad
1741 3272 1802 3326 ter-

118 3389 188 3431 ram
213 3370 316 3432 sancti
341 3367 505 3455 Stephani,
532 3380 563 3434 et
585 3369 625 3435 de
646 3371 760 3436 eadem
781 3381 876 3452 terra,
902 3393 1004 3457 usque
1027 3371 1068 3436 ad
1093 3381 1234 3456 puteum,
1258 3371 1314 3456 qui
1338 3378 1386 3434 est
1409 3393 1482 3434 cum
1507 3369 1612 3434 dubus
1636 3357 1723 3456 ⁴(sic)
1752 3390 1802 3440 co-

118 3475 217 3552 ronis,
244 3485 275 3538 et
298 3473 338 3538 de
363 3485 458 3560 puteo
483 3499 611 3541 sursum
635 3477 676 3541 ad
702 3479 859 3546 macerias
882 3485 914 3540 et
937 3476 978 3540 de
1001 3477 1158 3540 macerias
1182 3476 1224 3540 ad
1240 3461 1447 3562 agroiterum
1463 3477 1518 3560 qui
1539 3483 1674 3538 vocatur
1688 3473 1801 3539 Jedro.

118 3577 191 3643 Hec
215 3601 293 3644 vero
318 3583 427 3644 omnia
450 3582 534 3646 sicut
557 3583 712 3668 scriptum
737 3584 888 3665 continet,
915 3582 948 3646 in
972 3583 1108 3646 circuitu
1133 3583 1235 3646 sancti
1259 3581 1428 3646 Benedicti
1452 3561 1535 3657 eunt,
1549 3581 1611 3642 nisi
1630 3577 1699 3643 sola
1715 3589 1802 3643 terra

119 3685 225 3748 sancti
249 3683 412 3775 Stephani,
437 3708 500 3772 que
522 3688 701 3767 interiacet,
719 3711 781 3752 non
804 3698 861 3769 est,
886 3697 918 3752 et
939 3697 989 3752 est
1013 3690 1149 3753 terrain
1174 3686 1260 3752 valle
1284 3709 1346 3774 que
1369 3685 1552 3750 sclauonioe
1570 3683 1706 3756 Gladius
1722 3706 1801 3748 nun·

119 3801 268 3874 cupatur,
279 3789 319 3855 de
330 3815 394 3856 una
407 3803 493 3856 terra
505 3813 606 3878 usque
621 3792 662 3857 ad
677 3791 775 3857 aliam
792 3803 910 3857 terram
927 3795 961 3858 in
976 3791 1178 3877 longitudine
1195 3794 1373 3874 continens,
1390 3801 1422 3856 et
1436 3793 1604 3856 intraiacet
1619 3789 1704 3854 infra
1717 3801 1802 3854 terra

62 3925 70 3935 ·
118 3917 182 3981 que
196 3895 438 3961 Godimirscina
452 3896 635 3962 sclauonioe
648 3909 860 3986 nuncupatur,
874 3919 955 3986 quas
968 3897 1203 3979 Budico'tenet,
1219 3898 1342 3964 scilicet
1357 3897 1502 3982 predicta
1517 3905 1604 3960 terra
1619 3919 1716 3960 unum
1730 3917 1800 3960 vre-

117 4013 229 4068 tenum
245 4004 260 4040 2
275 4013 307 4066 et
321 4001 462 4066 medium
476 4012 509 4066 et
520 4004 647 4068 vineam
665 4027 727 4090 que
744 4015 793 4069 est
808 4029 828 4068 a
843 4003 994 4070 Gracina.
1012 4003 1057 4068 Et
1073 4003 1193 4070 ibidem
1218 4027 1260 4068 ex
1282 4002 1346 4067 alia
1363 4011 1454 4089 parte
1475 3999 1619 4084 Cladiue,
1644 4024 1687 4065 ex
1710 4012 1800 4088 parte

119 4107 238 4192 pelagi,
256 4129 321 4171 una
336 4107 552 4197 magnavulle,¹
573 4119 605 4174 et
620 4111 762 4174 continet
779 4133 880 4198 usque
903 4109 944 4175 ad
966 4107 1132 4174 excelsum
1159 4132 1285 4174 saxum.
1307 4107 1361 4172 Ex
1385 4117 1475 4195 parte
1501 4109 1613 4173 borrae
1637 4116 1712 4174 sunt
1735 4105 1798 4171 due

120 4236 237 4298 magne
254 4216 346 4298 pecie
363 4212 403 4278 de
420 4223 513 4296 terra,
530 4237 666 4301 quarum
682 4217 809 4282 adiacet
825 4239 867 4280 ex
890 4225 981 4302 parte
1005 4215 1137 4280 orientis
1160 4226 1245 4279 terra
1270 4216 1372 4279 sancti
1395 4214 1555 4278 lobannis
1580 4213 1619 4278 de
1644 4213 1742 4296 fonte,
1768 4221 1801 4277 et

119 4344 160 4385 ex
177 4329 269 4405 parte
282 4319 458 4382 occidentis
470 4319 597 4385 adiacet
612 4331 697 4384 terra
714 4321 868 4386 nobilium
886 4319 1134 4406 Spoletinorum,
1153 4329 1184 4384 et
1200 4320 1319 4384 ibidem
1337 4320 1450 4384 subtus
1468 4322 1573 4405 ipsum
1590 4341 1705 4384 saxum
1723 4329 1797 4384 sunt

118 4429 188 4511 ripe
206 4447 270 4488 non
289 4423 422 4488 modice.
439 4423 511 4490 Hac
526 4437 600 4490 sunt
616 4449 692 4490 vero
707 4428 836 4492 nomina
853 4429 1004 4508 virorum,
1023 4427 1076 4512 qui
1094 4425 1331 4490 introductione
1343 4435 1375 4492 et
1391 4427 1574 4490 ostensione
1592 4426 1686 4490 buius
1703 4427 1795 4489 terri·

118 4533 191 4596 torii
216 4531 357 4594 fuerunt.
381 4529 418 4593 ln
443 4532 554 4617 primis
576 4555 704 4618 quoque
728 4531 797 4596 duo·
816 4535 916 4596 nostri
940 4531 1107 4596 aduocati:
1134 4531 1258 4610 Petrus,
1283 4527 1457 4616 Girgutelli
1481 4529 1575 4611 filius,
1600 4541 1632 4594 et
1655 4529 1684 4594 V
1688 4527 1793 4594 uicina
1818 4571 1821 4582 ,

119 4637 195 4718 Viti,
220 4635 473 4722 archipresbiter
496 4635 536 4701 de
560 4636 650 4702 Oilco
673 4640 801 4702 nomine
826 4637 974 4718 Vilcotta,
998 4637 1099 4702 Beros
1123 4638 1175 4720 qui
1197 4635 1339 4719 Agimbo
1373 4635 1406 4722 (a
1439 4634 1601 4721 Gimbo'l)
1632 4637 1798 4722 premitur,

119 4744 210 4826 Iuan,
237 4740 380 4821 Chualie,
407 4765 507 4826 nepos
531 4743 660 4825 Arseni,
685 4743 837 4808 Tollinna
860 4743 899 4820 de
923 4741 1068 4820 Brechle,
1094 4741 1228 4806 Gruban
1252 4742 1376 4818 Zanici,
1397 4743 1452 4827 qui
1475 4751 1524 4806 est
1552 4749 1699 4805 ostensor
1730 4765 1799 4826 pre-

119 4850 193 4914 dicti
218 4847 381 4928 territorii,
406 4847 518 4912 Museo
542 4847 683 4932 Jadreiz,
708 4849 837 4934 Dragoe
862 4847 957 4930 Siloe,
983 4849 1098 4914 Milesa
1122 4871 1224 4934 nepus
1248 4847 1343 4930 Ozor,
1370 4847 1515 4934 Rugona,
1549 4847 1635 4914 filius
1670 4847 1800 4930 Striani,

118 4953 302 5039 Stephanus
326 4975 408 5034 cum⁸
424 4975 482 5018 euo
506 4953 605 5020 fratre
628 4953 759 5038 Bacula,
784 4955 904 5020 ibidem
928 4935 1141 5018 vero‘Micha
1162 4953 1403 5037 Malanarate,³
1426 4953 1582 5019 Sabacius
1606 4953 1752 5020 clericus.

268 5081 432 5138 Surremani
454 5085 548 5154 prepis
572 5103 608 5141 na
630 5086 794 5158 pergameni
819 5103 837 5140 u
854 5085 960 5144 arkiru
983 5083 1180 5154 huludjericah
1203 5102 1242 5138 sr.
1265 5083 1366 5154 Marije
1388 5100 1408 5138 u
1430 5083 1532 5138 Zadru.

281 5275 291 5310 ¹
314 5273 436 5333 'l'lraldic'
455 5279 486 5348 je
502 5275 593 5332 ditao:
617 5275 711 5335 Vires.
738 5273 859 5335 'dedan
879 5283 976 5334 vreten
992 5277 1049 5332 ima
1066 5277 1105 5331 12
1122 5275 1250 5350 gvoadah
1266 5276 1298 5331 ili
1313 5275 1466 5332 klaftarah.
1495 5271 1552 5331 ³ili
1564 5276 1658 5333 incola
1670 5277 1800 5335 Nerate?
