4300 5930
320 421 390 490 tus

318 615 495 698 Lacerari,
519 639 591 681 oum
615 603 816 702 pertinentiis
836 615 917 698 suis,
941 616 1111 684 ecelesiam
1138 626 1321 682 sanctorum
1351 615 1510 682 Jobannis
1541 625 1573 681 et
1603 615 1745 682 Victoris
1777 616 1895 702 Tilagi,
1925 639 2002 682 cnm

323 721 524 808 pertinentiis
547 725 624 804 suis,
648 733 681 786 et
702 720 874 786 ecclesiam
897 724 1000 788 sancti
1028 722 1180 786 Damiani
1205 721 1357 786 Barbinei
1381 743 1456 786 eum
1479 723 1682 808 pertinentiis
1706 723 1782 801 suis,
1799 732 1918 788 terram
1936 720 1998 788 Cae

324 825 458 912 perleui,
482 836 600 890 terram
624 824 825 907 Secherrani,
849 837 967 892 terram
992 827 1097 892 Barda
1121 837 1153 892 et
1175 837 1294 892 terram
1317 825 1559 910 Sulcbtonarra
1591 827 1759 892 ecclesiam
1795 830 1897 892 saneti
1935 825 1998 892 Ge·

326 932 409 1017 orgii
432 953 505 996 cum
527 940 594 996 tota
616 930 721 995 insula
745 929 866 1016 Mauni,
891 942 924 998 et
947 934 1141 1020 piscationes
1166 955 1277 998 omues
1310 933 1507 1017 pertinentes
1529 931 1570 996 ad
1605 954 1675 997 vos.
1713 931 1798 998 Sane
1833 929 1998 996 noualium

322 1047 504 1104 vastrorum
528 1059 591 1123 que
616 1039 753 1124 propriis
777 1037 927 1102 manibus
950 1049 1006 1104 aut
1033 1037 1216 1126 sumptibus
1246 1037 1362 1118 colitis,
1395 1039 1465 1102 siue
1496 1037 1537 1102 de
1569 1039 1772 1102 nutrimentis
1807 1035 1997 1102 animalium

324 1155 515 1226 vestrorum,
538 1142 646 1208 nullus
669 1166 689 1206 a
712 1142 805 1208 vobis
827 1143 970 1208 decimas
994 1147 1127 1229 exigere
1151 1143 1203 1209 vel
1219 1155 1412 1229 extorquere
1431 1152 1605 1232 presumat.
1630 1143 1743 1208 Liceat
1758 1164 1888 1230 quoque
1904 1142 2000 1208 vobis

318 1247 459 1314 clericos
481 1247 534 1312 vel
557 1247 655 1313 laicos
679 1247 798 1313 liberos
821 1258 855 1312 et
875 1247 1043 1315 absolutos
1074 1272 1092 1314 e
1118 1248 1226 1314 seculo
1251 1248 1411 1334 fugientes
1441 1249 1483 1314 ad
1515 1251 1759 1314 conuersionem
1784 1250 1931 1334 recipere
1965 1257 2000 1310 et

309 1373 379 1420 'eos
402 1352 526 1439 absque
549 1351 802 1418 contradictione
824 1352 934 1439 aliqua
956 1357 1104 1420 retinere.
1130 1353 1343 1418 Prohibemus
1366 1357 1507 1440 insuper,
1539 1361 1576 1418 ut
1597 1353 1677 1430 nulli
1715 1353 1848 1418 fratrum
1879 1363 2003 1416 vestro-

323 1482 393 1524 rum
417 1468 490 1546 post
510 1457 629 1523 factam
651 1459 684 1521 in
706 1455 820 1522 eodem
845 1461 1038 1524 monasterio
1062 1459 1306 1545 professionem,
1321 1457 1377 1522 ¹fas
1401 1460 1444 1523 sit
1466 1457 1506 1522 de
1529 1458 1642 1522 eodem
1674 1459 1745 1524 loco
1764 1459 1826 1522 nisi
1850 1457 2002 1522 arctioris

323 1565 490 1650 religionis
513 1573 646 1651 optentu
676 1563 853 1647 discedere,
889 1563 1111 1630 discedentem
1146 1587 1223 1629 vero
1257 1564 1381 1651 absque
1417 1567 1601 1630 comanium
1635 1563 1811 1628 litterarum
1844 1563 2001 1626 cantione

266 1657 271 1668 ¹
323 1670 431 1736 nullus
452 1670 571 1736 audeat
594 1671 740 1735 retinere.
766 1668 848 1734 Cum
872 1680 979 1736 autem
1004 1669 1156 1756 generale
1177 1670 1383 1735 interdictum
1409 1683 1493 1734 terre
1516 1669 1623 1750 luerit,
1646 1667 1743 1732 liceat
1766 1667 1864 1732 vobis
1878 1665 2001 1730 clausis

213 1837 215 1841 .
322 1777 437 1858 ianuis,
461 1775 603 1840 exclusis
626 1777 883 1840 excomunicatis
908 1786 939 1840 at
962 1776 1152 1858 interdictis,
1170 1797 1233 1840 non
1251 1773 1385 1859 pulsatis
1402 1777 1577 1861 campanis,
1594 1792 1768 1861 suppressa
1783 1793 1873 1854 voce,
1891 1771 2004 1835 diuina

324 1879 433 1946 officia
455 1879 629 1946 celebrare.
652 1878 780 1945 Orisma
802 1903 889 1964 vero,
914 1880 1020 1947 oleum
1044 1891 1200 1962 sanctum,
1225 1883 1484 1945 consecrationes
1507 1881 1658 1952 altarium
1687 1901 1745 1944 seu
1775 1875 1999 1956 basilicarum,

324 1985 543 2050 ordinationes
578 1985 809 2052 monachorum
849 2008 906 2050 eeu
941 1985 1129 2052 clericorum
1165 1995 1368 2068 vestrorum,
1407 1989 1462 2072 qui
1494 1984 1536 2050 ad
1570 2007 1686 2068 sacros
1716 1982 1846 2050 ordines
1879 1981 2004 2046 inerint

325 2091 546 2178 promouendi,
578 2113 598 2155 a
628 2091 799 2156 diocesano
831 2092 1013 2177 suscipietis
1034 2093 1195 2179 episcopo,
1219 2090 1378 2176 siqnidem
1395 2089 1571 2156 catholicus
1588 2089 1685 2154 fuerit
1700 2099 1733 2153 et
1748 2091 1885 2174 gratiam
1902 2097 2002 2172 atque

323 2197 548 2262 comunionem
573 2195 749 2283 apostolice
772 2195 860 2261 sedis
882 2195 1041 2278 babuerit,
1067 2208 1100 2262 et
1122 2220 1160 2263 ea
1183 2196 1276 2288 vobis
1301 2197 1402 2280 gratis
1425 2205 1458 2259 et
1473 2195 1543 2259 sine
1559 2196 1718 2280 pronitate
1734 2192 1844 2280 aliqua
1860 2191 2004 2256 voluerit

320 2299 492 2382 ‚exhibere
515 2301 659 2390 alioquin
680 2301 775 2367 liceat
797 2301 891 2366 vobis
913 2323 1151 2389 quemcumque
1173 2301 1350 2366 malueritis
1373 2300 1464 2366 adire
1496 2301 1683 2382 antistitem,
1715 2300 1852 2383 gratiam
1884 2305 1918 2362 et
1947 2318 2001 2361 co·

325 2409 510 2472 munionem
532 2405 709 2494 apostolice
732 2406 820 2472 sedis
844 2405 1027 2490 habentem,
1051 2410 1106 2494 qni
1129 2416 1240 2473 nostra
1262 2406 1363 2471 fretus
1393 2408 1593 2487 auctoritate,
1629 2405 1734 2488 vobis,
1768 2402 1856 2490 quod
1888 2411 2002 2488 postu·

212 2587 214 2592 ¹
322 2511 416 2594 latur,
440 2511 617 2596 indulgeat.
640 2509 846 2599 Sepulturam
879 2521 1027 2598 preterea
1061 2514 1162 2600 ipsius
1193 2512 1255 2576 loci
1290 2511 1424 2576 liberam
1457 2533 1529 2576 esse
1565 2511 1779 2590 decernimus,
1815 2519 1851 2572 nt
1886 2527 1999 2572 sorum

324 2617 489 2682 deuotioni
512 2626 544 2682 et
565 2629 711 2681 extreme
731 2617 898 2700 voluntati,
924 2619 981 2704 qui
1001 2639 1035 2681 sc
1061 2616 1129 2682 illic
1151 2615 1281 2703 sepeliri
1305 2617 1578 2697 deliberauerunt,
1602 2616 1664 2680 nisi
1695 2614 1779 2680 forte
1809 2615 1999 2678 excomuni-

322 2723 385 2787 cati
410 2720 462 2786 vel
485 2721 647 2788 interdicti
667 2723 743 2802 sint,
768 2721 876 2788 nullus
899 2722 1044 2804 obsistat,
1072 2721 1163 2791 salua
1184 2731 1293 2789 tamen
1316 2723 1439 2786 iustitia
1460 2721 1589 2788 illarum
1607 2720 1827 2804 ecclesiarum,
1842 2717 1999 2806 aquibus

322 2836 521 2892 mortuorum
545 2849 680 2912 corpora
703 2837 921 2892 assumuntur.
947 2826 1097 2893 Obsunte
1121 2849 1198 2892 vero
1222 2837 1253 2892 te
1277 2849 1363 2892 nunc
1386 2827 1531 2892 eiusdem
1555 2826 1618 2891 loci
1640 2826 1769 2908 abbate,
1793 2824 1999 2890 veltuorum

322 2929 470 3018 quolibet
494 2953 716 2996 successorum
741 2931 848 2998 nullus
871 2931 916 2996 ibi
940 2931 1086 3018 qualibet
1107 2935 1320 3020 surreptionis
1351 2934 1471 2998 astutia
1505 2955 1563 2998 seu
1598 2931 1754 3000 violentia
1785 2940 1998 3018 proponatur,

323 3038 386 3101 nisi
409 3058 506 3122 quem
530 3035 646 3102 fratres
670 3037 798 3101 comuni
822 3059 991 3121 consensu,
1016 3037 1069 3102 vel
1091 3037 1225 3104 fratrum
1248 3061 1323 3126 pars
1347 3037 1473 3104 consilii
1494 3040 1640 3122 sanioris,
1665 3035 1842 3102 secundum
1874 3036 1927 3101 dei
1961 3036 1999 3100 ti-

323 3163 445 3208 marem
469 3151 502 3206 et
522 3140 609 3207 beati
635 3140 805 3207 Benedicti
840 3141 985 3229 regulam
1019 3144 1221 3231 prouiderint
1254 3144 1450 3230 eligendum.
1486 3144 1700 3210 Decernimus
1735 3166 1823 3228 ergo,
1849 3152 1886 3208 ut
1918 3139 1999 3206 nulli

323 3248 453 3311 omnino
475 3245 641 3312 huminum
665 3245 762 3312 liceat
784 3246 944 3333 prefatum
969 3251 1199 3318 monasterium
1224 3261 1345 3318 temere
1370 3251 1568 3337 perturbare,
1591 3261 1647 3317 aut
1670 3253 1739 3316 eius
1773 3250 1998 3338 possessiones

325 3351 462 3436 auferre,
485 3351 536 3416 vel
559 3351 684 3416 ablatas
707 3354 855 3434 retinere,
879 3354 1033 3437 minuere,
1053 3375 1110 3419 seu
1133 3355 1332 3442 quibuslibet
1361 3356 1589 3444 vexationibus
1621 3356 1767 3444 fatigare,
1799 3355 1858 3422 aed
1890 3353 1998 3420 omnis

326 3458 453 3541 integra
467 3467 499 3522 et
521 3456 646 3522 illibata
669 3467 838 3522 seruentur
861 3481 982 3541 eorum,
1006 3482 1064 3545 pro
1089 3481 1224 3546 quorum
1249 3461 1482 3548 gubernatione
1513 3484 1552 3526 ac
1582 3463 1815 3528 sustentatione
1845 3480 1999 3526 concessa

326 3573 420 3642 sunt,
460 3563 572 3628 usibus
610 3563 804 3629 omnimodis
845 3563 1032 3650 profutura,
1066 3565 1158 3630 salua
1198 3567 1285 3632 sedis
1320 3567 1496 3654 apostolice
1537 3569 1746 3632 auctoritate.
1764 3576 1796 3631 et
1832 3565 1995 3631 diecesani

286 3717 294 3736 ι
324 3671 468 3756 episcopi
492 3672 647 3734 canonica
669 3671 800 3737 iustitia.
822 3670 857 3735 si
882 3693 947 3756 qua
971 3672 1070 3755 igitur
1091 3673 1124 3735 in
1147 3671 1290 3740 futurum
1308 3672 1529 3739 ecclesiastica
1545 3671 1740 3738 secularisue
1756 3693 1896 3760 persona
1912 3669 1992 3736 hanc

323 3785 433 3839 nostre
455 3777 693 3840 constitutionis
724 3777 877 3863 paginam
914 3777 1019 3841 sciens
1054 3787 1165 3841 contra
1201 3801 1272 3842 eam
1307 3789 1428 3844 temere
1462 3780 1573 3844 venire
1609 3779 1822 3864 temptauerit,
1853 3775 1993 3842 secundo

323 3881 465 3945 tercioue
488 3883 699 3964 commonita3
722 3884 785 3947 nisi
808 3891 932 3948 reatum
957 3905 1050 3948 suum
1074 3907 1218 3969 congrua
1242 3883 1461 3950 satisfactione
1485 3885 1673 3966 correxerit,
1695 3884 1873 3970 potestatis,
1898 3881 1995 3946 hono·

322 3986 431 4071 risque
455 3987 505 4050 sui
530 3985 686 4070 dignitate
710 3997 826 4070 careat,
853 4009 1006 4074 reamque
1027 4011 1062 4054 se
1085 3989 1195 4054 diuino
1220 3990 1338 4056 iudicio
1370 3992 1510 4056 existere
1539 3989 1579 4054 da
1611 3999 1794 4076 perpetrata
1824 3991 1992 4076 iniqui-tate

323 4100 508 4174 cognoscat,
532 4101 565 4156 et
585 4113 605 4155 a
628 4093 847 4157 sacratissimo
870 4115 1004 4180 corpore
1028 4117 1066 4158 ac
1090 4097 1246 4179 sanguiue
1271 4095 1321 4160 dei
1346 4105 1378 4160 at
1401 4095 1522 4161 domini
1546 4094 1758 4181 redemptoris
1775 4096 1877 4159 nostri
1893 4093 1992 4160 Jbesn

324 4195 443 4262 Christi
467 4195 660 4278 alienafiat,
684 4207 780 4283 atque
804 4200 837 4263 in
861 4209 1006 4266 extremo
1030 4204 1180 4266 examine
1204 4201 1348 4267 districte
1370 4201 1485 4266 ultioni
1516 4202 1697 4280 subiaceat,
1730 4205 1855 4265 cunctis
1885 4209 1990 4268 antem

323 4302 427 4367 eidem
450 4303 519 4367 loco
543 4325 602 4368 sua
625 4304 696 4368 iura
719 4304 932 4385 sernentibus,
956 4307 998 4369 sit
1021 4327 1085 4391 pax
1108 4305 1228 4370 domini
1256 4309 1356 4371 nostri
1393 4306 1495 4371 Jbesn
1531 4305 1661 4386 Christi,
1686 4307 1838 4392 quatinus
1873 4317 1905 4370 et
1935 4305 1986 4370 hic

324 4407 463 4474 fructum
487 4408 571 4476 bone
594 4409 731 4474 actionis
755 4411 936 4496 percipient
960 4420 991 4475 et
1014 4411 1101 4496 apud
1125 4411 1305 4477 districtum
1330 4413 1469 4478 iudicem
1494 4413 1616 4498 premia
1640 4422 1749 4477 eterne
1779 4412 1869 4498 pacis
1901 4411 1986 4475 inne-

324 4515 423 4580 niant.
449 4516 561 4579 Amen.

513 4618 585 4705 Ego
610 4617 795 4685 Oclestinus
818 4619 976 4686 catholice
1001 4621 1138 4687 ecclesie
1161 4626 1343 4710 episcopus.

471 4724 588 4810 †Ilgo
611 4725 761 4810 Albinus,
785 4725 936 4792 albanen.
961 4750 1028 4814 eps.
1054 4750 1093 4792 m.
1119 4750 1149 4814 p.

470 4831 587 4916 †Ego
610 4831 810 4897 Octauianus
834 4832 988 4898 hostiens.
1012 4843 1045 4898 et
1068 4833 1252 4900 velletrens.
1275 4858 1332 4921 eps
1366 4835 1407 4900 in.
1433 4857 1463 4922 p.

470 4939 492 5020 †
514 4935 586 5024 Ego
610 4937 802 5020 Pandulfus,
828 4937 911 5004 basil
933 4937 1002 5002 XlI
1023 4925 1125 5025 aplor.
1152 4940 1241 5006 card.
1270 4943 1338 5027 pbr.
1362 4963 1404 5005 m.
1430 4963 1459 5026 p.

472 5041 589 5127 †Ego
611 5041 776 5108 Jordanus
801 5065 864 5110 sce.
890 5043 1011 5110 Puden.
1036 5051 1072 5110 tt.
1098 5044 1241 5110 Pastoris
1264 5045 1334 5131 pbr.
1358 5045 1446 5111 card.
1472 5067 1512 5110 m.
1534 5067 1566 5133 p.

471 5148 585 5234 †Ego
609 5148 776 5214 Johannes
799 5161 833 5215 tt.
860 5151 910 5216 sti.
936 5149 1114 5216 Clementis
1137 5151 1223 5216 card.
1249 5153 1416 5217 viterbien.
1441 5161 1472 5216 ct
1495 5153 1630 5217 tuscien.
1654 5175 1722 5238 aps.
1747 5175 1790 5217 m.
1814 5173 1847 5238 p.

471 5253 586 5342 †Ego
609 5251 706 5340 Hngo
727 5255 835 5342 presb.
858 5255 945 5321 eard.
969 5259 1039 5322 ecti.
1062 5255 1194 5323 Martini
1217 5266 1253 5322 tt.
1278 5255 1402 5344 Equitii
1425 5279 1467 5323 m.
1491 5280 1523 5345 p.
