4310 5918
258 451 329 518 ¹140

263 644 368 709 aderit
391 647 504 730 pietas,
533 643 731 728 duplicatum
756 637 913 728 precium.
938 627 1136 708 detumeat
1158 641 1219 706 hoo
1241 645 1274 706 in
1297 651 1405 707 vestro
1429 643 1623 706 monasterio
1644 640 1704 706 sub
1720 663 1850 706 camera
1865 639 1953 704 beati

265 749 421 831 Danielis,
447 751 571 835 subque
595 751 715 812 noticia
730 747 850 812 horum
875 751 1014 830 testium,
1039 759 1114 813 ante
1137 767 1273 834 quorum
1296 749 1490 834 presentiam
1514 747 1674 832 prefectos
1700 746 1797 810 michi
1830 745 1955 810 dedisti

254 855 405 926 solidos:
444 855 627 942 Stephanus
650 852 837 919 ‘inderensis
877 855 1057 942 episcopus,
1087 854 1193 920 Maius
1226 853 1381 919 diaconus
1413 865 1446 919 et
1479 852 1654 918 monachus
1685 853 1785 934 testis,
1820 851 1952 916 Patrico

266 961 435 1048 Pezenego
459 964 560 1026 testis.

415 1109 523 1178 Matina
544 1127 564 1194 ¹u
587 1108 711 1192 gubern,
732 1107 898 1170 zedarskom
922 1108 1033 1167 arkiru.
1058 1108 1143 1182 Cape.
1167 1111 1191 1168 1.
1217 1109 1311 1167 Masso
1334 1109 1371 1168 H.
1395 1109 1438 1169 br.
1458 1109 1486 1170 i.

673 1321 831 1405 CLXV.
853 1322 971 1446 χ1071ι
1000 1323 1038 1424 β.
1066 1322 1229 1424 srpnla.
1257 1323 1294 1406 U
1322 1321 1550 1422 Belgradu.

583 1487 731 1546 erasmo
751 1485 811 1546 rr.
836 1484 918 1559 orae
939 1484 1084 1560 omaso,
1108 1481 1247 1566 trecop
1268 1483 1342 1558 rope
1361 1485 1507 1558 saepes
1523 1485 1637 1554 rassae,

417 1675 511 1738 Anno
534 1672 576 1739 ab
599 1675 825 1740 incarnatione
849 1672 983 1738 domini
991 1674 1092 1738 nostri
1115 1672 1218 1738 Jhesu
1243 1671 1362 1738 Christi
1388 1671 1545 1738 MLXXI.
1569 1673 1743 1740 indictione
1766 1671 1877 1738 VIIII.
1901 1672 1959 1736 die

268 1793 384 1846 octaua
425 1781 545 1876 mensis
590 1781 669 1845 iulii.
720 1777 882 1864 Tempore
925 1777 1046 1842 domini
1086 1777 1267 1844 Alexandri
1306 1801 1387 1866 pape
1430 1779 1519 1843 urbis
1554 1780 1666 1844 Rome.
1710 1779 1783 1864 Ego
1823 1776 1862 1842 C
1895 1799 1957 1842 rex

270 1885 411 1950 Dalmat'
389 1895 528 1967 tinorum
553 1908 592 1948 ac
615 1883 839 1964 Obroatorum‚
864 1881 995 1948 insimul
1017 1884 1097 1948 meis
1121 1905 1193 1948 cum
1218 1883 1429 1970 principibus,
1452 1885 1608 1949 iustitiam
1639 1885 1786 1949 arbensis
1814 1881 1956 1947 ecclesie

272 1967 460 2082 retinentes,
484 2000 516 2054 et
538 2013 610 2054 eam
635 1992 667 2054 in
691 1991 891 2076 protectione
921 1995 1031 2052 nostra
1057 1989 1280 2073 suscipientes,
1313 1988 1462 2054 volumus
1493 2000 1525 2055 et
1556 1999 1710 2075 perpetuo
1741 1991 1813 2055 iure
1843 2010 1954 2052 assen-

272 2099 388 2162 tientes
411 2095 587 2178 firmamus,
611 2106 646 2159 ut
668 2095 755 2162 diota
778 2093 915 2160 ecclesia
938 2092 1056 2158 habeat
1078 2115 1153 2158 suas
1177 2093 1356 2180 parochias,
1384 2094 1547 2159 silicet:
1539 2117 1680 2182 ruppam,
1704 2117 1768 2181 que
1798 2094 1860 2159 fuit
1892 2092 1955 2158 sub

264 2193 414 2300 alpibus,
437 2226 457 2265 a
480 2213 586 2267 castro
610 2199 708 2266 latine
731 2198 862 2266 Musula
885 2200 1035 2280 vocitato,
1058 2197 1241 2265 sclauonice
1264 2198 1400 2288 Stenipe,
1414 2223 1515 2286 usque
1540 2200 1582 2264 ad
1597 2199 1732 2264 fluuium
1748 2197 1899 2286 Oopriue',
1916 2206 1951 2262 et

278 2297 449 2378 ecclesiam
480 2308 584 2374 sancti
616 2306 791 2391 Georgii'
782 2329 816 2370 ιιι
847 2305 980 2387 Banna,
1010 2304 1143 2370 Kissam
1174 2307 1241 2370 suis
1272 2329 1346 2370 cum
1376 2307 1585 2391 pertinentiis,
1619 2314 1745 2370 tantum
1776 2306 1956 2368 retinentes

272 2415 345 2508 de
337 2437 405 2498 rure
430 2435 487 2502 suo
512 2435 632 2500 paucas
656 2411 750 2476 villas
774 2411 865 2496 Pagi,
888 2409 1015 2499 Pepaui,
1039 2408 1241 2492 Murowlani,
1264 2409 1408 2500 Wlasipi,
1432 2433 1523 2497 quas,
1548 2421 1580 2475 et
1597 2412 1623 2475 si
1646 2433 1706 2498 pro
1723 2409 1807 2474 malo
1823 2407 1958 2492 habent,
1984 2468 1996 2482 ,

274 2541 358 2606 nouo
375 2491 524 2584 dedimus
539 2519 691 2604 episcopo
704 2519 851 2592 nonensi.
864 2516 1006 2602 Juppam
1018 2514 1174 2598 Licche,
1166 2539 1298 2604 sappam
1317 2519 1434 2606 Bupani
1452 2527 1483 2582 et
1499 2516 1649 2606 Bepachi.
1663 2516 1707 2590 Et
1722 2516 1784 2582 hoc
1800 2524 1959 2580 statutum

276 2596 424 2692 volumus
447 2609 602 2712 perpetuo
623 2622 812 2688 inuiolabile
836 2643 976 2704 manere,
1001 2622 1085 2686 sicut
1107 2643 1236 2708 semper
1258 2647 1278 2688 a
1301 2623 1477 2688 maioribus
1499 2635 1576 2688 natu
1597 2623 1770 2688 didicimus
1790 2621 1900 2686 dicte
1890 2645 1959 2686 rem

274 2717 409 2794 ecclesie
432 2727 621 2794 inuiolabile
646 2728 834 2814 perstitisse.
859 2725 1065 2813 Quicumque
1088 2728 1187 2811 igitur
1209 2731 1328 2793 nostris
1343 2729 1384 2794 de
1399 2731 1640 2796 successoribus
1657 2729 1718 2794 hoo
1735 2728 1942 2814 priuilegium

220 2853 224 2862 '
274 2821 463 2927 perturbare
487 2843 519 2899 et
542 2835 572 2898 ei
597 2835 663 2898 vim
687 2833 816 2898 infferre
839 2832 948 2918 aliquo
964 2831 1129 2898 molimine
1142 2837 1376 2920 atemptauerit,
1393 2845 1503 2900 nostro
1520 2835 1640 2900 iudicio
1658 2833 1797 2920 pellatur
1812 2858 1832 2898 a
1844 2855 1961 2917 regno.

225 2975 230 2987 =
276 2941 326 3029 De
349 2938 555 3022 inferioribus
579 2940 755 3004 sanetimue
779 2960 974 3024 componere
997 2947 1126 3004 centum
1157 2939 1256 3004 libras
1286 2943 1366 3021 auri,
1401 2941 1504 3024 regali
1527 2943 1616 3005 curie
1652 2940 1881 3019 meditetatem,
1918 2951 1953 3003 et

275 3034 387 3138 sancte
411 3031 554 3130 predicte
580 3042 708 3109 orbensi
735 3043 872 3110 ecclesio
902 3043 999 3108 aliam
1028 3044 1242 3112 medietatem.
1274 3045 1327 3112 Ad
1360 3047 1508 3112 roborem
1539 3059 1571 3110 et
1601 3049 1748 3130 vigorem
1782 3055 1959 3131 nostreque

275 3149 398 3215 cartule
422 3151 570 3230 dationis,
594 3150 852 3236 assentionisque
875 3151 1005 3232 iustitie,
1029 3151 1158 3214 mitram
1182 3153 1321 3215 nominis
1346 3155 1447 3216 nostri
1478 3154 1632 3239 inpressis
1656 3151 1771 3215 litteris
1789 3139 1962 3236 ⁴prelibata

276 3255 437 3320 donamus
461 3255 614 3335 ecclesie,
648 3265 679 3320 et
710 3256 811 3319 nostri
844 3253 986 3340 sigilli
977 3258 1178 3340 rnpressione
1207 3257 1365 3322 firmando
1401 3258 1599 3322 roboramus.
1633 3255 1829 3320 Indictione
1848 3255 1960 3320 VIIII.

277 3360 398 3424 Datum
423 3371 472 3425 est
497 3361 557 3425 hoc
581 3359 789 3446 priuilegium
813 3359 945 3424 arbensi
979 3360 1149 3426 ecclesie'
1140 3385 1174 3426 ιιι
1207 3372 1312 3426 castro
1344 3362 1514 3449 Belgrado,
1551 3385 1608 3486 per
1643 3383 1757 3426 manus
1791 3359 1951 3425 Johsnnis

277 3465 412 3532 diaconi
437 3475 469 3530 et
492 3465 614 3530 domini
637 3466 724 3548 regis
749 3467 874 3544 notarii,
899 3487 1007 3530 coram
1032 3468 1160 3530 comuni
1185 3469 1284 3534 curia.

426 3612 468 3667 Od
493 3613 574 3667 sdola
591 3611 644 3666 visi
663 3609 783 3668 rotiana
802 3610 892 3682 pecat,
914 3629 951 3666 ne
974 3611 1050 3683 kojoj
1076 3630 1105 3668 se
1129 3614 1184 3669 ridi
1208 3613 1311 3686 sjedsti
1336 3634 1370 3670 na
1388 3615 1481 3671 stolioi
1497 3615 1580 3690 hralJ',
1604 3615 1651 3684 hoj
1669 3633 1687 3668 ιι
1703 3615 1801 3685 desnoj
1819 3615 1877 3669 ruci
1898 3615 1965 3670 deti

277 3705 376 3774 injesto
400 3701 486 3769 hanla,
509 3701 602 3770 palicu
634 3700 776 3766 slierorn,
807 3717 823 3754 a
855 3719 871 3753 ιι
896 3699 978 3770 lievoj
1015 3701 1119 3772 kruglu
1157 3703 1254 3758 svieta.
1290 3704 1333 3760 Na
1364 3705 1448 3758 okolo
1478 3703 1595 3787 nadpis:
1627 3701 1813 3759 SlGlLLUhd
1844 3701 1961 3759 REGIS

281 3789 476 3845 ORESlMlRI
492 3788 611 3842 DALM.
635 3787 685 3842 Ac
710 3787 874 3842 CHROAT.
898 3787 1016 3842 laverna
1038 3788 1135 3842 listina
1157 3789 1268 3846 durana
1290 3792 1326 3846 do
1349 3791 1418 3846 sada
1441 3809 1459 3846 u
1475 3791 1648 3862 piemohrani
1663 3789 1764 3844 obdine
1780 3790 1890 3860 rabslre,
1909 3809 1961 3847 na-

285 3879 338 3932 lsai
363 3895 394 3933 se
414 3895 448 3932 aa
470 3875 555 3948 njelro
579 3875 682 3931 vrieme
705 3893 723 3930 u
746 3875 884 3948 Zagrebu,
907 3875 964 3931 lrod
987 3875 1187 3948 predsjeduilsa
1206 3879 1311 3951 jugosl.
1334 3879 1492 3950 alrademije
1514 3897 1593 3952 gosp.
1617 3880 1682 3934 han.
1705 3877 1849 3950 Radhoga.

959 4095 1145 4179 ouxvl.
1172 4090 1282 4174 1071.

283 4277 398 4342 Obtina
416 4279 516 4352 pasca
531 4279 659 4354 predere
681 4282 856 4339 eaoroetanu
879 4277 1208 4339 honestanestone.
1225 4271 1381 4340 Milionia,
1397 4287 1418 4328 a
1440 4271 1503 4329 seta
1524 4267 1701 4339 Spartianus,
1719 4267 1783 4339 sooj
1798 4269 1955 4324 eomosten

283 4404 325 4448 so.
351 4387 445 4446 Petro
467 4385 516 4461 (dc
541 4379 672 4463 Nimbis)
695 4401 730 4442 sa
753 4384 930 4458 suejednimt'
949 4380 1067 4462 emljidi
1089 4384 1101 4441 i
1123 4398 1160 4441 ea
1181 4379 1328 4440 enatnimi
1350 4375 1489 4446 deltodct,·
1512 4374 1586 4433 ostm
1609 4372 1743 4432 dohodta
1755 4371 1895 4446 pristine,
1913 4371 1966 4444 koj

912 4489 1044 4563 eripede
1059 4487 1217 4548 retstoma
1229 4487 1332 4546 tneau.

419 4624 535 4691 'Anno
559 4626 601 4691 ab
626 4627 849 4691 incarnatione
872 4624 993 4690 domini
1018 4625 1119 4690 nostri
1142 4623 1223 4689 Jesu
1247 4619 1368 4687 Christi
1392 4615 1549 4684 MLXXI.
1568 4615 1741 4681 indictione
1757 4636 1850 4679 nona.
1867 4613 1968 4678 Tem·

284 4755 360 4817 pore
390 4729 557 4795 Oresimiri
583 4731 844 4798 Dalmatinorum
865 4741 897 4796 et
917 4729 1113 4796 Creatorum
1126 4730 1223 4814 regis,
1237 4736 1269 4792 et
1285 4726 1386 4809 Dragi
1401 4723 1548 4788 arbensis
1565 4722 1718 4808 episcopi.
1739 4719 1807 4784 Nos
1824 4717 1967 4804 denique

284 4839 431 4902 kesensis
455 4839 644 4920 aemunitas,
669 4839 745 4923 quia
768 4838 828 4902 deo
853 4847 885 4902 et
908 4839 1102 4902 monasterio
1126 4836 1229 4900 sancti
1254 4829 1423 4896 Michaelis
1447 4829 1488 4894 de
1511 4827 1700 4910 Sansicoue,
1723 4827 1757 4889 in
1787 4823 1965 4911 primordio

284 4944 496 5010 edificationis
520 4943 621 5028 ipsius
645 4945 841 5025 monasterii,
868 4923 992 5008 occulte
1016 4950 1049 5012 et
1071 4951 1181 5028 aperte
1205 4939 1407 5020 offendimus,
1431 4947 1463 5000 et
1480 4935 1556 5021 quia
1573 4932 1652 4997 deus
1670 4953 1728 4996 sua
1744 4927 1969 4994 misericordia

285 5073 343 5112 nos
368 5072 425 5133 per
448 5047 680 5112 reuelationem
703 5051 805 5114 sancti
830 5048 956 5114 Nicolai
980 5049 1135 5128 uisitauit,
1160 5045 1247 5132 quod
1269 5055 1394 5130 strages
1419 5064 1483 5128 qua
1506 5039 1716 5126 deprimimur
1740 5037 1782 5101 ob
1805 5033 1837 5100 id
1867 5057 1970 5120 super

286 5177 345 5217 nos
369 5152 563 5235 deuenisset‚
589 5156 718 5218 comuni
742 5155 886 5229 consilio,
911 5176 968 5241 pro
992 5153 1215 5220 emendatione
1236 5149 1319 5216 mele
1343 5149 1431 5230 facti,
1456 5143 1544 5232 quod
1564 5139 1711 5226 fecimus,
1733 5141 1891 5207 donamus
1910 5161 1971 5204 no-

286 5271 387 5323 strum
405 5261 634 5323 monasterium
648 5261 750 5324 sancti
764 5260 851 5324 Petri
868 5260 908 5324 de
924 5259 1059 5324 Neumis
1075 5259 1085 5296 ¹
1101 5256 1214 5321 insulis
1231 5255 1425 5320 monasterio
1442 5251 1629 5331 Sansicoue,
1647 5271 1719 5312 cum
1737 5249 1804 5312 suis
1820 5246 1970 5330 utrisque

288 5363 401 5455 insulis
417 5361 561 5445 Neumis,
587 5375 618 5430 et
635 5388 743 5432 eorum
763 5367 973 5451 pertinentiis,
991 5373 1023 5430 et
1042 5385 1114 5430 cum
1131 5361 1244 5428 decem
1261 5359 1352 5425 libris
1369 5355 1515 5440 ecclesie,
1534 5365 1566 5420 et
1582 5353 1686 5419 tribus
1702 5355 1818 5417 aratris
1835 5350 1973 5435 bouum,
