<?xml version="1.0" encoding="UTF-8"?>
<!DOCTYPE html PUBLIC "-//W3C//DTD XHTML 1.0 Transitional//EN"
    "http://www.w3.org/TR/xhtml1/DTD/xhtml1-transitional.dtd">
<html xmlns="http://www.w3.org/1999/xhtml" xml:lang="en" lang="en">
 <head>
  <title>
</title>
<meta http-equiv="Content-Type" content="text/html;charset=utf-8" />
  <meta name='ocr-system' content='tesseract 3.04.00' />
  <meta name='ocr-capabilities' content='ocr_page ocr_carea ocr_par ocr_line ocrx_word'/>
</head>
<body>
  <div class='ocr_page' id='page_1' title='image "./codexdiplomatic00unkngoog_0476.png"; bbox 0 0 4300 5930; ppageno 0'>
   <div class='ocr_carea' id='block_1_1' title="bbox 883 608 1276 692">
    <p class='ocr_par' dir='ltr' id='par_1_1' title="bbox 883 608 1276 692">
     <span class='ocr_line' id='line_1_1' title="bbox 883 608 1276 692; baseline -0.008 0"><span class='ocrx_word' id='word_1_1' title='bbox 883 655 885 662; x_wconf 44' lang='lat'><strong>⁴</strong></span> <span class='ocrx_word' id='word_1_2' title='bbox 997 608 1141 692; x_wconf 79' lang='lat' dir='ltr'>cxcl.</span> <span class='ocrx_word' id='word_1_3' title='bbox 1169 609 1276 692; x_wconf 76' lang='lat'>1187.</span> 
     </span>
    </p>
   </div>
   <div class='ocr_carea' id='block_1_2' title="bbox 298 782 1984 992">
    <p class='ocr_par' dir='ltr' id='par_1_2' title="bbox 298 782 1984 992">
     <span class='ocr_line' id='line_1_2' title="bbox 298 782 1984 865; baseline -0.005 -15"><span class='ocrx_word' id='word_1_4' title='bbox 298 791 413 865; x_wconf 67' lang='lat' dir='ltr'>Durum</span> <span class='ocrx_word' id='word_1_5' title='bbox 435 793 484 850; x_wconf 77' lang='lat' dir='ltr'>sin</span> <span class='ocrx_word' id='word_1_6' title='bbox 510 789 725 864; x_wconf 79' lang='lat' dir='ltr'>l&#39;restarrrijeo,</span> <span class='ocrx_word' id='word_1_7' title='bbox 747 809 783 850; x_wconf 84' lang='lat' dir='ltr'>su</span> <span class='ocrx_word' id='word_1_8' title='bbox 805 793 923 864; x_wconf 80' lang='lat' dir='ltr'>soojtms&#39;</span> <span class='ocrx_word' id='word_1_9' title='bbox 945 792 1068 864; x_wconf 79' lang='lat' dir='ltr'>rodjoes&#39;,</span> <span class='ocrx_word' id='word_1_10' title='bbox 1091 791 1197 849; x_wconf 74' lang='lat' dir='ltr'>dotrina</span> <span class='ocrx_word' id='word_1_11' title='bbox 1223 807 1263 862; x_wconf 83' lang='lat' dir='ltr'>po</span> <span class='ocrx_word' id='word_1_12' title='bbox 1295 788 1388 848; x_wconf 78' lang='lat' dir='ltr'>irrelrs&#39;</span> <span class='ocrx_word' id='word_1_13' title='bbox 1413 787 1555 860; x_wconf 74' lang='lat' dir='ltr'>pristena</span> <span class='ocrx_word' id='word_1_14' title='bbox 1582 787 1688 860; x_wconf 77' lang='lat' dir='ltr'>remlju</span> <span class='ocrx_word' id='word_1_15' title='bbox 1719 784 1810 845; x_wconf 80' lang='lat' dir='ltr'>Brest</span> <span class='ocrx_word' id='word_1_16' title='bbox 1837 783 1899 857; x_wconf 75' lang='lat' dir='ltr'>poe</span> <span class='ocrx_word' id='word_1_17' title='bbox 1929 782 1984 842; x_wconf 83' lang='lat' dir='ltr'>Pe·</span> 
     </span>
     <span class='ocr_line' id='line_1_3' title="bbox 575 901 1703 992; baseline -0.002 -19"><span class='ocrx_word' id='word_1_18' title='bbox 575 932 692 984; x_wconf 83' lang='lat' dir='ltr'>runem,</span> <span class='ocrx_word' id='word_1_19' title='bbox 717 911 859 992; x_wconf 71' lang='lat' dir='ltr'>‹lorujuet</span> <span class='ocrx_word' id='word_1_20' title='bbox 878 916 914 986; x_wconf 72' lang='lat' dir='ltr'>ja</span> <span class='ocrx_word' id='word_1_21' title='bbox 936 906 1043 975; x_wconf 78' lang='lat' dir='ltr'>rotiem</span> <span class='ocrx_word' id='word_1_22' title='bbox 1065 917 1240 973; x_wconf 81' lang='lat' dir='ltr'>somostaau</span> <span class='ocrx_word' id='word_1_23' title='bbox 1262 929 1304 971; x_wconf 84' lang='lat' dir='ltr'>so.</span> <span class='ocrx_word' id='word_1_24' title='bbox 1328 911 1474 985; x_wconf 65' lang='lat' dir='ltr'>scopora</span> <span class='ocrx_word' id='word_1_25' title='bbox 1497 909 1555 971; x_wconf 76' lang='lat' dir='ltr'>leod</span> <span class='ocrx_word' id='word_1_26' title='bbox 1578 901 1703 983; x_wconf 74' lang='lat' dir='ltr'>Spljetu.</span> 
     </span>
    </p>
   </div>
   <div class='ocr_carea' id='block_1_3' title="bbox 956 1099 1325 1187">
    <p class='ocr_par' dir='ltr' id='par_1_3' title="bbox 956 1099 1325 1187">
     <span class='ocr_line' id='line_1_4' title="bbox 956 1099 1325 1187; baseline 0 -23"><span class='ocrx_word' id='word_1_27' title='bbox 956 1099 1152 1187; x_wconf 85' lang='lat' dir='ltr'>(Talijauski</span> <span class='ocrx_word' id='word_1_28' title='bbox 1177 1099 1325 1187; x_wconf 88' lang='lat' dir='ltr'>prevod.)</span> 
     </span>
    </p>
   </div>
   <div class='ocr_carea' id='block_1_4' title="bbox 301 1253 1989 3347">
    <p class='ocr_par' dir='ltr' id='par_1_4' title="bbox 301 1253 1985 2608">
     <span class='ocr_line' id='line_1_5' title="bbox 458 1253 1984 1351; baseline -0.005 -26"><span class='ocrx_word' id='word_1_29' title='bbox 458 1260 520 1326; x_wconf 87' lang='lat' dir='ltr'>Nel</span> <span class='ocrx_word' id='word_1_30' title='bbox 545 1282 637 1351; x_wconf 79' lang='lat' dir='ltr'>nome</span> <span class='ocrx_word' id='word_1_31' title='bbox 662 1259 693 1324; x_wconf 92' lang='lat' dir='ltr'>di</span> <span class='ocrx_word' id='word_1_32' title='bbox 720 1259 857 1324; x_wconf 80' lang='lat' dir='ltr'>Christo.</span> <span class='ocrx_word' id='word_1_33' title='bbox 890 1259 927 1322; x_wconf 93' lang='lat' dir='ltr'>L’</span> <span class='ocrx_word' id='word_1_34' title='bbox 959 1282 1042 1323; x_wconf 86' lang='lat' dir='ltr'>auno</span> <span class='ocrx_word' id='word_1_35' title='bbox 1078 1259 1160 1323; x_wconf 55' lang='lat' dir='ltr'>dall*</span> <span class='ocrx_word' id='word_1_36' title='bbox 1191 1259 1416 1323; x_wconf 85' lang='lat' dir='ltr'>lucernatione</span> <span class='ocrx_word' id='word_1_37' title='bbox 1456 1257 1488 1321; x_wconf 90' lang='lat' dir='ltr'>di</span> <span class='ocrx_word' id='word_1_38' title='bbox 1527 1257 1572 1322; x_wconf 92' lang='lat' dir='ltr'>lui</span> <span class='ocrx_word' id='word_1_39' title='bbox 1606 1254 1879 1322; x_wconf 83' lang='lat' dir='ltr'>MOLXXXVII.</span> <span class='ocrx_word' id='word_1_40' title='bbox 1916 1253 1984 1319; x_wconf 89' lang='lat' dir='ltr'>nell</span> 
     </span>
     <span class='ocr_line' id='line_1_6' title="bbox 302 1359 1985 1451; baseline -0.004 -21"><span class='ocrx_word' id='word_1_41' title='bbox 302 1367 476 1431; x_wconf 90' lang='lat' dir='ltr'>indictione</span> <span class='ocrx_word' id='word_1_42' title='bbox 499 1365 538 1432; x_wconf 89' lang='lat' dir='ltr'>V.</span> <span class='ocrx_word' id='word_1_43' title='bbox 562 1364 624 1431; x_wconf 85' lang='lat' dir='ltr'>Nel</span> <span class='ocrx_word' id='word_1_44' title='bbox 648 1374 756 1451; x_wconf 89' lang='lat' dir='ltr'>tempo</span> <span class='ocrx_word' id='word_1_45' title='bbox 788 1364 823 1429; x_wconf 91' lang='lat' dir='ltr'>di·</span> <span class='ocrx_word' id='word_1_46' title='bbox 856 1363 1026 1429; x_wconf 82' lang='lat' dir='ltr'>Grubeeca</span> <span class='ocrx_word' id='word_1_47' title='bbox 1057 1362 1160 1430; x_wconf 83' lang='lat' dir='ltr'>Ooute</span> <span class='ocrx_word' id='word_1_48' title='bbox 1196 1363 1336 1428; x_wconf 88' lang='lat' dir='ltr'>Vilcottu</span> <span class='ocrx_word' id='word_1_49' title='bbox 1371 1362 1509 1428; x_wconf 82' lang='lat' dir='ltr'>Giudice</span> <span class='ocrx_word' id='word_1_50' title='bbox 1545 1373 1587 1426; x_wconf 81' lang='lat' dir='ltr'>et</span> <span class='ocrx_word' id='word_1_51' title='bbox 1611 1364 1766 1427; x_wconf 80' lang='lat' dir='ltr'>vicariatu</span> <span class='ocrx_word' id='word_1_52' title='bbox 1797 1360 1830 1426; x_wconf 91' lang='lat' dir='ltr'>di</span> <span class='ocrx_word' id='word_1_53' title='bbox 1863 1359 1985 1426; x_wconf 84' lang='lat' dir='ltr'>Cosmo</span> 
     </span>
     <span class='ocr_line' id='line_1_7' title="bbox 301 1465 1984 1557; baseline -0.004 -21"><span class='ocrx_word' id='word_1_54' title='bbox 301 1493 420 1557; x_wconf 86' lang='lat' dir='ltr'>genero</span> <span class='ocrx_word' id='word_1_55' title='bbox 444 1470 476 1535; x_wconf 92' lang='lat' dir='ltr'>di</span> <span class='ocrx_word' id='word_1_56' title='bbox 512 1472 675 1535; x_wconf 85' lang='lat' dir='ltr'>Giovsnui</span> <span class='ocrx_word' id='word_1_57' title='bbox 697 1470 828 1534; x_wconf 91' lang='lat' dir='ltr'>Budico.</span> <span class='ocrx_word' id='word_1_58' title='bbox 850 1469 885 1534; x_wconf 87' lang='lat' dir='ltr'>Io</span> <span class='ocrx_word' id='word_1_59' title='bbox 911 1469 1029 1534; x_wconf 90' lang='lat' dir='ltr'>Doimo</span> <span class='ocrx_word' id='word_1_60' title='bbox 1053 1469 1174 1554; x_wconf 82' lang='lat' dir='ltr'>figliolo</span> <span class='ocrx_word' id='word_1_61' title='bbox 1198 1469 1230 1533; x_wconf 92' lang='lat' dir='ltr'>di</span> <span class='ocrx_word' id='word_1_62' title='bbox 1254 1469 1439 1551; x_wconf 80' lang='lat' dir='ltr'>Prestenzo,</span> <span class='ocrx_word' id='word_1_63' title='bbox 1471 1467 1511 1533; x_wconf 93' lang='lat' dir='ltr'>ho</span> <span class='ocrx_word' id='word_1_64' title='bbox 1546 1468 1625 1532; x_wconf 87' lang='lat' dir='ltr'>fatto</span> <span class='ocrx_word' id='word_1_65' title='bbox 1661 1465 1729 1531; x_wconf 84' lang='lat' dir='ltr'>iare</span> <span class='ocrx_word' id='word_1_66' title='bbox 1752 1476 1867 1552; x_wconf 83' lang='lat' dir='ltr'>questa</span> <span class='ocrx_word' id='word_1_67' title='bbox 1891 1476 1984 1530; x_wconf 81' lang='lat' dir='ltr'>cartu</span> 
     </span>
     <span class='ocr_line' id='line_1_8' title="bbox 301 1569 1980 1660; baseline -0.004 -20"><span class='ocrx_word' id='word_1_68' title='bbox 301 1576 334 1640; x_wconf 94' lang='lat' dir='ltr'>di</span> <span class='ocrx_word' id='word_1_69' title='bbox 360 1585 562 1641; x_wconf 82' lang='lat' dir='ltr'>testamento.</span> <span class='ocrx_word' id='word_1_70' title='bbox 589 1574 690 1640; x_wconf 83' lang='lat' dir='ltr'>Come</span> <span class='ocrx_word' id='word_1_71' title='bbox 714 1574 934 1660; x_wconf 86' lang='lat' dir='ltr'>pretendepdo</span> <span class='ocrx_word' id='word_1_72' title='bbox 958 1573 1065 1639; x_wconf 85' lang='lat' dir='ltr'>Cerna</span> <span class='ocrx_word' id='word_1_73' title='bbox 1089 1573 1209 1657; x_wconf 84' lang='lat' dir='ltr'>figliolo</span> <span class='ocrx_word' id='word_1_74' title='bbox 1234 1573 1265 1638; x_wconf 91' lang='lat' dir='ltr'>di</span> <span class='ocrx_word' id='word_1_75' title='bbox 1291 1571 1430 1660; x_wconf 77' lang='lat' dir='ltr'>Urappa,</span> <span class='ocrx_word' id='word_1_76' title='bbox 1455 1572 1514 1636; x_wconf 90' lang='lat' dir='ltr'>che</span> <span class='ocrx_word' id='word_1_77' title='bbox 1538 1572 1568 1636; x_wconf 89' lang='lat' dir='ltr'>le</span> <span class='ocrx_word' id='word_1_78' title='bbox 1592 1584 1676 1636; x_wconf 87' lang='lat' dir='ltr'>terre</span> <span class='ocrx_word' id='word_1_79' title='bbox 1702 1581 1792 1658; x_wconf 87' lang='lat' dir='ltr'>poste</span> <span class='ocrx_word' id='word_1_80' title='bbox 1814 1574 1846 1636; x_wconf 91' lang='lat' dir='ltr'>in</span> <span class='ocrx_word' id='word_1_81' title='bbox 1871 1569 1980 1650; x_wconf 89' lang='lat' dir='ltr'>Breet,</span> 
     </span>
     <span class='ocr_line' id='line_1_9' title="bbox 302 1669 1985 1764; baseline -0.004 -19"><span class='ocrx_word' id='word_1_82' title='bbox 302 1681 394 1745; x_wconf 91' lang='lat' dir='ltr'>luuco</span> <span class='ocrx_word' id='word_1_83' title='bbox 420 1680 507 1744; x_wconf 89' lang='lat' dir='ltr'>detto</span> <span class='ocrx_word' id='word_1_84' title='bbox 531 1678 626 1744; x_wconf 90' lang='lat' dir='ltr'>Olmo</span> <span class='ocrx_word' id='word_1_85' title='bbox 650 1669 732 1745; x_wconf 81' lang='lat' dir='ltr'>sotto</span> <span class='ocrx_word' id='word_1_86' title='bbox 757 1680 872 1762; x_wconf 89' lang='lat' dir='ltr'>Perun,</span> <span class='ocrx_word' id='word_1_87' title='bbox 897 1680 1021 1745; x_wconf 85' lang='lat' dir='ltr'>fossero</span> <span class='ocrx_word' id='word_1_88' title='bbox 1046 1689 1128 1744; x_wconf 86' lang='lat' dir='ltr'>state</span> <span class='ocrx_word' id='word_1_89' title='bbox 1152 1674 1192 1744; x_wconf 90' lang='lat' dir='ltr'>de</span> <span class='ocrx_word' id='word_1_90' title='bbox 1217 1681 1287 1744; x_wconf 89' lang='lat' dir='ltr'>suoi</span> <span class='ocrx_word' id='word_1_91' title='bbox 1318 1677 1515 1760; x_wconf 77' lang='lat' dir='ltr'>ascendenti,</span> <span class='ocrx_word' id='word_1_92' title='bbox 1538 1689 1571 1743; x_wconf 91' lang='lat' dir='ltr'>et</span> <span class='ocrx_word' id='word_1_93' title='bbox 1592 1677 1764 1764; x_wconf 86' lang='lat' dir='ltr'>allegando</span> <span class='ocrx_word' id='word_1_94' title='bbox 1797 1700 1855 1764; x_wconf 88' lang='lat' dir='ltr'>per</span> <span class='ocrx_word' id='word_1_95' title='bbox 1890 1677 1985 1740; x_wconf 87' lang='lat' dir='ltr'>testi·</span> 
     </span>
     <span class='ocr_line' id='line_1_10' title="bbox 303 1781 1984 1871; baseline -0.002 -22"><span class='ocrx_word' id='word_1_96' title='bbox 303 1787 412 1850; x_wconf 88' lang='lat' dir='ltr'>monio</span> <span class='ocrx_word' id='word_1_97' title='bbox 437 1784 542 1850; x_wconf 90' lang='lat' dir='ltr'>Vilico</span> <span class='ocrx_word' id='word_1_98' title='bbox 560 1784 679 1871; x_wconf 73' lang='lat' dir='ltr'>figliolo</span> <span class='ocrx_word' id='word_1_99' title='bbox 702 1783 735 1850; x_wconf 92' lang='lat' dir='ltr'>di</span> <span class='ocrx_word' id='word_1_100' title='bbox 758 1785 918 1850; x_wconf 87' lang='lat' dir='ltr'>Rusomeo</span> <span class='ocrx_word' id='word_1_101' title='bbox 938 1785 1096 1867; x_wconf 89' lang='lat' dir='ltr'>Vescovo,</span> <span class='ocrx_word' id='word_1_102' title='bbox 1114 1787 1272 1871; x_wconf 86' lang='lat' dir='ltr'>arciprete</span> <span class='ocrx_word' id='word_1_103' title='bbox 1289 1783 1329 1849; x_wconf 93' lang='lat' dir='ltr'>de</span> <span class='ocrx_word' id='word_1_104' title='bbox 1346 1783 1462 1866; x_wconf 81' lang='lat' dir='ltr'>Olissa,</span> <span class='ocrx_word' id='word_1_105' title='bbox 1481 1783 1642 1848; x_wconf 88' lang='lat' dir='ltr'>Pristaldo</span> <span class='ocrx_word' id='word_1_106' title='bbox 1657 1781 1743 1848; x_wconf 91' lang='lat' dir='ltr'>delle</span> <span class='ocrx_word' id='word_1_107' title='bbox 1759 1793 1869 1848; x_wconf 89' lang='lat' dir='ltr'>nostre</span> <span class='ocrx_word' id='word_1_108' title='bbox 1886 1788 1984 1863; x_wconf 83' lang='lat' dir='ltr'>terre,</span> 
     </span>
     <span class='ocr_line' id='line_1_11' title="bbox 303 1887 1977 1976; baseline -0.002 -21"><span class='ocrx_word' id='word_1_109' title='bbox 303 1890 459 1957; x_wconf 85' lang='lat' dir='ltr'>dicendo:</span> <span class='ocrx_word' id='word_1_110' title='bbox 481 1890 540 1956; x_wconf 88' lang='lat' dir='ltr'>che</span> <span class='ocrx_word' id='word_1_111' title='bbox 566 1913 638 1957; x_wconf 88' lang='lat' dir='ltr'>esso</span> <span class='ocrx_word' id='word_1_112' title='bbox 663 1889 790 1956; x_wconf 85' lang='lat' dir='ltr'>havera</span> <span class='ocrx_word' id='word_1_113' title='bbox 813 1893 938 1964; x_wconf 88' lang='lat' dir='ltr'>sentito,</span> <span class='ocrx_word' id='word_1_114' title='bbox 963 1902 1086 1956; x_wconf 82' lang='lat' dir='ltr'><strong>mentre</strong></span> <span class='ocrx_word' id='word_1_115' title='bbox 1109 1891 1309 1956; x_wconf 86' lang='lat' dir='ltr'>Stressimiro</span> <span class='ocrx_word' id='word_1_116' title='bbox 1333 1889 1489 1954; x_wconf 84' lang='lat' dir='ltr'>lavorara</span> <span class='ocrx_word' id='word_1_117' title='bbox 1513 1911 1584 1954; x_wconf 89' lang='lat' dir='ltr'>esee</span> <span class='ocrx_word' id='word_1_118' title='bbox 1616 1899 1701 1954; x_wconf 90' lang='lat' dir='ltr'>terre</span> <span class='ocrx_word' id='word_1_119' title='bbox 1731 1910 1788 1976; x_wconf 88' lang='lat' dir='ltr'>per</span> <span class='ocrx_word' id='word_1_120' title='bbox 1818 1897 1910 1974; x_wconf 85' lang='lat' dir='ltr'>parte</span> <span class='ocrx_word' id='word_1_121' title='bbox 1942 1887 1977 1952; x_wconf 88' lang='lat' dir='ltr'>di</span> 
     </span>
     <span class='ocr_line' id='line_1_12' title="bbox 305 1981 1977 2084; baseline -0.003 -23"><span class='ocrx_word' id='word_1_122' title='bbox 305 1994 405 2062; x_wconf 81' lang='lat' dir='ltr'>(lirae</span> <span class='ocrx_word' id='word_1_123' title='bbox 429 1997 453 2060; x_wconf 82' lang='lat' dir='ltr'>s’</span> <span class='ocrx_word' id='word_1_124' title='bbox 478 2019 600 2084; x_wconf 82' lang='lat' dir='ltr'>oppono</span> <span class='ocrx_word' id='word_1_125' title='bbox 625 2007 657 2062; x_wconf 86' lang='lat' dir='ltr'>et</span> <span class='ocrx_word' id='word_1_126' title='bbox 679 1998 888 2080; x_wconf 87' lang='lat' dir='ltr'>contradisse,</span> <span class='ocrx_word' id='word_1_127' title='bbox 913 2006 945 2063; x_wconf 88' lang='lat' dir='ltr'>et</span> <span class='ocrx_word' id='word_1_128' title='bbox 966 1997 1157 2079; x_wconf 87' lang='lat' dir='ltr'>rimettendo</span> <span class='ocrx_word' id='word_1_129' title='bbox 1171 1981 1224 2061; x_wconf 51' lang='lat' dir='ltr'>*mi</span> <span class='ocrx_word' id='word_1_130' title='bbox 1249 2019 1267 2061; x_wconf 86' lang='lat' dir='ltr'>a</span> <span class='ocrx_word' id='word_1_131' title='bbox 1291 1995 1399 2082; x_wconf 87' lang='lat' dir='ltr'>quello</span> <span class='ocrx_word' id='word_1_132' title='bbox 1422 1994 1510 2058; x_wconf 85' lang='lat' dir='ltr'>fosse</span> <span class='ocrx_word' id='word_1_133' title='bbox 1534 1994 1576 2058; x_wconf 84' lang='lat' dir='ltr'>da</span> <span class='ocrx_word' id='word_1_134' title='bbox 1599 1993 1645 2059; x_wconf 91' lang='lat' dir='ltr'>lui</span> <span class='ocrx_word' id='word_1_135' title='bbox 1669 2003 1837 2074; x_wconf 84' lang='lat' dir='ltr'>orrestato,</span> <span class='ocrx_word' id='word_1_136' title='bbox 1854 1992 1977 2077; x_wconf 81' lang='lat' dir='ltr'>elegeo-</span> 
     </span>
     <span class='ocr_line' id='line_1_13' title="bbox 305 2097 1982 2186; baseline -0.004 -19"><span class='ocrx_word' id='word_1_137' title='bbox 305 2104 387 2168; x_wconf 87' lang='lat' dir='ltr'>simo</span> <span class='ocrx_word' id='word_1_138' title='bbox 411 2102 443 2167; x_wconf 93' lang='lat' dir='ltr'>di</span> <span class='ocrx_word' id='word_1_139' title='bbox 466 2123 593 2167; x_wconf 90' lang='lat' dir='ltr'>comum</span> <span class='ocrx_word' id='word_1_140' title='bbox 618 2123 776 2168; x_wconf 89' lang='lat' dir='ltr'>consenso</span> <span class='ocrx_word' id='word_1_141' title='bbox 800 2102 821 2166; x_wconf 95' lang='lat' dir='ltr'>il</span> <span class='ocrx_word' id='word_1_142' title='bbox 847 2101 935 2168; x_wconf 89' lang='lat' dir='ltr'>nobil</span> <span class='ocrx_word' id='word_1_143' title='bbox 959 2101 1077 2180; x_wconf 90' lang='lat' dir='ltr'>huomo</span> <span class='ocrx_word' id='word_1_144' title='bbox 1101 2101 1223 2167; x_wconf 88' lang='lat' dir='ltr'>Luoato</span> <span class='ocrx_word' id='word_1_145' title='bbox 1248 2101 1370 2186; x_wconf 85' lang='lat' dir='ltr'>figliolo</span> <span class='ocrx_word' id='word_1_146' title='bbox 1392 2101 1424 2164; x_wconf 91' lang='lat' dir='ltr'>di</span> <span class='ocrx_word' id='word_1_147' title='bbox 1457 2099 1578 2165; x_wconf 83' lang='lat' dir='ltr'>Stenna</span> <span class='ocrx_word' id='word_1_148' title='bbox 1607 2099 1739 2180; x_wconf 78' lang='lat' dir='ltr'>Stresio,</span> <span class='ocrx_word' id='word_1_149' title='bbox 1770 2101 1861 2164; x_wconf 83' lang='lat' dir='ltr'>accio</span> <span class='ocrx_word' id='word_1_150' title='bbox 1893 2097 1982 2164; x_wconf 87' lang='lat' dir='ltr'>fosse</span> 
     </span>
     <span class='ocr_line' id='line_1_14' title="bbox 306 2203 1981 2293; baseline -0.002 -21"><span class='ocrx_word' id='word_1_151' title='bbox 306 2216 415 2272; x_wconf 89' lang='lat' dir='ltr'>nostro</span> <span class='ocrx_word' id='word_1_152' title='bbox 438 2205 609 2290; x_wconf 86' lang='lat' dir='ltr'>Pristuldo,</span> <span class='ocrx_word' id='word_1_153' title='bbox 634 2203 666 2272; x_wconf 80' lang='lat' dir='ltr'>et</span> <span class='ocrx_word' id='word_1_154' title='bbox 686 2209 903 2293; x_wconf 78' lang='lat' dir='ltr'><strong>interrogasse</strong></span> <span class='ocrx_word' id='word_1_155' title='bbox 928 2207 950 2272; x_wconf 94' lang='lat' dir='ltr'>il</span> <span class='ocrx_word' id='word_1_156' title='bbox 975 2207 1005 2274; x_wconf 91' lang='lat' dir='ltr'>d.</span> <span class='ocrx_word' id='word_1_157' title='bbox 1032 2206 1128 2273; x_wconf 85' lang='lat' dir='ltr'>Uliro</span> <span class='ocrx_word' id='word_1_158' title='bbox 1149 2208 1181 2272; x_wconf 92' lang='lat' dir='ltr'>di</span> <span class='ocrx_word' id='word_1_159' title='bbox 1203 2217 1317 2293; x_wconf 90' lang='lat' dir='ltr'>questo</span> <span class='ocrx_word' id='word_1_160' title='bbox 1341 2207 1430 2270; x_wconf 83' lang='lat' dir='ltr'>fatto.</span> <span class='ocrx_word' id='word_1_161' title='bbox 1464 2205 1492 2270; x_wconf 96' lang='lat' dir='ltr'>Il</span> <span class='ocrx_word' id='word_1_162' title='bbox 1524 2205 1620 2292; x_wconf 85' lang='lat' dir='ltr'>quale</span> <span class='ocrx_word' id='word_1_163' title='bbox 1650 2203 1749 2270; x_wconf 88' lang='lat' dir='ltr'>Ulivo</span> <span class='ocrx_word' id='word_1_164' title='bbox 1781 2206 1981 2289; x_wconf 75' lang='lat' dir='ltr'>interrogato</span> 
     </span>
     <span class='ocr_line' id='line_1_15' title="bbox 305 2310 1983 2397; baseline -0.002 -20"><span class='ocrx_word' id='word_1_165' title='bbox 305 2311 359 2377; x_wconf 85' lang='lat' dir='ltr'>dal</span> <span class='ocrx_word' id='word_1_166' title='bbox 383 2321 493 2377; x_wconf 88' lang='lat' dir='ltr'>nostro</span> <span class='ocrx_word' id='word_1_167' title='bbox 517 2311 676 2378; x_wconf 84' lang='lat' dir='ltr'>Pristaldo</span> <span class='ocrx_word' id='word_1_168' title='bbox 701 2313 803 2378; x_wconf 88' lang='lat' dir='ltr'>disse:</span> <span class='ocrx_word' id='word_1_169' title='bbox 824 2313 884 2378; x_wconf 90' lang='lat' dir='ltr'>cbe</span> <span class='ocrx_word' id='word_1_170' title='bbox 908 2336 971 2377; x_wconf 91' lang='lat' dir='ltr'>non</span> <span class='ocrx_word' id='word_1_171' title='bbox 995 2312 1037 2378; x_wconf 88' lang='lat' dir='ltr'>ba</span> <span class='ocrx_word' id='word_1_172' title='bbox 1061 2315 1124 2378; x_wconf 89' lang='lat' dir='ltr'>mai</span> <span class='ocrx_word' id='word_1_173' title='bbox 1150 2311 1237 2378; x_wconf 89' lang='lat' dir='ltr'>ndito</span> <span class='ocrx_word' id='word_1_174' title='bbox 1261 2336 1301 2378; x_wconf 92' lang='lat' dir='ltr'>ne</span> <span class='ocrx_word' id='word_1_175' title='bbox 1314 2311 1529 2394; x_wconf 84' lang='lat' dir='ltr'>Stressimiro,</span> <span class='ocrx_word' id='word_1_176' title='bbox 1547 2334 1588 2378; x_wconf 89' lang='lat' dir='ltr'>ne</span> <span class='ocrx_word' id='word_1_177' title='bbox 1603 2311 1698 2377; x_wconf 87' lang='lat' dir='ltr'>alcun</span> <span class='ocrx_word' id='word_1_178' title='bbox 1715 2310 1798 2376; x_wconf 88' lang='lat' dir='ltr'>altro</span> <span class='ocrx_word' id='word_1_179' title='bbox 1814 2333 1872 2397; x_wconf 86' lang='lat' dir='ltr'>per</span> <span class='ocrx_word' id='word_1_180' title='bbox 1887 2331 1983 2374; x_wconf 89' lang='lat' dir='ltr'>nome</span> 
     </span>
     <span class='ocr_line' id='line_1_16' title="bbox 305 2405 1985 2500; baseline -0.001 -18"><span class='ocrx_word' id='word_1_181' title='bbox 305 2417 339 2482; x_wconf 89' lang='lat' dir='ltr'>di</span> <span class='ocrx_word' id='word_1_182' title='bbox 362 2417 441 2482; x_wconf 88' lang='lat' dir='ltr'>detti</span> <span class='ocrx_word' id='word_1_183' title='bbox 462 2416 573 2482; x_wconf 82' lang='lat' dir='ltr'>Cernu&#39;</span> <span class='ocrx_word' id='word_1_184' title='bbox 591 2417 840 2500; x_wconf 76' lang='lat' dir='ltr'>contradicente,</span> <span class='ocrx_word' id='word_1_185' title='bbox 864 2421 983 2484; x_wconf 76' lang='lat' dir='ltr'>ctuosi</span> <span class='ocrx_word' id='word_1_186' title='bbox 1008 2419 1113 2485; x_wconf 86' lang='lat' dir='ltr'>Cerna</span> <span class='ocrx_word' id='word_1_187' title='bbox 1134 2405 1241 2484; x_wconf 85' lang='lat' dir='ltr'>hebbe</span> <span class='ocrx_word' id='word_1_188' title='bbox 1266 2427 1358 2499; x_wconf 89' lang='lat' dir='ltr'>torto,</span> <span class='ocrx_word' id='word_1_189' title='bbox 1384 2427 1417 2482; x_wconf 89' lang='lat' dir='ltr'>et</span> <span class='ocrx_word' id='word_1_190' title='bbox 1439 2419 1470 2482; x_wconf 92' lang='lat' dir='ltr'>io</span> <span class='ocrx_word' id='word_1_191' title='bbox 1505 2417 1550 2483; x_wconf 88' lang='lat' dir='ltr'>fui</span> <span class='ocrx_word' id='word_1_192' title='bbox 1585 2409 1755 2484; x_wconf 58' lang='lat' dir='ltr'>vincitcrei</span> <span class='ocrx_word' id='word_1_193' title='bbox 1785 2416 1822 2482; x_wconf 90' lang='lat' dir='ltr'>Ic</span> <span class='ocrx_word' id='word_1_194' title='bbox 1850 2414 1985 2481; x_wconf 74' lang='lat' dir='ltr'>Sabatia</span> 
     </span>
     <span class='ocr_line' id='line_1_17' title="bbox 304 2522 1259 2608; baseline -0.002 -18"><span class='ocrx_word' id='word_1_195' title='bbox 304 2522 503 2590; x_wconf 87' lang='lat' dir='ltr'>subdiacono</span> <span class='ocrx_word' id='word_1_196' title='bbox 527 2523 648 2590; x_wconf 86' lang='lat' dir='ltr'>undaro</span> <span class='ocrx_word' id='word_1_197' title='bbox 672 2527 798 2608; x_wconf 86' lang='lat' dir='ltr'>giurato</span> <span class='ocrx_word' id='word_1_198' title='bbox 823 2522 875 2590; x_wconf 93' lang='lat' dir='ltr'>del</span> <span class='ocrx_word' id='word_1_199' title='bbox 899 2523 1046 2590; x_wconf 84' lang='lat' dir='ltr'>Oomune</span> <span class='ocrx_word' id='word_1_200' title='bbox 1069 2523 1110 2590; x_wconf 93' lang='lat' dir='ltr'>ho</span> <span class='ocrx_word' id='word_1_201' title='bbox 1136 2525 1259 2589; x_wconf 88' lang='lat' dir='ltr'>scritto.</span> 
     </span>
    </p>

    <p class='ocr_par' dir='ltr' id='par_1_5' title="bbox 304 2624 1989 3347">
     <span class='ocr_line' id='line_1_18' title="bbox 462 2624 1986 2724; baseline -0.005 -27"><span class='ocrx_word' id='word_1_202' title='bbox 462 2629 575 2697; x_wconf 85' lang='lat' dir='ltr'>Stante</span> <span class='ocrx_word' id='word_1_203' title='bbox 593 2629 623 2696; x_wconf 87' lang='lat' dir='ltr'>le</span> <span class='ocrx_word' id='word_1_204' title='bbox 647 2652 722 2696; x_wconf 89' lang='lat' dir='ltr'>cose</span> <span class='ocrx_word' id='word_1_205' title='bbox 744 2653 835 2696; x_wconf 88' lang='lat' dir='ltr'>come</span> <span class='ocrx_word' id='word_1_206' title='bbox 860 2653 877 2695; x_wconf 95' lang='lat' dir='ltr'>e</span> <span class='ocrx_word' id='word_1_207' title='bbox 900 2632 1057 2717; x_wconf 89' lang='lat' dir='ltr'>predetto,</span> <span class='ocrx_word' id='word_1_208' title='bbox 1082 2654 1099 2698; x_wconf 88' lang='lat' dir='ltr'>e</span> <span class='ocrx_word' id='word_1_209' title='bbox 1123 2633 1265 2718; x_wconf 89' lang='lat' dir='ltr'>piaciuto</span> <span class='ocrx_word' id='word_1_210' title='bbox 1298 2654 1319 2695; x_wconf 88' lang='lat' dir='ltr'>e</span> <span class='ocrx_word' id='word_1_211' title='bbox 1347 2653 1404 2724; x_wconf 17' lang='lat' dir='ltr'>,me</span> <span class='ocrx_word' id='word_1_212' title='bbox 1439 2630 1623 2718; x_wconf 84' lang='lat' dir='ltr'>sopradetto</span> <span class='ocrx_word' id='word_1_213' title='bbox 1647 2629 1766 2696; x_wconf 91' lang='lat' dir='ltr'>Doimo</span> <span class='ocrx_word' id='word_1_214' title='bbox 1801 2625 1926 2713; x_wconf 83' lang='lat' dir='ltr'>figliolo</span> <span class='ocrx_word' id='word_1_215' title='bbox 1951 2624 1986 2690; x_wconf 89' lang='lat' dir='ltr'>di</span> 
     </span>
     <span class='ocr_line' id='line_1_19' title="bbox 304 2729 1989 2824; baseline -0.002 -24"><span class='ocrx_word' id='word_1_216' title='bbox 304 2734 490 2816; x_wconf 80' lang='lat' dir='ltr'>Prestanno,</span> <span class='ocrx_word' id='word_1_217' title='bbox 513 2745 545 2800; x_wconf 86' lang='lat' dir='ltr'>et</span> <span class='ocrx_word' id='word_1_218' title='bbox 566 2759 586 2800; x_wconf 83' lang='lat' dir='ltr'>a</span> <span class='ocrx_word' id='word_1_219' title='bbox 607 2737 671 2801; x_wconf 91' lang='lat' dir='ltr'>mio</span> <span class='ocrx_word' id='word_1_220' title='bbox 694 2735 820 2802; x_wconf 82' lang='lat' dir='ltr'>fratello</span> <span class='ocrx_word' id='word_1_221' title='bbox 845 2736 953 2820; x_wconf 86' lang='lat' dir='ltr'>Stano,</span> <span class='ocrx_word' id='word_1_222' title='bbox 981 2745 1013 2802; x_wconf 85' lang='lat' dir='ltr'>et</span> <span class='ocrx_word' id='word_1_223' title='bbox 1033 2734 1088 2801; x_wconf 82' lang='lat' dir='ltr'>ulli</span> <span class='ocrx_word' id='word_1_224' title='bbox 1113 2738 1213 2802; x_wconf 69' lang='lat' dir='ltr'>noemi</span> <span class='ocrx_word' id='word_1_225' title='bbox 1238 2739 1363 2824; x_wconf 85' lang='lat' dir='ltr'>parenti</span> <span class='ocrx_word' id='word_1_226' title='bbox 1388 2735 1487 2802; x_wconf 86' lang='lat' dir='ltr'>Paolo</span> <span class='ocrx_word' id='word_1_227' title='bbox 1510 2735 1640 2818; x_wconf 87' lang='lat' dir='ltr'>Michel,</span> <span class='ocrx_word' id='word_1_228' title='bbox 1664 2733 1815 2800; x_wconf 85' lang='lat' dir='ltr'>Prodano</span> <span class='ocrx_word' id='word_1_229' title='bbox 1839 2743 1872 2800; x_wconf 86' lang='lat' dir='ltr'>et</span> <span class='ocrx_word' id='word_1_230' title='bbox 1904 2729 1989 2798; x_wconf 82' lang='lat' dir='ltr'>Glo-</span> 
     </span>
     <span class='ocr_line' id='line_1_20' title="bbox 305 2833 1989 2929; baseline -0.001 -25"><span class='ocrx_word' id='word_1_231' title='bbox 305 2843 403 2906; x_wconf 85' lang='lat' dir='ltr'>vsnui</span> <span class='ocrx_word' id='word_1_232' title='bbox 426 2833 530 2905; x_wconf 76' lang='lat' dir='ltr'>Maria</span> <span class='ocrx_word' id='word_1_233' title='bbox 553 2840 729 2923; x_wconf 81' lang='lat' dir='ltr'>Saranovo,</span> <span class='ocrx_word' id='word_1_234' title='bbox 754 2851 786 2906; x_wconf 90' lang='lat' dir='ltr'>et</span> <span class='ocrx_word' id='word_1_235' title='bbox 808 2843 881 2907; x_wconf 91' lang='lat' dir='ltr'>tutti</span> <span class='ocrx_word' id='word_1_236' title='bbox 905 2841 950 2927; x_wconf 86' lang='lat' dir='ltr'>gli</span> <span class='ocrx_word' id='word_1_237' title='bbox 973 2840 1047 2906; x_wconf 86' lang='lat' dir='ltr'>altri</span> <span class='ocrx_word' id='word_1_238' title='bbox 1070 2850 1158 2906; x_wconf 83' lang='lat' dir='ltr'>tento</span> <span class='ocrx_word' id='word_1_239' title='bbox 1184 2843 1341 2928; x_wconf 82' lang='lat' dir='ltr'>maggiori</span> <span class='ocrx_word' id='word_1_240' title='bbox 1365 2851 1485 2929; x_wconf 89' lang='lat' dir='ltr'>quanto</span> <span class='ocrx_word' id='word_1_241' title='bbox 1508 2843 1635 2926; x_wconf 89' lang='lat' dir='ltr'>minori,</span> <span class='ocrx_word' id='word_1_242' title='bbox 1651 2841 1725 2906; x_wconf 85' lang='lat' dir='ltr'>tutti</span> <span class='ocrx_word' id='word_1_243' title='bbox 1741 2840 1810 2904; x_wconf 90' lang='lat' dir='ltr'>cosi</span> <span class='ocrx_word' id='word_1_244' title='bbox 1826 2837 1989 2904; x_wconf 83' lang='lat' dir='ltr'>concordi</span> 
     </span>
     <span class='ocr_line' id='line_1_21' title="bbox 305 2941 1986 3034; baseline -0.001 -24"><span class='ocrx_word' id='word_1_245' title='bbox 305 2945 339 3010; x_wconf 89' lang='lat' dir='ltr'>di</span> <span class='ocrx_word' id='word_1_246' title='bbox 362 2944 440 3010; x_wconf 89' lang='lat' dir='ltr'>dare</span> <span class='ocrx_word' id='word_1_247' title='bbox 463 2943 494 3008; x_wconf 83' lang='lat' dir='ltr'>la</span> <span class='ocrx_word' id='word_1_248' title='bbox 519 2945 704 3031; x_wconf 84' lang='lat' dir='ltr'>sopradetta</span> <span class='ocrx_word' id='word_1_249' title='bbox 725 2941 817 3012; x_wconf 87' lang='lat' dir='ltr'>corte</span> <span class='ocrx_word' id='word_1_250' title='bbox 833 2969 894 3011; x_wconf 89' lang='lat' dir='ltr'>con</span> <span class='ocrx_word' id='word_1_251' title='bbox 916 2949 989 3012; x_wconf 92' lang='lat' dir='ltr'>tutti</span> <span class='ocrx_word' id='word_1_252' title='bbox 1012 2945 1042 3012; x_wconf 93' lang='lat' dir='ltr'>le</span> <span class='ocrx_word' id='word_1_253' title='bbox 1065 2956 1149 3012; x_wconf 88' lang='lat' dir='ltr'>terre</span> <span class='ocrx_word' id='word_1_254' title='bbox 1166 2945 1309 3012; x_wconf 79' lang='lat' dir='ltr'>lacerate</span> <span class='ocrx_word' id='word_1_255' title='bbox 1331 2958 1363 3011; x_wconf 90' lang='lat' dir='ltr'>et</span> <span class='ocrx_word' id='word_1_256' title='bbox 1386 2969 1450 3012; x_wconf 90' lang='lat' dir='ltr'>uon</span> <span class='ocrx_word' id='word_1_257' title='bbox 1475 2947 1629 3030; x_wconf 85' lang='lat' dir='ltr'>lavorate,</span> <span class='ocrx_word' id='word_1_258' title='bbox 1654 2947 1795 3013; x_wconf 83' lang='lat' dir='ltr'>comesi</span> <span class='ocrx_word' id='word_1_259' title='bbox 1817 2943 1986 3034; x_wconf 80' lang='lat' dir='ltr'>leggedal</span> 
     </span>
     <span class='ocr_line' id='line_1_22' title="bbox 306 3048 1984 3138; baseline 0 -24"><span class='ocrx_word' id='word_1_260' title='bbox 306 3052 463 3137; x_wconf 86' lang='lat' dir='ltr'>principio</span> <span class='ocrx_word' id='word_1_261' title='bbox 486 3049 517 3114; x_wconf 86' lang='lat' dir='ltr'>al</span> <span class='ocrx_word' id='word_1_262' title='bbox 541 3049 606 3115; x_wconf 90' lang='lat' dir='ltr'>line</span> <span class='ocrx_word' id='word_1_263' title='bbox 626 3049 666 3116; x_wconf 85' lang='lat' dir='ltr'>de</span> <span class='ocrx_word' id='word_1_264' title='bbox 690 3061 804 3138; x_wconf 90' lang='lat' dir='ltr'>questo</span> <span class='ocrx_word' id='word_1_265' title='bbox 828 3051 1007 3138; x_wconf 87' lang='lat' dir='ltr'>priuilegio,</span> <span class='ocrx_word' id='word_1_266' title='bbox 1031 3051 1063 3116; x_wconf 84' lang='lat' dir='ltr'>el</span> <span class='ocrx_word' id='word_1_267' title='bbox 1087 3055 1282 3117; x_wconf 79' lang='lat' dir='ltr'>monasterio</span> <span class='ocrx_word' id='word_1_268' title='bbox 1299 3051 1332 3117; x_wconf 93' lang='lat' dir='ltr'>di</span> <span class='ocrx_word' id='word_1_269' title='bbox 1348 3075 1406 3116; x_wconf 88' lang='lat' dir='ltr'>san</span> <span class='ocrx_word' id='word_1_270' title='bbox 1424 3052 1563 3135; x_wconf 80' lang='lat' dir='ltr'>Stefsnu,</span> <span class='ocrx_word' id='word_1_271' title='bbox 1581 3074 1639 3138; x_wconf 90' lang='lat' dir='ltr'>per</span> <span class='ocrx_word' id='word_1_272' title='bbox 1653 3050 1673 3115; x_wconf 90' lang='lat' dir='ltr'>l&#39;</span> <span class='ocrx_word' id='word_1_273' title='bbox 1691 3053 1799 3116; x_wconf 87' lang='lat' dir='ltr'>anima</span> <span class='ocrx_word' id='word_1_274' title='bbox 1816 3049 1850 3114; x_wconf 91' lang='lat' dir='ltr'>di</span> <span class='ocrx_word' id='word_1_275' title='bbox 1874 3048 1984 3136; x_wconf 90' lang='lat' dir='ltr'>quello</span> 
     </span>
     <span class='ocr_line' id='line_1_23' title="bbox 305 3153 1985 3244; baseline 0 -24"><span class='ocrx_word' id='word_1_276' title='bbox 305 3153 366 3220; x_wconf 90' lang='lat' dir='ltr'>che</span> <span class='ocrx_word' id='word_1_277' title='bbox 389 3154 408 3222; x_wconf 92' lang='lat' dir='ltr'>l’</span> <span class='ocrx_word' id='word_1_278' title='bbox 435 3156 572 3242; x_wconf 84' lang='lat' dir='ltr'>aguistb,</span> <span class='ocrx_word' id='word_1_279' title='bbox 597 3166 630 3222; x_wconf 87' lang='lat' dir='ltr'>et</span> <span class='ocrx_word' id='word_1_280' title='bbox 650 3155 683 3221; x_wconf 92' lang='lat' dir='ltr'>di</span> <span class='ocrx_word' id='word_1_281' title='bbox 707 3158 779 3221; x_wconf 89' lang='lat' dir='ltr'>tutti</span> <span class='ocrx_word' id='word_1_282' title='bbox 804 3155 825 3221; x_wconf 94' lang='lat' dir='ltr'>li</span> <span class='ocrx_word' id='word_1_283' title='bbox 853 3159 953 3222; x_wconf 81' lang='lat' dir='ltr'>nostri</span> <span class='ocrx_word' id='word_1_284' title='bbox 976 3159 1129 3222; x_wconf 87' lang='lat' dir='ltr'>antenati.</span> <span class='ocrx_word' id='word_1_285' title='bbox 1151 3157 1181 3222; x_wconf 85' lang='grc' dir='ltr'>Ε</span> <span class='ocrx_word' id='word_1_286' title='bbox 1204 3157 1269 3224; x_wconf 90' lang='lat' dir='ltr'>ben</span> <span class='ocrx_word' id='word_1_287' title='bbox 1292 3180 1381 3241; x_wconf 84' lang='lat' dir='ltr'>vero,</span> <span class='ocrx_word' id='word_1_288' title='bbox 1405 3155 1464 3223; x_wconf 91' lang='lat' dir='ltr'>che</span> <span class='ocrx_word' id='word_1_289' title='bbox 1492 3156 1523 3222; x_wconf 84' lang='lat' dir='ltr'>le</span> <span class='ocrx_word' id='word_1_290' title='bbox 1558 3179 1653 3244; x_wconf 81' lang='lat' dir='ltr'>spese</span> <span class='ocrx_word' id='word_1_291' title='bbox 1686 3155 1767 3222; x_wconf 76' lang='lat' dir='ltr'>t&#39;attu</span> <span class='ocrx_word' id='word_1_292' title='bbox 1797 3164 1830 3221; x_wconf 88' lang='lat' dir='ltr'>et</span> <span class='ocrx_word' id='word_1_293' title='bbox 1865 3163 1985 3242; x_wconf 80' lang='lat' dir='ltr'>questa</span> 
     </span>
     <span class='ocr_line' id='line_1_24' title="bbox 305 3251 1446 3347; baseline 0.004 -22"><span class='ocrx_word' id='word_1_294' title='bbox 305 3281 460 3347; x_wconf 85' lang='lat' dir='ltr'>recupera</span> <span class='ocrx_word' id='word_1_295' title='bbox 483 3259 543 3326; x_wconf 89' lang='lat' dir='ltr'>che</span> <span class='ocrx_word' id='word_1_296' title='bbox 565 3259 600 3325; x_wconf 80' lang='lat' dir='ltr'>sn</span> <span class='ocrx_word' id='word_1_297' title='bbox 624 3261 656 3326; x_wconf 91' lang='lat' dir='ltr'>di</span> <span class='ocrx_word' id='word_1_298' title='bbox 680 3251 724 3328; x_wconf 78' lang='lat'>20</span> <span class='ocrx_word' id='word_1_299' title='bbox 746 3262 917 3328; x_wconf 85' lang='lat' dir='ltr'>Romanati</span> <span class='ocrx_word' id='word_1_300' title='bbox 939 3263 974 3326; x_wconf 82' lang='lat' dir='ltr'>fn</span> <span class='ocrx_word' id='word_1_301' title='bbox 998 3262 1031 3328; x_wconf 89' lang='lat' dir='ltr'>di</span> <span class='ocrx_word' id='word_1_302' title='bbox 1055 3262 1140 3329; x_wconf 86' lang='lat' dir='ltr'>bona</span> <span class='ocrx_word' id='word_1_303' title='bbox 1163 3261 1216 3328; x_wconf 92' lang='lat' dir='ltr'>del</span> <span class='ocrx_word' id='word_1_304' title='bbox 1240 3265 1446 3329; x_wconf 75' lang='lat' dir='ltr'>monbsterio.</span> 
     </span>
    </p>
   </div>
   <div class='ocr_carea' id='block_1_5' title="bbox 306 3459 1978 3606">
    <p class='ocr_par' dir='ltr' id='par_1_6' title="bbox 306 3459 1978 3606">
     <span class='ocr_line' id='line_1_25' title="bbox 455 3459 1978 3535; baseline 0 -20"><span class='ocrx_word' id='word_1_305' title='bbox 455 3459 624 3517; x_wconf 90' lang='lat' dir='ltr'>Documeoti</span> <span class='ocrx_word' id='word_1_306' title='bbox 647 3461 675 3516; x_wconf 92' lang='lat' dir='ltr'>di</span> <span class='ocrx_word' id='word_1_307' title='bbox 694 3479 716 3518; x_wconf 89' lang='lat' dir='ltr'>s.</span> <span class='ocrx_word' id='word_1_308' title='bbox 742 3460 859 3517; x_wconf 79' lang='lat' dir='ltr'>Stefana</span> <span class='ocrx_word' id='word_1_309' title='bbox 883 3463 911 3518; x_wconf 89' lang='lat' dir='ltr'>di</span> <span class='ocrx_word' id='word_1_310' title='bbox 934 3461 1058 3534; x_wconf 81' lang='lat' dir='ltr'>Spelato.</span> <span class='ocrx_word' id='word_1_311' title='bbox 1082 3461 1209 3535; x_wconf 82' lang='lat' dir='ltr'>Bukopis</span> <span class='ocrx_word' id='word_1_312' title='bbox 1230 3481 1248 3516; x_wconf 96' lang='lat' dir='ltr'>u</span> <span class='ocrx_word' id='word_1_313' title='bbox 1273 3462 1406 3534; x_wconf 68' lang='lat' dir='ltr'>kojidoici</span> <span class='ocrx_word' id='word_1_314' title='bbox 1429 3463 1582 3534; x_wconf 81' lang='lat' dir='ltr'>mletsltkoj</span> <span class='ocrx_word' id='word_1_315' title='bbox 1607 3479 1647 3520; x_wconf 84' lang='lat' dir='ltr'>sr.</span> <span class='ocrx_word' id='word_1_316' title='bbox 1671 3461 1781 3519; x_wconf 80' lang='lat' dir='ltr'>Merka.</span> <span class='ocrx_word' id='word_1_317' title='bbox 1806 3460 1886 3518; x_wconf 81' lang='lat' dir='ltr'>MSS.</span> <span class='ocrx_word' id='word_1_318' title='bbox 1920 3462 1978 3516; x_wconf 83' lang='lat' dir='ltr'>lts·</span> 
     </span>
     <span class='ocr_line' id='line_1_26' title="bbox 306 3545 1712 3606; baseline 0.004 -2"><span class='ocrx_word' id='word_1_319' title='bbox 306 3548 375 3604; x_wconf 77' lang='lat' dir='ltr'>lieni</span> <span class='ocrx_word' id='word_1_320' title='bbox 399 3547 474 3606; x_wconf 73' lang='lat' dir='ltr'>ctos.</span> <span class='ocrx_word' id='word_1_321' title='bbox 499 3547 534 3604; x_wconf 91' lang='lat' dir='ltr'>V.</span> <span class='ocrx_word' id='word_1_322' title='bbox 557 3547 628 3606; x_wconf 82' lang='lat' dir='ltr'>cod.</span> <span class='ocrx_word' id='word_1_323' title='bbox 653 3547 772 3606; x_wconf 74' lang='lat' dir='ltr'>n1.ssr.</span> <span class='ocrx_word' id='word_1_324' title='bbox 798 3549 848 3606; x_wconf 80' lang='lat'>44.</span> <span class='ocrx_word' id='word_1_325' title='bbox 1708 3545 1712 3554; x_wconf 70' lang='grc'><strong>’</strong></span> 
     </span>
    </p>
   </div>
   <div class='ocr_carea' id='block_1_6' title="bbox 554 3811 1797 3944">
    <p class='ocr_par' dir='ltr' id='par_1_7' title="bbox 554 3811 1797 3944">
     <span class='ocr_line' id='line_1_27' title="bbox 554 3811 1797 3944; baseline 0 -22"><span class='ocrx_word' id='word_1_326' title='bbox 554 3838 718 3923; x_wconf 86' lang='lat' dir='ltr'>oxon.</span> <span class='ocrx_word' id='word_1_327' title='bbox 747 3838 836 3923; x_wconf 78' lang='lat' dir='ltr'>ouo</span> <span class='ocrx_word' id='word_1_328' title='bbox 863 3838 958 3940; x_wconf 76' lang='lat' dir='ltr'>gor.</span> <span class='ocrx_word' id='word_1_329' title='bbox 985 3840 1096 3923; x_wconf 83' lang='lat'>1188.</span> <span class='ocrx_word' id='word_1_330' title='bbox 1124 3842 1186 3924; x_wconf 80' lang='lat' dir='ltr'>re.</span> <span class='ocrx_word' id='word_1_331' title='bbox 1215 3837 1394 3944; x_wconf 71' lang='lat' dir='ltr'>venaco.</span> <span class='ocrx_word' id='word_1_332' title='bbox 1422 3841 1459 3924; x_wconf 87' lang='lat' dir='ltr'>n</span> <span class='ocrx_word' id='word_1_333' title='bbox 1487 3840 1720 3924; x_wconf 72' lang='lat' dir='ltr'>ueterano.</span> <span class='ocrx_word' id='word_1_334' title='bbox 1794 3811 1797 3816; x_wconf 81' lang='grc'><strong>’</strong></span> 
     </span>
    </p>
   </div>
   <div class='ocr_carea' id='block_1_7' title="bbox 308 4018 1986 4097">
    <p class='ocr_par' dir='ltr' id='par_1_8' title="bbox 308 4018 1986 4097">
     <span class='ocr_line' id='line_1_28' title="bbox 308 4018 1986 4097; baseline 0.001 -19"><span class='ocrx_word' id='word_1_335' title='bbox 308 4018 441 4079; x_wconf 81' lang='lat' dir='ltr'>Ktiment</span> <span class='ocrx_word' id='word_1_336' title='bbox 462 4019 532 4080; x_wconf 86' lang='lat' dir='ltr'><strong><em>III.</em></strong></span> <span class='ocrx_word' id='word_1_337' title='bbox 556 4035 646 4097; x_wconf 74' lang='lat' dir='ltr'>papa,</span> <span class='ocrx_word' id='word_1_338' title='bbox 666 4020 839 4094; x_wconf 68' lang='lat' dir='ltr'>poturdjsrje</span> <span class='ocrx_word' id='word_1_339' title='bbox 860 4023 1035 4082; x_wconf 75' lang='lat' dir='ltr'>comestura</span> <span class='ocrx_word' id='word_1_340' title='bbox 1057 4037 1097 4081; x_wconf 85' lang='lat' dir='ltr'>ss.</span> <span class='ocrx_word' id='word_1_341' title='bbox 1122 4021 1235 4082; x_wconf 77' lang='lat' dir='ltr'>Kurme</span> <span class='ocrx_word' id='word_1_342' title='bbox 1258 4021 1271 4079; x_wconf 83' lang='lat' dir='ltr'>s‘</span> <span class='ocrx_word' id='word_1_343' title='bbox 1292 4022 1450 4096; x_wconf 60' lang='lat' dir='ltr'>Dumana</span> <span class='ocrx_word' id='word_1_344' title='bbox 1471 4039 1526 4082; x_wconf 84' lang='lat' dir='ltr'>suo</span> <span class='ocrx_word' id='word_1_345' title='bbox 1547 4025 1665 4084; x_wconf 66' lang='lat' dir='ltr'>sulcas</span> <span class='ocrx_word' id='word_1_346' title='bbox 1690 4039 1789 4097; x_wconf 79' lang='lat' dir='ltr'>pruno</span> <span class='ocrx_word' id='word_1_347' title='bbox 1818 4023 1831 4079; x_wconf 86' lang='lat' dir='ltr'>s&#39;</span> <span class='ocrx_word' id='word_1_348' title='bbox 1859 4020 1986 4094; x_wconf 59' lang='lat' dir='ltr'>moseo.</span> 
     </span>
    </p>
   </div>
   <div class='ocr_carea' id='block_1_8' title="bbox 306 4189 1989 5342">
    <p class='ocr_par' dir='ltr' id='par_1_9' title="bbox 306 4189 1989 5342">
     <span class='ocr_line' id='line_1_29' title="bbox 428 4189 1987 4278; baseline 0.001 -22"><span class='ocrx_word' id='word_1_349' title='bbox 428 4223 429 4226; x_wconf 38' lang='lat'>¹</span> <span class='ocrx_word' id='word_1_350' title='bbox 457 4189 618 4275; x_wconf 83' lang='lat' dir='ltr'>Olemens,</span> <span class='ocrx_word' id='word_1_351' title='bbox 643 4191 814 4278; x_wconf 88' lang='lat' dir='ltr'>episcopus</span> <span class='ocrx_word' id='word_1_352' title='bbox 838 4215 951 4258; x_wconf 88' lang='lat' dir='ltr'>seruus</span> <span class='ocrx_word' id='word_1_353' title='bbox 976 4215 1142 4259; x_wconf 87' lang='lat' dir='ltr'>seruorum</span> <span class='ocrx_word' id='word_1_354' title='bbox 1166 4194 1228 4261; x_wconf 92' lang='lat' dir='ltr'>dei.</span> <span class='ocrx_word' id='word_1_355' title='bbox 1252 4195 1389 4262; x_wconf 90' lang='lat' dir='ltr'>Dilectis</span> <span class='ocrx_word' id='word_1_356' title='bbox 1423 4195 1497 4262; x_wconf 88' lang='lat' dir='ltr'>filiis</span> <span class='ocrx_word' id='word_1_357' title='bbox 1527 4193 1700 4262; x_wconf 89' lang='lat' dir='ltr'>Dominico</span> <span class='ocrx_word' id='word_1_358' title='bbox 1730 4195 1840 4262; x_wconf 81' lang='lat' dir='ltr'>abbati</span> <span class='ocrx_word' id='word_1_359' title='bbox 1875 4217 1987 4260; x_wconf 85' lang='lat' dir='ltr'>mons·</span> 
     </span>
     <span class='ocr_line' id='line_1_30' title="bbox 307 4295 1987 4388; baseline 0.002 -26"><span class='ocrx_word' id='word_1_360' title='bbox 307 4297 396 4362; x_wconf 87' lang='lat' dir='ltr'>sterii</span> <span class='ocrx_word' id='word_1_361' title='bbox 416 4295 522 4360; x_wconf 83' lang='lat' dir='ltr'>sancti</span> <span class='ocrx_word' id='word_1_362' title='bbox 548 4295 700 4361; x_wconf 85' lang='lat' dir='ltr'>Damiani</span> <span class='ocrx_word' id='word_1_363' title='bbox 724 4296 764 4362; x_wconf 91' lang='lat' dir='ltr'>de</span> <span class='ocrx_word' id='word_1_364' title='bbox 789 4307 907 4380; x_wconf 89' lang='lat' dir='ltr'>monte,</span> <span class='ocrx_word' id='word_1_365' title='bbox 932 4299 1066 4384; x_wconf 91' lang='lat' dir='ltr'>eiusque</span> <span class='ocrx_word' id='word_1_366' title='bbox 1089 4298 1243 4366; x_wconf 83' lang='lat' dir='ltr'>fratribus</span> <span class='ocrx_word' id='word_1_367' title='bbox 1267 4311 1332 4366; x_wconf 83' lang='lat' dir='ltr'>tarn</span> <span class='ocrx_word' id='word_1_368' title='bbox 1357 4300 1562 4388; x_wconf 77' lang='lat' dir='ltr'>presentibus</span> <span class='ocrx_word' id='word_1_369' title='bbox 1596 4321 1694 4387; x_wconf 87' lang='lat' dir='ltr'>quam</span> <span class='ocrx_word' id='word_1_370' title='bbox 1728 4300 1856 4383; x_wconf 79' lang='lat' dir='ltr'>futuris,</span> <span class='ocrx_word' id='word_1_371' title='bbox 1892 4321 1987 4384; x_wconf 82' lang='lat' dir='ltr'>regu·</span> 
     </span>
     <span class='ocr_line' id='line_1_31' title="bbox 306 4401 1988 4493; baseline 0.002 -27"><span class='ocrx_word' id='word_1_372' title='bbox 306 4401 407 4467; x_wconf 80' lang='lat' dir='ltr'>larem</span> <span class='ocrx_word' id='word_1_373' title='bbox 431 4403 531 4466; x_wconf 80' lang='lat' dir='ltr'>vitam</span> <span class='ocrx_word' id='word_1_374' title='bbox 555 4401 719 4487; x_wconf 83' lang='lat' dir='ltr'>professis,</span> <span class='ocrx_word' id='word_1_375' title='bbox 743 4405 775 4467; x_wconf 93' lang='lat' dir='ltr'>in</span> <span class='ocrx_word' id='word_1_376' title='bbox 802 4412 1000 4489; x_wconf 86' lang='lat' dir='ltr'>perpetuum.</span> <span class='ocrx_word' id='word_1_377' title='bbox 1026 4403 1183 4484; x_wconf 76' lang='lat' dir='ltr'>Quotiens</span> <span class='ocrx_word' id='word_1_378' title='bbox 1215 4431 1235 4470; x_wconf 88' lang='lat' dir='ltr'>a</span> <span class='ocrx_word' id='word_1_379' title='bbox 1258 4407 1350 4472; x_wconf 90' lang='lat' dir='ltr'>nobis</span> <span class='ocrx_word' id='word_1_380' title='bbox 1375 4409 1494 4493; x_wconf 88' lang='lat' dir='ltr'>petitur</span> <span class='ocrx_word' id='word_1_381' title='bbox 1518 4405 1604 4493; x_wconf 92' lang='lat' dir='ltr'>qnod</span> <span class='ocrx_word' id='word_1_382' title='bbox 1640 4405 1788 4492; x_wconf 82' lang='lat' dir='ltr'>religioni</span> <span class='ocrx_word' id='word_1_383' title='bbox 1822 4414 1855 4471; x_wconf 90' lang='lat' dir='ltr'>et</span> <span class='ocrx_word' id='word_1_384' title='bbox 1889 4404 1988 4471; x_wconf 87' lang='lat' dir='ltr'>houe-</span> 
     </span>
     <span class='ocr_line' id='line_1_32' title="bbox 308 4503 1987 4598; baseline 0.002 -25"><span class='ocrx_word' id='word_1_385' title='bbox 308 4503 382 4573; x_wconf 78' lang='lat' dir='ltr'>stati</span> <span class='ocrx_word' id='word_1_386' title='bbox 406 4507 582 4572; x_wconf 86' lang='lat' dir='ltr'>conuenire</span> <span class='ocrx_word' id='word_1_387' title='bbox 606 4505 794 4590; x_wconf 80' lang='lat' dir='ltr'>dinoscitur,</span> <span class='ocrx_word' id='word_1_388' title='bbox 824 4510 932 4573; x_wconf 85' lang='lat' dir='ltr'>animo</span> <span class='ocrx_word' id='word_1_389' title='bbox 960 4530 1018 4572; x_wconf 88' lang='lat' dir='ltr'>uos</span> <span class='ocrx_word' id='word_1_390' title='bbox 1054 4509 1147 4574; x_wconf 91' lang='lat' dir='ltr'>decet</span> <span class='ocrx_word' id='word_1_391' title='bbox 1178 4509 1291 4576; x_wconf 90' lang='lat' dir='ltr'>libenti</span> <span class='ocrx_word' id='word_1_392' title='bbox 1325 4511 1504 4579; x_wconf 87' lang='lat' dir='ltr'>concedere</span> <span class='ocrx_word' id='word_1_393' title='bbox 1537 4521 1570 4576; x_wconf 87' lang='lat' dir='ltr'>et</span> <span class='ocrx_word' id='word_1_394' title='bbox 1601 4514 1778 4598; x_wconf 87' lang='lat' dir='ltr'>petentium</span> <span class='ocrx_word' id='word_1_395' title='bbox 1814 4509 1987 4577; x_wconf 77' lang='lat' dir='ltr'>desideriis</span> 
     </span>
     <span class='ocr_line' id='line_1_33' title="bbox 308 4613 1986 4704; baseline 0.001 -24"><span class='ocrx_word' id='word_1_396' title='bbox 308 4635 486 4700; x_wconf 81' lang='lat' dir='ltr'>congruum</span> <span class='ocrx_word' id='word_1_397' title='bbox 511 4613 699 4700; x_wconf 82' lang='lat' dir='ltr'>suffragium</span> <span class='ocrx_word' id='word_1_398' title='bbox 723 4615 891 4704; x_wconf 85' lang='lat' dir='ltr'>impertiri.</span> <span class='ocrx_word' id='word_1_399' title='bbox 913 4613 964 4678; x_wconf 84' lang='lat' dir='ltr'>Ea</span> <span class='ocrx_word' id='word_1_400' title='bbox 987 4625 1118 4700; x_wconf 89' lang='lat' dir='ltr'>propter</span> <span class='ocrx_word' id='word_1_401' title='bbox 1141 4616 1250 4682; x_wconf 90' lang='lat' dir='ltr'>dilecti</span> <span class='ocrx_word' id='word_1_402' title='bbox 1273 4618 1304 4681; x_wconf 90' lang='lat' dir='ltr'>in</span> <span class='ocrx_word' id='word_1_403' title='bbox 1328 4617 1459 4682; x_wconf 90' lang='lat' dir='ltr'>domino</span> <span class='ocrx_word' id='word_1_404' title='bbox 1481 4617 1549 4699; x_wconf 89' lang='lat' dir='ltr'>filii,</span> <span class='ocrx_word' id='word_1_405' title='bbox 1573 4619 1690 4683; x_wconf 86' lang='lat' dir='ltr'>vestris</span> <span class='ocrx_word' id='word_1_406' title='bbox 1714 4616 1986 4703; x_wconf 85' lang='lat' dir='ltr'>postulationibus</span> 
     </span>
     <span class='ocr_line' id='line_1_34' title="bbox 309 4719 1986 4808; baseline 0.001 -22"><span class='ocrx_word' id='word_1_407' title='bbox 309 4719 484 4787; x_wconf 87' lang='lat' dir='ltr'>clementer</span> <span class='ocrx_word' id='word_1_408' title='bbox 506 4721 686 4803; x_wconf 84' lang='lat' dir='ltr'>annuimus,</span> <span class='ocrx_word' id='word_1_409' title='bbox 711 4731 743 4785; x_wconf 90' lang='lat' dir='ltr'>et</span> <span class='ocrx_word' id='word_1_410' title='bbox 765 4719 868 4785; x_wconf 86' lang='lat' dir='ltr'>felicis</span> <span class='ocrx_word' id='word_1_411' title='bbox 893 4720 1123 4786; x_wconf 84' lang='lat' dir='ltr'>recordationis</span> <span class='ocrx_word' id='word_1_412' title='bbox 1147 4721 1240 4786; x_wconf 88' lang='lat' dir='ltr'>Lucii</span> <span class='ocrx_word' id='word_1_413' title='bbox 1264 4744 1346 4808; x_wconf 89' lang='lat' dir='ltr'>pape</span> <span class='ocrx_word' id='word_1_414' title='bbox 1371 4723 1609 4808; x_wconf 88' lang='lat' dir='ltr'>predecessoris</span> <span class='ocrx_word' id='word_1_415' title='bbox 1633 4724 1733 4790; x_wconf 88' lang='lat' dir='ltr'>nostri</span> <span class='ocrx_word' id='word_1_416' title='bbox 1767 4723 1914 4808; x_wconf 79' lang='lat' dir='ltr'>vestigiis</span> <span class='ocrx_word' id='word_1_417' title='bbox 1937 4725 1986 4787; x_wconf 91' lang='lat' dir='ltr'>in·</span> 
     </span>
     <span class='ocr_line' id='line_1_35' title="bbox 309 4825 1982 4916; baseline 0.001 -25"><span class='ocrx_word' id='word_1_418' title='bbox 309 4825 470 4908; x_wconf 87' lang='lat' dir='ltr'>herentes,</span> <span class='ocrx_word' id='word_1_419' title='bbox 496 4826 656 4912; x_wconf 81' lang='lat' dir='ltr'>prolatum</span> <span class='ocrx_word' id='word_1_420' title='bbox 676 4829 912 4904; x_wconf 80' lang='lat' dir='ltr'>monasterium</span> <span class='ocrx_word' id='word_1_421' title='bbox 936 4828 1038 4890; x_wconf 83' lang='lat' dir='ltr'>sancti</span> <span class='ocrx_word' id='word_1_422' title='bbox 1065 4825 1218 4892; x_wconf 84' lang='lat' dir='ltr'>Damiani</span> <span class='ocrx_word' id='word_1_423' title='bbox 1241 4826 1282 4892; x_wconf 88' lang='lat' dir='ltr'>de</span> <span class='ocrx_word' id='word_1_424' title='bbox 1306 4837 1424 4910; x_wconf 89' lang='lat' dir='ltr'>monte,</span> <span class='ocrx_word' id='word_1_425' title='bbox 1441 4830 1473 4892; x_wconf 92' lang='lat' dir='ltr'>iu</span> <span class='ocrx_word' id='word_1_426' title='bbox 1495 4851 1558 4916; x_wconf 91' lang='lat' dir='ltr'>quo</span> <span class='ocrx_word' id='word_1_427' title='bbox 1582 4827 1693 4892; x_wconf 90' lang='lat' dir='ltr'>diuino</span> <span class='ocrx_word' id='word_1_428' title='bbox 1711 4827 1885 4914; x_wconf 84' lang='lat' dir='ltr'>mancipati</span> <span class='ocrx_word' id='word_1_429' title='bbox 1901 4829 1982 4894; x_wconf 88' lang='lat' dir='ltr'>estis</span> 
     </span>
     <span class='ocr_line' id='line_1_36' title="bbox 309 4929 1988 5020; baseline 0 -22"><span class='ocrx_word' id='word_1_430' title='bbox 309 4931 477 5018; x_wconf 82' lang='lat' dir='ltr'>obsequio,</span> <span class='ocrx_word' id='word_1_431' title='bbox 501 4929 561 4994; x_wconf 93' lang='lat' dir='ltr'>sub</span> <span class='ocrx_word' id='word_1_432' title='bbox 585 4929 670 4994; x_wconf 85' lang='lat' dir='ltr'>beati</span> <span class='ocrx_word' id='word_1_433' title='bbox 695 4929 781 4996; x_wconf 86' lang='lat' dir='ltr'>Petri</span> <span class='ocrx_word' id='word_1_434' title='bbox 804 4941 835 4996; x_wconf 87' lang='lat' dir='ltr'>et</span> <span class='ocrx_word' id='word_1_435' title='bbox 857 4939 968 4995; x_wconf 82' lang='lat' dir='ltr'>nostre</span> <span class='ocrx_word' id='word_1_436' title='bbox 991 4932 1189 5016; x_wconf 87' lang='lat' dir='ltr'>protectione</span> <span class='ocrx_word' id='word_1_437' title='bbox 1213 4935 1406 5020; x_wconf 89' lang='lat' dir='ltr'>suscipimus</span> <span class='ocrx_word' id='word_1_438' title='bbox 1431 4943 1464 4999; x_wconf 89' lang='lat' dir='ltr'>et</span> <span class='ocrx_word' id='word_1_439' title='bbox 1487 4935 1645 5019; x_wconf 88' lang='lat' dir='ltr'>presentis</span> <span class='ocrx_word' id='word_1_440' title='bbox 1669 4933 1781 5019; x_wconf 88' lang='lat' dir='ltr'>scripti</span> <span class='ocrx_word' id='word_1_441' title='bbox 1815 4931 1988 5020; x_wconf 83' lang='lat' dir='ltr'>priuilegio</span> 
     </span>
     <span class='ocr_line' id='line_1_37' title="bbox 309 5033 1984 5126; baseline 0.001 -24"><span class='ocrx_word' id='word_1_442' title='bbox 309 5037 557 5103; x_wconf 89' lang='lat' dir='ltr'>communimus.</span> <span class='ocrx_word' id='word_1_443' title='bbox 585 5033 789 5101; x_wconf 86' lang='lat' dir='ltr'>Statuentes:</span> <span class='ocrx_word' id='word_1_444' title='bbox 814 5047 849 5101; x_wconf 85' lang='lat' dir='ltr'>ut</span> <span class='ocrx_word' id='word_1_445' title='bbox 870 5057 1089 5123; x_wconf 85' lang='lat' dir='ltr'>quascumque</span> <span class='ocrx_word' id='word_1_446' title='bbox 1113 5039 1344 5123; x_wconf 89' lang='lat' dir='ltr'>possessiones,</span> <span class='ocrx_word' id='word_1_447' title='bbox 1369 5061 1571 5126; x_wconf 90' lang='lat' dir='ltr'>quecumque</span> <span class='ocrx_word' id='word_1_448' title='bbox 1595 5038 1681 5104; x_wconf 89' lang='lat' dir='ltr'>bona</span> <span class='ocrx_word' id='word_1_449' title='bbox 1704 5037 1790 5104; x_wconf 89' lang='lat' dir='ltr'>idem</span> <span class='ocrx_word' id='word_1_450' title='bbox 1821 5047 1984 5105; x_wconf 86' lang='lat' dir='ltr'>monaste·</span> 
     </span>
     <span class='ocr_line' id='line_1_38' title="bbox 309 5141 1988 5232; baseline 0.001 -24"><span class='ocrx_word' id='word_1_451' title='bbox 309 5143 390 5208; x_wconf 90' lang='lat' dir='ltr'>rium</span> <span class='ocrx_word' id='word_1_452' title='bbox 416 5143 448 5207; x_wconf 91' lang='lat' dir='ltr'>in</span> <span class='ocrx_word' id='word_1_453' title='bbox 473 5142 712 5228; x_wconf 85' lang='lat' dir='ltr'>presenciarum</span> <span class='ocrx_word' id='word_1_454' title='bbox 735 5143 818 5206; x_wconf 89' lang='lat' dir='ltr'>iuste</span> <span class='ocrx_word' id='word_1_455' title='bbox 838 5149 870 5205; x_wconf 89' lang='lat' dir='ltr'>et</span> <span class='ocrx_word' id='word_1_456' title='bbox 893 5141 1046 5205; x_wconf 84' lang='lat' dir='ltr'>canonice</span> <span class='ocrx_word' id='word_1_457' title='bbox 1070 5141 1222 5226; x_wconf 88' lang='lat' dir='ltr'>possidet,</span> <span class='ocrx_word' id='word_1_458' title='bbox 1245 5151 1301 5208; x_wconf 88' lang='lat' dir='ltr'>eut</span> <span class='ocrx_word' id='word_1_459' title='bbox 1324 5145 1356 5207; x_wconf 95' lang='lat' dir='ltr'>in</span> <span class='ocrx_word' id='word_1_460' title='bbox 1379 5143 1523 5210; x_wconf 88' lang='lat' dir='ltr'>futurum</span> <span class='ocrx_word' id='word_1_461' title='bbox 1555 5145 1764 5210; x_wconf 86' lang='lat' dir='ltr'>concessione</span> <span class='ocrx_word' id='word_1_462' title='bbox 1785 5144 1988 5232; x_wconf 78' lang='lat' dir='ltr'>pontificum,</span> 
     </span>
     <span class='ocr_line' id='line_1_39' title="bbox 310 5244 1989 5342; baseline 0.002 -30"><span class='ocrx_word' id='word_1_463' title='bbox 310 5247 480 5341; x_wconf 82' lang='lat' dir='ltr'>largitione</span> <span class='ocrx_word' id='word_1_464' title='bbox 504 5269 618 5338; x_wconf 83' lang='lat' dir='ltr'>regum</span> <span class='ocrx_word' id='word_1_465' title='bbox 642 5245 694 5312; x_wconf 86' lang='lat' dir='ltr'>vel</span> <span class='ocrx_word' id='word_1_466' title='bbox 717 5247 909 5338; x_wconf 90' lang='lat' dir='ltr'>principum,</span> <span class='ocrx_word' id='word_1_467' title='bbox 934 5244 1097 5312; x_wconf 80' lang='lat' dir='ltr'>oblatione</span> <span class='ocrx_word' id='word_1_468' title='bbox 1121 5246 1275 5331; x_wconf 90' lang='lat' dir='ltr'>fidelium,</span> <span class='ocrx_word' id='word_1_469' title='bbox 1299 5271 1356 5314; x_wconf 91' lang='lat' dir='ltr'>seu</span> <span class='ocrx_word' id='word_1_470' title='bbox 1378 5249 1451 5314; x_wconf 86' lang='lat' dir='ltr'>aliis</span> <span class='ocrx_word' id='word_1_471' title='bbox 1476 5250 1567 5315; x_wconf 89' lang='lat' dir='ltr'>iustis</span> <span class='ocrx_word' id='word_1_472' title='bbox 1592 5249 1696 5318; x_wconf 89' lang='lat' dir='ltr'>modis</span> <span class='ocrx_word' id='word_1_473' title='bbox 1733 5259 1898 5342; x_wconf 87' lang='lat' dir='ltr'>prestante</span> <span class='ocrx_word' id='word_1_474' title='bbox 1931 5249 1989 5317; x_wconf 88' lang='lat' dir='ltr'>do·</span> 
     </span>
    </p>
   </div>
   <div class='ocr_carea' id='block_1_9' title="bbox 2139 707 2141 864">
    <p class='ocr_par' dir='ltr' id='par_1_10' title="bbox 2139 707 2141 864">
     <span class='ocr_line' id='line_1_40' title="bbox 2139 707 2141 796; baseline 0 0"><span class='ocrx_word' id='word_1_475' title='bbox 2139 707 2141 796; x_wconf 89' lang='lat' dir='ltr'>l</span> 
     </span>
     <span class='ocr_line' id='line_1_41' title="bbox 2139 809 2141 864; baseline 0 0"><span class='ocrx_word' id='word_1_476' title='bbox 2139 809 2141 864; x_wconf 81' lang='lat' dir='ltr'>t</span> 
     </span>
    </p>
   </div>
   <div class='ocr_carea' id='block_1_10' title="bbox 0 0 2163 5924">
    <p class='ocr_par' dir='ltr' id='par_1_11' title="bbox 0 0 2163 5924">
     <span class='ocr_line' id='line_1_42' title="bbox 0 0 2163 5924; baseline 0 0"><span class='ocrx_word' id='word_1_477' title='bbox 0 0 2163 5924; x_wconf 95' lang='lat' dir='ltr'> </span> 
     </span>
    </p>
   </div>
  </div>
 </body>
</html>
