4254 5922
641 705 827 790 tevlll.
856 705 947 789 (tito
973 729 1011 807 g.
1039 706 1316 790 loto-1080.

415 885 506 958 Ponte
529 885 676 959 remetiri
698 888 871 944 cemoeterio
893 885 1099 960 katudjerr'cutr
1120 903 1164 947 so.
1187 887 1355 948 Beneditrta
1377 905 1399 946 u
1421 885 1544 960 Splietu.

296 1039 369 1106 Hoc
392 1050 441 1106 est
471 1041 664 1106 territorium
698 1041 882 1106 monasterii
914 1041 1017 1104 sancti
1048 1039 1228 1107 Benedicti.
1262 1041 1427 1128 Imprimis
1451 1061 1589 1128 nemque
1613 1047 1663 1104 est
1685 1047 1815 1104 terren

14 1169 16 1218 J
136 1146 338 1232 Funteneile,
361 1149 394 1214 in
418 1149 522 1235 cepite
547 1149 608 1230 vie,
633 1149 665 1214 in
689 1157 779 1236 perte
803 1169 898 1212 menn
923 1148 1064 1231 dextere,
1091 1148 1145 1234 qui
1169 1147 1271 1212 tendit
1294 1147 1335 1212 ed
1359 1155 1503 1212 sanctum
1528 1143 1734 1234 Stephanum.
1757 1143 1816 1210 Est

14 1259 16 1302 ἵ
134 1263 166 1319 et
187 1253 252 1318 elie
275 1261 361 1319 terre
380 1277 477 1340 supre
503 1292 539 1302 -
567 1255 629 1336 rie,
659 1277 721 1343 que
753 1253 900 1320 similiter
931 1254 1032 1319 tendit
1063 1253 1104 1319 ed
1135 1263 1282 1320 sanctum
1313 1253 1521 1341 Stephanum,
1546 1256 1596 1318 cui
1621 1251 1748 1318 ediscet
1771 1273 1814 1316 ex

14 1339 19 1472 J
135 1368 223 1448 perte
248 1358 368 1447 pellegi
393 1357 477 1426 veile
500 1361 602 1426 sencti
628 1359 792 1448 Stephani,
817 1381 913 1446 quem
931 1359 1117 1447 prephatam
1143 1371 1259 1427 terrem
1284 1360 1373 1426 dedit
1394 1361 1580 1428 'Dominicus
1604 1356 1729 1426 Galate.
1754 1357 1815 1423 Est

14 1473 16 1568 J
135 1469 273 1532 terrain
298 1466 457 1534 Murseno
479 1487 575 1554 supre
600 1489 696 1547 mere,
728 1475 760 1532 et
783 1476 895 1554 suptus
919 1467 988 1532 vico
1013 1467 1104 1532 iuxte
1127 1467 1298 1534 ecclesiam
1324 1469 1426 1532 seucti
1450 1467 1589 1533 Domnii.
1614 1465 1675 1531 Est
1697 1473 1730 1532 et
1751 1463 1816 1529 elie

14 1575 16 1594 ²
135 1574 224 1659 regie
261 1581 349 1638 terre
380 1571 498 1638 ibidem
524 1609 894 1622 ------
926 1595 966 1636 no
998 1596 1013 1636 s
1016 1611 1318 1623 -----
1320 1598 1334 1638 ε
1358 1584 1432 1641 ente
1453 1574 1616 1640 nominate
1640 1610 1683 1622 -
1705 1609 1747 1622 -
1772 1609 1813 1620 -·-

134 1681 224 1744 iuxte
246 1678 419 1744 eeclesiam
443 1681 543 1745 sencti
562 1677 702 1746 Domnii.
726 1679 787 1744 Est
810 1688 896 1744 terre
911 1702 1010 1765 supre
1029 1679 1083 1744 vie
1098 1680 1190 1746 iuxte
1206 1679 1375 1746 ecclesiam
1400 1682 1503 1746 sencti
1526 1679 1623 1744 Petri.
1648 1677 1707 1746 Est
1729 1688 1815 1744 terre

14 1781 16 1862 j
134 1783 278 1851 ecestel
299 1825 344 1834 -
366 1821 409 1834 -
435 1823 473 1834 -
499 1823 539 1834 -
575 1822 613 1834 -
642 1823 679 1836 -
711 1823 746 1834 —
767 1809 852 1867 γε,
887 1808 986 1873 supre
1017 1809 1113 1852 mere.
1149 1785 1209 1852 Est
1232 1799 1318 1852 terre
1349 1788 1381 1850 in
1413 1785 1572 1851 Murnenu
1604 1807 1701 1872 snpre
1732 1782 1814 1850 celle

14 1905 16 1946 2
135 1901 248 1980 suptus
273 1901 391 1975 monte,
415 1903 447 1956 et
472 1891 591 1957 ibidem
607 1903 656 1956 est
687 1901 772 1958 terre
791 1893 882 1958 inxte
909 1893 980 1979 ipse
1010 1903 1097 1958 terre
1119 1915 1216 1980 supre
1239 1895 1293 1958 vie
1325 1901 1448 1980 suptus.
1472 1892 1533 1958 Est
1556 1901 1642 1958 terre
1662 1889 1817 1957 Belcchie

14 2013 16 2040 ³
134 2001 225 2064 iuxte
248 2007 336 2064 terre
360 1997 522 2064 Pechiere.
548 1997 591 2063 Et
613 1997 678 2064 elie
704 1989 790 2064 terre
805 1997 924 2064 ibidem
949 2023 968 2062 e
992 1998 1145 2065 Belechie
1169 2007 1202 2065 et
1223 1998 1318 2064 emhe
1343 2009 1458 2087 suptus
1482 1997 1570 2064 celle
1586 1999 1729 2085 entique.
1753 1995 1814 2062 Est
1921 2085 1924 2094 J
2045 2019 2049 2026 ·

14 2141 19 2176 ,-
133 2127 209 2171 vero
220 2113 311 2170 terre
334 2105 367 2170 in
385 2103 454 2171 loco
478 2107 531 2192 qui
557 2105 705 2194 Spinunti
741 2107 924 2171 nominetur
947 2129 1046 2194 supre
1068 2127 1165 2187 mere,
1197 2116 1310 2194 suptus
1341 2105 1479 2174 ecclesie
1497 2128 1523 2172 s.
1542 2105 1655 2186 Meris,
1676 2114 1709 2170 et
1733 2105 1817 2169 inter

14 2201 16 2296 J
135 2213 203 2299 ipse
219 2219 270 2278 est
287 2213 349 2292 rie,
372 2234 434 2298 que
451 2213 602 2299 incipite
627 2211 781 2300 prephete
806 2212 952 2295 ecclesie,
977 2223 1008 2278 et
1032 2211 1132 2278 tendit
1155 2233 1255 2299 usque
1270 2211 1311 2278 ed
1335 2235 1434 2279 mere.
1455 2210 1516 2278 Est
1534 2220 1566 2277 et
1581 2211 1653 2276 elie
1674 2219 1760 2274 terre
1783 2209 1816 2274 in

133 2318 285 2405 Spinunti
301 2327 413 2405 suptus
430 2317 568 2384 ecclesie
583 2331 692 2384 sennte
708 2317 819 2393 Mende,
843 2328 955 2405 suptus
972 2319 1025 2384 vie
1040 2321 1181 2406 entique,
1201 2341 1243 2384 ex
1260 2328 1350 2407 perte
1366 2339 1461 2384 menn
1478 2319 1617 2384 sinistre.
1636 2315 1695 2380 Est
1717 2315 1818 2380 tercie
1881 2403 1883 2408 ,

14 2413 19 2476 1·
135 2427 228 2512 pecie
252 2433 338 2490 terre
361 2425 481 2490 ibidem
499 2434 610 2512 suptus
636 2427 696 2490 vie
710 2427 853 2511 entique,
877 2447 919 2490 ex
945 2437 1034 2511 perte
1058 2448 1154 2490 menu
1178 2427 1316 2506 sinistre,
1341 2417 1491 2490 veniente
1514 2445 1534 2487 e
1557 2445 1646 2488 mere
1669 2434 1702 2488 et
1721 2419 1810 2486 rede-

14 2525 16 2608 ἶ
135 2540 211 2596 unte
235 2529 278 2595 ed
302 2532 475 2596 ciuitatem.
507 2529 568 2596 Est
598 2543 712 2619 quarte
744 2533 835 2618 pecie
867 2541 952 2596 terre
985 2533 1017 2596 in
1050 2531 1200 2618 Spinunti
1233 2553 1332 2618 prope
1356 2529 1526 2596 ecelesiam
1550 2529 1653 2596 sensti
1677 2526 1814 2593 Nieoiei.

14 2637 16 2726 ᾖ
136 2637 195 2703 Est
217 2639 333 2724 quinte
355 2639 448 2723 pecie
472 2647 555 2702 terre
579 2638 611 2702 in
639 2636 788 2724 Spinunti
812 2639 903 2702 iuxta
928 2661 976 2703 ee.
1001 2637 1044 2702 Et
1067 2648 1116 2702 est
1138 2637 1381 2724 deniqueterre
1396 2638 1428 2702 in
1444 2635 1513 2702 loco
1538 2637 1592 2724 qui
1618 2633 1716 2700 Gri-
1735 2655 1816 2698 ——ce

136 2745 305 2809 vocitetur.
330 2743 390 2808 Est
412 2753 520 2808 eutem
544 2745 685 2810 terrain
709 2744 849 2808 Laureto
876 2746 917 2808 'in
941 2767 1007 2831 que
1032 2745 1233 2809 seminentur
1252 2753 1375 2831 septem
1407 2741 1524 2808 modis.
1552 2739 1595 2805 Et
1626 2739 1745 2806 ibidem
1770 2749 1818 2804 est

136 2873 196 2914 nne
220 2849 349 2937 peciole
371 2863 467 2916 terre.
492 2849 551 2914 Est
575 2871 714 2936 nemque
737 2851 838 2914 tercie
875 2851 967 2936 pecie
990 2861 1075 2916 terre
1100 2853 1132 2914 in
1157 2849 1308 2914 Leureto.
1334 2848 1394 2914 Est
1419 2859 1451 2914 et
1474 2857 1589 2934 querte
1619 2848 1711 2933 pecie
1734 2854 1818 2910 terre

137 2959 165 3019 in
188 2955 347 3021 Laureto.
372 2956 433 3020 Est
455 2964 561 3021 eutem
586 2957 700 3042 quinte
722 2957 813 3043 pecie
843 2965 928 3020 terre
955 2957 987 3020 in
1009 2956 1159 3021 Laureto.
1184 2955 1227 3022 Et
1249 2967 1299 3021 est
1322 2967 1415 3020 sexte
1446 2955 1538 3042 pecie
1562 2965 1645 3018 terre
1679 2953 1710 3016 in
1734 2949 1817 3016 Leu-

137 3071 213 3144 rcto,
239 3063 295 3148 qui
319 3059 423 3127 tendit
445 3082 546 3148 usque
568 3061 610 3126 ed
634 3063 719 3125 viem
744 3063 846 3126 sancti
863 3059 1024 3126 Cessieni.
1050 3061 1111 3126 Est
1133 3063 1270 3149 septime
1293 3064 1385 3149 pecie
1401 3073 1485 3126 terre
1510 3061 1541 3125 in
1564 3058 1704 3124 Leureto
1727 3059 1818 3122 iuxte

136 3171 187 3234 vie
203 3191 269 3256 qne
294 3166 397 3232 tendit
419 3165 461 3232 ed
485 3177 615 3254 puteum
640 3169 743 3232 sancti
761 3165 919 3251 Cassiani,
943 3192 985 3233 ex
1010 3177 1100 3254 perte
1119 3191 1214 3233 menn
1240 3169 1379 3247 sinistre,
1403 3190 1499 3254 quem
1521 3176 1595 3230 ente
1619 3166 1813 3230 nominatam

134 3285 253 3340 terrem
281 3296 383 3361 nuper
405 3283 549 3362 tempore
572 3293 643 3338 eern
668 3273 757 3338 dedit
785 3273 912 3338 Petrieo
929 3273 1013 3340 fliius
1029 3273 1190 3339 Theodori
1207 3273 1328 3356 Tiberi,
1344 3295 1404 3361 pro
1427 3275 1535 3338 enirne
1558 3293 1625 3336 sne.
1650 3269 1710 3336 Est
1733 3277 1818 3334 terre
1869 3269 1871 3276 ’

135 3382 228 3446 inxte
251 3379 423 3445 ecclesiam
447 3379 550 3444 sencti
584 3377 743 3444 Cassiani.
769 3377 811 3442 Et
834 3379 953 3444 ibidem
978 3391 1027 3446 est
1050 3389 1135 3446 terre
1167 3403 1267 3467 prope
1291 3382 1361 3467 ipse
1393 3389 1487 3445 terre.
1511 3377 1571 3444 Est
1600 3387 1686 3442 terre
1719 3397 1817 3463 snpre

86 3479 89 3484 ’
137 3490 201 3570 vie,
225 3509 290 3575 que
315 3487 416 3552 tendit
432 3511 453 3550 e
472 3485 592 3551 Selene
606 3509 648 3550 ex
665 3495 756 3572 perte
769 3508 864 3550 menn
881 3487 1020 3552 sinistre.
1034 3481 1099 3551 'Est
1115 3497 1201 3550 terre
1220 3496 1332 3572 suptus
1348 3485 1490 3552 secunde
1511 3486 1627 3570 grippe
1650 3483 1690 3548 de
1714 3484 1816 3570 Lege·

136 3617 261 3677 renum,
287 3615 350 3680 que
373 3603 422 3658 est
445 3615 487 3658 ex
509 3601 599 3680 perte
623 3591 809 3674 occidentis,
834 3593 960 3679 etipse
985 3602 1071 3657 terre
1094 3616 1136 3658 ex
1159 3591 1262 3658 tribus
1280 3591 1424 3679 pertibus
1448 3601 1498 3656 est
1520 3590 1719 3658 circumdate
1743 3614 1815 3656 cum

135 3703 206 3766 viis.
233 3699 296 3765 Est
317 3709 423 3764 eutem
449 3709 534 3764 terre
556 3699 598 3763 ed
620 3697 824 3783 Legeronum
849 3721 975 3784 magne,
999 3721 1096 3785 supre
1120 3701 1184 3782 vie,
1208 3721 1270 3786 que
1294 3698 1397 3764 tendit
1421 3697 1461 3764 ed
1496 3707 1626 3786 puteum
1659 3721 1702 3764 ex
1726 3707 1817 3784 perte

135 3809 278 3886 orientis,
301 3815 334 3870 et
356 3804 419 3874 niis
442 3807 495 3870 vie
517 3805 644 3870 ediscet
666 3805 727 3870 sihi
763 3827 805 3870 ex
830 3815 919 3892 perte
943 3804 1113 3892 aquilonis.
1141 3805 1183 3870 Et
1217 3804 1337 3871 ibidem
1374 3813 1423 3869 est
1457 3817 1541 3870 terre
1572 3826 1614 3870 ex
1637 3803 1700 3869 elie
1726 3813 1820 3890 perte

135 3915 185 3978 vie
210 3914 341 3978 sinistre
364 3913 456 3978 inxte
479 3910 635 3998 prephets
655 3921 750 3976 terre.
774 3910 834 3976 Est
857 3922 943 3976 terre
964 3910 1005 3976 ed
1021 3921 1118 3998 capnt
1139 3911 1179 3975 de
1203 3909 1349 3976 Gumeno
1373 3913 1404 3976 in
1429 3933 1494 3999 que
1529 3912 1705 3976 seminetur
1729 3909 1817 3976 ride-

137 4019 210 4085 licet
232 4018 266 4084 11
288 4017 396 4082 modin
419 4017 561 4099 seminis,
595 4039 692 4104 snpre
717 4038 834 4102 magne
857 4019 910 4080 vie
925 4039 988 4103 que
1011 4016 1114 4082 tendit
1136 4017 1175 4080 ed
1201 4016 1362 4082 Salonem.
1388 4015 1432 4082 Et
1455 4015 1574 4082 ibidem
1602 4015 1643 4080 nd
1668 4027 1764 4104 ceput
1779 4015 1819 4082 de

136 4125 283 4190 Cumano
307 4132 357 4188 est
379 4133 464 4188 terre
486 4123 577 4188 iuxte
606 4131 724 4188 terrem
747 4121 885 4187 ecclesie
909 4124 1011 4188 sancti
1028 4123 1114 4187 Petri
1131 4122 1171 4188 de
1188 4121 1334 4188 Denecie
1351 4123 1531 4210 presbiteri,
1554 4145 1597 4188 ex
1621 4131 1711 4209 perte
1734 4124 1816 4188 occi·

14 4275 16 4332 ,
136 4229 251 4310 dentis,
275 4229 316 4294 de
341 4230 394 4292 vie
416 4249 479 4316 que
504 4227 607 4294 tendit
629 4227 668 4292 sd
687 4226 832 4294 Piletem.
859 4226 901 4292 Et
924 4226 1043 4292 ibidem
1061 4239 1110 4292 est
1132 4237 1219 4292 terre
1242 4249 1284 4294 ex
1306 4227 1371 4292 elie
1394 4240 1485 4315 perte
1508 4231 1560 4294 vie
1583 4229 1726 4293 orientis.
1756 4227 1815 4292 Est

14 4333 16 4350 '
138 4347 220 4401 terre
232 4338 265 4400 iu
282 4331 514 4421 cepite'Pennli
531 4357 629 4420 supre
642 4355 759 4418 magne
779 4339 844 4416 vie,
854 4332 915 4420 que
932 4333 1034 4398 tendit
1049 4333 1090 4398 ed
1107 4333 1225 4399 Selene
1238 4357 1280 4400 ex
1297 4347 1384 4421 perte
1398 4333 1514 4420 pelagi.
1530 4334 1590 4400 Est
1603 4333 1686 4399 velle
1702 4335 1733 4398 in
1748 4333 1819 4400 loco

14 4439 16 4450 '
137 4443 189 4530 qni
213 4441 318 4506 Piieto
343 4443 501 4506 vocitetur
516 4463 558 4506 ex
576 4451 665 4528 perte
682 4439 868 4522 occidentis,
885 4451 998 4526 eruptus
1015 4443 1077 4521 vie,
1094 4463 1156 4527 que
1173 4441 1276 4506 tendit
1299 4441 1339 4506 ed
1363 4465 1491 4529 equam.
1516 4441 1576 4506 Est
1600 4463 1716 4526 magne
1735 4452 1821 4506 terre
1945 4451 1947 4456 '
2036 4461 2037 4464 ’

138 4549 175 4614 ed
200 4559 349 4614 sanctum
372 4547 530 4612 Thomem
555 4571 596 4613 ex
622 4557 713 4634 perte
749 4548 845 4613 horse
869 4569 967 4634 snpre
998 4571 1094 4614 mere.
1131 4547 1191 4613 Est
1220 4557 1306 4612 terre
1336 4587 1368 4596 -
1401 4585 1436 4598 -
1465 4571 1526 4614 -e
1548 4545 1686 4612 ecclesie
1709 4549 1811 4612 sencti

14 4723 16 4752 Ι
138 4653 261 4721 Thome
286 4676 329 4719 ex
352 4663 442 4740 perte
466 4655 599 4720 orientis
615 4657 706 4719 iuxte
723 4663 809 4718 terre
824 4665 934 4719 ennete
954 4654 1113 4718 trinitatis.
1139 4653 1181 4718 Et
1203 4653 1324 4722 ibidem
1348 4655 1388 4720 ed
1414 4663 1559 4720 unctum
1581 4653 1740 4720 Thomem
1763 4664 1812 4720 est

141 4783 256 4846 magne
280 4770 375 4842 terre,
407 4783 469 4848 que
494 4759 620 4826 ediscet
652 4783 693 4851 ex
727 4759 843 4847 pelugi.
876 4759 918 4824 Et
940 4759 1060 4826 ibidem
1093 4763 1184 4826 iuxte
1214 4763 1284 4848 ipse
1314 4771 1400 4826 terre
1423 4769 1473 4826 est
1496 4783 1614 4845 magne
1637 4769 1732 4842 terre,
1754 4783 1817 4848 que

139 4867 265 4932 ediecrt
300 4889 343 4932 ex
377 4875 466 4952 perte
497 4867 631 4931 orientis
663 4876 694 4931 et
728 4889 770 4932 ex
806 4875 896 4953 perte
920 4865 1035 4952 pelagi.
1060 4865 1121 4932 Est
1143 4877 1228 4934 terre
1251 4867 1292 4934 ed
1317 4867 1523 4953 Legeronum
1548 4889 1646 4954 supre
1669 4868 1731 4948 rie,
1754 4889 1817 4953 qne

139 4973 238 5039 tendit
261 4972 302 5038 ed
327 4983 471 5038 sanctum
497 4972 632 5038 Panium
655 4995 698 5038 ex
723 4985 811 5058 perte
837 4974 979 5053 orientis,
1002 4974 1087 5038 inter
1110 4971 1190 5039 dues
1210 4975 1352 5061 grippes.
1378 4971 1437 5040 Est
1459 4983 1546 5038 terre
1566 4973 1600 5038 in
1625 4971 1755 5038 hinchie
1777 4971 1818 5038 de

140 5077 327 5161 Mirculenn,
351 5081 492 5145 maxime
513 5103 554 5146 ex
579 5088 669 5166 perte
688 5081 829 5162 orientis,
848 5079 888 5144 de
905 5081 967 5161 vie,
984 5099 1047 5166 que
1063 5077 1166 5144 tendit
1180 5079 1221 5144 ed
1239 5077 1377 5145 Muchie.
1401 5078 1462 5146 Est
1477 5088 1562 5144 terre
1584 5101 1681 5165 supre
1702 5077 1818 5164 peiudo

140 5193 252 5272 suptus
277 5189 331 5250 vie
349 5208 410 5274 qne
442 5185 544 5252 tendit
565 5185 606 5251 ed
626 5184 805 5252 Mirculeno
825 5207 867 5250 ex
892 5194 982 5272 perte
1006 5183 1182 5250 occidentis
1210 5195 1322 5272 suptus
1353 5186 1477 5272 grippe.
1494 5183 1556 5250 Est
1581 5193 1668 5251 terre
1690 5186 1722 5248 in
1745 5181 1815 5248 loco
1929 5268 1932 5273 Ι

141 5293 192 5378 qui
217 5290 321 5358 Ornce
346 5293 507 5358 vocitetur
530 5313 626 5379 supre
647 5295 698 5360 vie
721 5313 783 5378 que
811 5290 913 5356 tendit
935 5290 976 5356 ed
1001 5288 1195 5364 Mirculeno.
1233 5290 1276 5356 Et
1299 5289 1363 5355 elie
1388 5291 1504 5356 ibidem
1529 5300 1578 5356 est
1600 5301 1686 5356 terre
1708 5300 1820 5378 suptus
