4292 5926
880 599 925 681 V.
953 598 1064 682 1102.

134 737 273 815 Bibakta
294 745 479 816 nepoaaatop
500 743 719 817 savremem'lro,
745 761 761 802 o
783 743 911 802 aahletoi
933 745 1034 818 tretia
1057 746 1234 818 Kotomana,
1257 745 1353 818 tojam
1375 763 1406 803 se
1428 747 1535 805 obveaa
1559 747 1599 804 da
1629 747 1660 806 de
1682 749 1782 806 durati
1804 751 1816 806 i

561 831 675 890 hroniti
696 849 794 904 proco
816 832 979 904 laraljeviae
1002 833 1152 892 Hrtutslra
1175 835 1187 892 ι’
1208 834 1387 904 Dalmacije.

292 948 488 1014 Colomanus
511 973 570 1014 rex
594 951 728 1014 veniens
760 949 905 1032 Jadram,
937 963 1011 1016 ante
1043 954 1207 1016 ciuitatem
1239 937 1431 1016 conuocauit
1462 954 1595 1031 curiam,
1633 953 1744 1040 ibique
1775 954 1815 1018 de

133 1054 301 1120 Dalmacie
326 1054 473 1120 libertate
497 1057 631 1140 integra,
653 1065 870 1142 perpetuaque
896 1056 1064 1128 seruanda,
1088 1059 1301 1121 communiter
1317 1065 1484 1136 tractante,
1503 1057 1572 1141 ipse
1592 1079 1652 1120 rex
1669 1058 1814 1142 inprimis

133 1181 230 1244 supra
253 1169 365 1223 sancta
388 1172 526 1248 quatuor
549 1161 600 1224 dei
625 1160 805 1244 euangelia,
830 1171 919 1246 patre
945 1185 1014 1227 meo
1039 1162 1079 1226 G.
1113 1165 1265 1248 episcopo
1294 1163 1445 1242 enitente,
1480 1185 1576 1226 manu
1608 1161 1814 1228 confirmauit

133 1265 272 1350 propria.
296 1264 473 1330 Videlicet:
498 1275 533 1330 ut
555 1267 719 1352 antiquam
745 1265 908 1332 Dalmatis
929 1266 1120 1349 libertatem,
1145 1272 1176 1332 iu
1201 1268 1288 1332 nullo
1313 1289 1454 1354 unquam
1488 1267 1622 1331 deberet
1652 1266 1813 1349 fraudare,

132 1392 191 1433 nec
214 1372 413 1456 episcopum,
438 1369 490 1436 vel
514 1373 681 1458 primatem
707 1371 847 1458 aliquem
873 1373 938 1436 nisi
950 1373 992 1437 ab
1008 1397 1117 1438 eorum
1136 1373 1220 1436 velle
1238 1373 1374 1437 electum
1391 1372 1454 1436 illis
1471 1372 1549 1438 dare
1567 1373 1811 1439 confirmareue.

132 1476 262 1540 Deinde
288 1478 347 1542 hoc
371 1476 455 1542 idern
480 1477 627 1542 similiter
651 1499 749 1562 supra
772 1489 883 1542 sancta
908 1489 1045 1565 quatuor
1068 1479 1238 1562 euangelia
1273 1481 1477 1543 iurauerunt:
1512 1479 1707 1543 Laurentius
1739 1482 1811 1542 stri·

130 1585 297 1666 goniensis
332 1583 620 1669 archiepiscopus,
654 1583 826 1648 Marcellus
859 1586 1018 1649 veclensis
1047 1588 1227 1671 episcopus,
1262 1585 1373 1650 Simon
1416 1587 1558 1671 quinque
1591 1584 1805 1666 ecclesiensis‚

130 1687 296 1752 Mattheus
320 1691 534 1775 vesperensis,
561 1689 722 1776 Georgius
745 1693 921 1772 georeusis,
947 1691 1058 1756 Sixtus
1083 1690 1281 1772 varadensis,
1318 1689 1491 1755 Fulbertus
1523 1691 1712 1770 colocensis,
1738 1713 1812 1756 cum

130 1799 251 1859 ceteris
272 1795 441 1880 Hungarie
465 1798 636 1883 episcopis.
661 1795 804 1862 Comites
829 1819 906 1862 vero
927 1797 1065 1861 maiores
1088 1819 1200 1860 omnes
1224 1795 1286 1860 hoc
1301 1797 1385 1859 idem
1403 1797 1561 1878 iurauers,
1579 1818 1715 1882 quorum
1732 1819 1809 1883 pau-

130 1923 241 1964 corum
267 1904 397 1966 nomina
420 1905 498 1968 scio.
522 1902 694 1990 Hiisunt:
718 1903 884 1968 Johannes
909 1903 1078 1989 palatinus,
1097 1899 1264 1981 Oledinus,
1295 1903 1303 1940 ¹
1332 1901 1469 1982 Marcus,
1498 1901 1625 1984 Saulus,
1643 1898 1810 1986 Saunieus,

131 2006 319 2090 Vguranus,
345 2006 562 2090 Theobaldus‚
587 2007 757 2090 Jandinus,
782 2017 814 2072 et
840 2007 929 2072 multi
946 2007 1009 2088 alii,
1028 2027 1163 2093 quorum
1181 2008 1321 2089 nomina,
1334 2017 1390 2071 aut
1407 2028 1571 2093 nunquam
1589 2009 1671 2072 scire
1688 2011 1812 2088 curaui,

19 2113 21 2122 ’
134 2123 190 2176 aut
213 2115 242 2176 si
265 2115 356 2194 sciui,
383 2117 414 2176 in
439 2115 594 2178 memoria
618 2135 680 2176 non
704 2112 817 2195 habeo,
839 2135 974 2200 quorum
1002 2115 1027 2177 si
1053 2115 1195 2178 omnium
1231 2115 1358 2196 scirem,
1390 2116 1423 2179 et
1454 2113 1569 2177 vellem
1602 2135 1722 2200 ponere
1759 2137 1812 2179 no·

19 2277 20 2282 ,
133 2221 230 2300 mina,
256 2218 409 2282 inultum
434 2220 568 2282 nimium
593 2229 703 2283 nostra
726 2227 927 2302 turgesceret
950 2221 1078 2305 pagina.
1105 2217 1187 2282 Nam
1212 2229 1319 2305 preter
1352 2241 1461 2304 regem
1498 2229 1531 2282 et
1566 2222 1746 2305 episcopos,
1783 2229 1814 2283 et

131 2327 267 2388 comites
292 2346 445 2408 magnos,
470 2325 617 2388 iurauere
641 2323 702 2388 hoc
726 2323 810 2388 idern
845 2334 877 2388 et
907 2323 997 2388 multi
1034 2326 1268 2390 centurionum.
1300 2323 1360 2389 Ille
1395 2327 1490 2406 enim,
1522 2328 1577 2410 qui
1612 2327 1811 2410 prouinciam

132 2429 295 2494 Dalmatis
320 2429 454 2494 subesse
478 2432 547 2515 regi
572 2429 783 2516 disposuerat.
810 2451 943 2494 securus
967 2439 1040 2496 'esse
1063 2430 1194 2495 volebat
1218 2453 1273 2516 per
1297 2429 1425 2512 multas,
1442 2439 1475 2494 et
1496 2451 1630 2514 magnas
1648 2453 1813 2517 personas,

19 2573 21 2600 ι
130 2536 200 2612 sibi,
227 2539 360 2622 suisque
382 2536 636 2612 suecessoribus,
661 2547 693 2600 et
716 2557 826 2600 eorum
851 2534 1034 2618 heredibus,
1057 2539 1225 2622 antiquam
1241 2536 1310 2600 fore
1327 2535 1446 2600 debere
1465 2534 1658 2600 libertatem.
1681 2535 1734 2600 Ad
1749 2557 1813 2600 me-

131 2645 264 2706 moriam
291 2664 368 2706 vero
390 2651 477 2705 tante
497 2642 756 2706 confirmacionis
791 2651 1002 2706 tres'cruces
1036 2664 1151 2706 aureas
1183 2641 1274 2707 dedit
1301 2665 1371 2728 rex,
1403 2663 1502 2728 supra
1530 2663 1620 2728 quas,
1653 2651 1685 2707 et
1716 2654 1810 2728 prout

130 2769 228 2834 supra
260 2746 507 2834 explicauimus,
532 2747 790 2814 confirmauerat.
816 2748 922 2811 Vnam
947 2747 1098 2812 videlicet
1125 2747 1286 2813 iaderensi
1320 2747 1466 2831 ecclesie,
1498 2747 1593 2813 aliam
1625 2747 1813 2834 spalatensi,

130 2857 257 2919 tertiam
283 2853 422 2934 arbensi,
444 2852 539 2918 simul
556 2875 703 2940 quosque
727 2853 852 2918 nobiles
878 2855 1044 2940 prouincia
1068 2853 1108 2918 ed
1126 2876 1160 2917 se
1176 2855 1315 2919 vocauit.
1338 2851 1410 2918 Hac
1433 2876 1511 2938 ergo
1535 2855 1708 2918 securitate
1730 2877 1810 2940 pace

18 2989 19 3036 ς
133 2961 270 3039 firmata,
296 2959 455 3046 simulque
479 2969 565 3024 terra
588 2969 656 3024 tota
678 2983 735 3046 per
759 2961 927 3024 circuitum
953 2963 1092 3046 peruisa,
1116 2981 1176 3024 rex
1199 2981 1366 3044 regressus
1387 2969 1436 3025 est
1457 2961 1490 3024 in
1514 2958 1703 3046 Vngariam.

288 3161 315 3218 U
338 3161 438 3216 arkiru
462 3161 641 3221 mlstabkom.
665 3161 751 3216 Liber
773 3161 923 3218 Paetorum
944 3162 966 3220 I.
991 3179 1017 3233 p.
1045 3159 1116 3219 150.
1142 3160 1168 3218 U
1190 3157 1311 3216 bedlrom
1332 3159 1393 3221 arla.
1418 3160 1481 3216 Lib,
1505 3161 1583 3218 Psct.
1606 3159 1630 3218 1.
1651 3177 1677 3231 p.
1695 3155 1768 3218 238.

859 3399 932 3481 VI.
960 3401 1073 3484 1102.

130 3520 279 3628 liolomca
301 3561 384 3638 aratj
406 3566 542 3624 hroatski
564 3568 576 3624 ι·
598 3565 723 3639 aqarski
740 3563 914 3638 potvrcb'aie
932 3582 1034 3648 prava
1055 3569 1230 3624 samostaaa
1244 3563 1507 3637 kalamerieaheu.
1524 3563 1640 3636 Martie
1656 3581 1676 3622 ιι
1696 3561 1811 3624 Zadris.

288 3719 384 3783 Anno
409 3719 641 3783 incarnationis
674 3715 793 3781 domini
830 3719 930 3782 nostri
960 3717 1062 3782 Jhesu
1095 3717 1216 3782 Christi
1247 3715 1418 3782 millesimo
1450 3719 1626 3782 centesimo
1659 3717 1812 3782 secundo.

131 3825 200 3911 Ego
226 3825 468 3907 Collomannus,
494 3827 545 3890 dei
569 3827 674 3910 gratia
696 3847 756 3888 rex
780 3823 933 3908 Ungarie,
959 3823 1111 3888 Ohroatie
1134 3833 1231 3910 atque
1257 3823 1430 3889 Dalmatie.
1448 3823 1546 3888 Saluo
1563 3823 1650 3889 abito
1667 3821 1812 3906 consilio,

132 3943 301 4018 postquam
327 3941 498 3996 coronatus
521 3931 567 3996 fui
593 3930 744 4014 Belgradi
770 3953 867 4016 supra
886 3953 983 4008 mare,
1000 3931 1032 3992 in
1051 3929 1130 3994 urbe
1147 3931 1245 4013 regia,
1263 3939 1378 4013 rogatu
1395 3927 1649 4014 subscriptorum
1668 3951 1812 3993 meorum

18 4097 20 4142 ἶ
131 4041 294 4118 comitum,
317 4061 374 4124 pro
397 4038 536 4101 karitate
559 4037 611 4102 dei
636 4047 668 4101 et
691 4035 835 4100 remedio
859 4039 965 4099 anime
990 4057 1070 4117 mee,
1103 4035 1187 4100 dono
1225 4047 1411 4121 perpetuam
1439 4057 1550 4120 pacem
1576 4045 1607 4097 et
1631 4036 1752 4118 regiam
1779 4034 1813 4098 li·

18 4143 20 4226 ,
132 4148 285 4210 hertatem
312 4145 505 4208 monasterio
529 4155 639 4207 sancte
664 4142 767 4206 Maris
798 4141 995 4223 monialium,
1019 4140 1106 4226 quod
1130 4143 1225 4205 situm
1244 4151 1293 4204 est
1309 4142 1340 4204 in
1360 4139 1491 4221 Jadera,
1509 4139 1600 4204 utibi
1617 4139 1678 4204 deo
1696 4139 1814 4205 deuote

18 4277 20 4310 t
131 4251 296 4334 degentes,
321 4272 432 4314 secure
457 4247 552 4312 deum
578 4246 785 4332 interpellare
809 4268 866 4332 pro
891 4268 941 4310 me
966 4258 998 4312 et
1022 4270 1078 4332 pro
1103 4257 1186 4311 statu
1211 4250 1273 4312 mei
1306 4249 1397 4332 regni
1430 4245 1570 4311 valeant.
1603 4245 1685 4310 Nam
1718 4269 1813 4312 nemo

131 4355 332 4420 secularibus
357 4353 520 4418 inuolutus
544 4356 640 4430 curis,
666 4353 772 4432 deum,
799 4363 832 4416 ut
855 4362 943 4417 tanto
968 4352 1061 4417 decet
1084 4353 1198 4432 ordini,
1232 4351 1443 4438 contemplari
1475 4361 1589 4438 potest.
1623 4349 1719 4416 Unde
1752 4352 1813 4417 sub

131 4464 222 4525 istius
247 4459 408 4546 priuilegii
432 4461 607 4546 scriptione
629 4459 711 4523 hano
735 4459 895 4522 dationem
921 4459 1008 4542 regie
1026 4455 1183 4520 libertatis
1200 4457 1247 4521 sic
1263 4457 1446 4538 corroboro,
1466 4467 1499 4521 ut
1517 4455 1623 4522 nullus
1640 4460 1703 4522 mei
1721 4460 1813 4542 regni

18 4631 19 4638 ἶ
131 4567 247 4630 audeat
270 4567 442 4653 quicquam
467 4564 647 4630 distrahere
672 4563 723 4628 rel
747 4565 874 4628 auterre
898 4561 943 4628 illi
970 4565 1174 4644 monasterio,
1199 4572 1264 4625 tam
1289 4563 1321 4626 in
1354 4561 1537 4643 mobilibus,
1574 4585 1670 4649 quam
1709 4573 1741 4628 et
1777 4565 1809 4628 in

130 4670 358 4735 immobilibus.
385 4670 419 4735 Si
443 4673 515 4756 quis
539 4693 617 4734 vero
642 4681 816 4734 contumax
835 4679 943 4732 nostre
967 4665 1062 4752 legali
1087 4665 1163 4732 huic
1186 4667 1321 4732 iussioni
1345 4670 1504 4732 contraire
1528 4671 1744 4754 temptauerit,
1780 4679 1812 4734 et

131 4775 252 4863 aliquid
278 4776 317 4839 de
343 4776 434 4839 bonis
459 4777 644 4840 monasterii
670 4777 884 4859 usurpauerit,
909 4773 953 4838 illi
979 4773 1115 4838 ecclesie
1135 4772 1355 4860 quadruplum
1379 4772 1502 4855 reddat,
1528 4785 1699 4860 usurpator
1733 4797 1811 4839 vero

131 4905 201 4946 curn
227 4883 294 4944 suis
319 4881 468 4946 omnibus
489 4882 589 4968 reguli
620 4883 777 4945 sententie
812 4881 988 4946 subiaceat.
1024 4879 1067 4944 Et
1100 4877 1162 4944 hoc
1193 4879 1422 4945 confirmamus
1459 4891 1568 4945 nostra
1606 4879 1812 4966 sigillatione,

133 4990 330 5074 istorumque
353 4991 523 5054 comitum:
544 5005 547 5010 '
874 4976 878 4986 ¹

285 5186 343 5246 'U
366 5189 468 5261 drugib
492 5189 608 5245 listinah
631 5189 723 5244 dolazi
748 5191 804 5260 pod
828 5189 969 5247 imencm:
1001 5186 1183 5252 Queledinus.
1218 5204 1245 5245 r.
1274 5184 1360 5256 Fater
1395 5183 1429 5244 G.
1463 5185 1500 5240 D.
1535 5184 1627 5258 Regni
1656 5185 1753 5258 Hung.
1790 5185 1812 5242 l.

315 5278 367 5337 43.
393 5279 445 5336 46.
471 5279 520 5333 57.
1320 5311 1325 5322 .
