4350 5932
269 403 307 467 18

265 603 345 660 sent.
371 593 466 672 Quae
491 596 611 681 scripta
635 617 705 658 mea
729 593 857 679 publice
881 595 1000 660 relecta
1025 595 1076 661 vel
1100 598 1133 660 in
1158 599 1288 664 ciuitate
1322 601 1436 686 posita,
1461 601 1588 687 publice
1611 603 1713 668 scindi
1740 604 1829 686 fecit,
1853 614 1955 691 atque

265 703 298 764 in
323 711 506 786 conteptum
531 699 838 786 sedisapostolicae
876 702 1018 785 apertius
1042 700 1154 766 exiliit.
1181 701 1276 780 Quod
1301 727 1361 788 ego
1392 706 1529 792 qualiter
1561 710 1673 794 patiar,
1707 711 1770 772 sois
1800 711 1956 795 quiante

266 807 409 893 paratior
430 829 499 870 sum
525 807 615 882 mori,
642 829 738 891 quam
771 806 859 870 beati
891 805 975 869 Petri
999 806 1136 892 apostoli
1160 807 1329 874 ecclesiam
1355 813 1434 876 meis
1467 811 1581 876 diebus
1612 813 1810 898 degenerare
1844 814 1956 879 Mores

268 916 364 976 etiam
389 933 477 974 meos
503 909 584 974 bene
608 913 753 993 cognitos
778 909 886 992 habes,
912 913 987 996 quia
1019 913 1072 976 diu
1099 923 1199 998 porto,
1233 915 1291 980 sed
1315 917 1341 979 si
1366 916 1464 982 semel
1487 917 1709 983 deliberauero
1735 942 1797 982 non
1821 931 1953 1005 portare

266 1027 380 1082 contra
403 1018 510 1080 omnia
534 1015 678 1102 pericula
702 1015 804 1080 lactus
830 1017 923 1080 vado.
947 1016 1041 1081 Unde
1066 1041 1200 1083 necesse
1218 1031 1267 1084 est
1294 1043 1365 1084 cum
1385 1021 1436 1086 dei
1460 1023 1582 1088 auxilio
1606 1024 1748 1110 periculo
1770 1047 1955 1105 succurere,

267 1145 307 1186 ne
332 1131 466 1206 cogatur
490 1121 679 1185 excedendo
704 1144 847 1206 peccare.
873 1121 956 1185 Vide
977 1145 1059 1208 quae
1084 1123 1155 1188 dico
1180 1135 1211 1188 et
1234 1148 1335 1211 pensa
1358 1150 1400 1191 ex
1416 1139 1536 1213 quanto
1560 1127 1670 1192 dolore
1694 1139 1777 1192 srtnt.
1799 1129 1957 1194 Peruenit

266 1250 344 1292 vero
368 1229 409 1292 ad
435 1251 496 1310 me,
521 1228 597 1312 quia
617 1229 794 1291 transmisit
826 1230 933 1292 nescio
958 1251 1051 1314 quem
1086 1229 1248 1313 clericum,
1273 1233 1328 1318 qni
1352 1232 1482 1314 diceret,
1508 1235 1583 1318 quia
1608 1233 1755 1297 Malchus
1779 1236 1954 1321 episcopus

267 1335 300 1398 iu
325 1334 471 1400 custodia
494 1357 552 1420 pro
577 1333 688 1396 solidis
720 1335 846 1397 occisus
871 1335 921 1396 sit.
946 1333 997 1397 De
1034 1358 1098 1420 qna
1130 1357 1163 1400 re
1195 1359 1293 1402 unum
1328 1349 1376 1402 est
1407 1338 1492 1422 quod
1519 1339 1660 1402 breuiter
1684 1361 1840 1423 suggeras
1865 1363 1953 1404 sere·

252 1441 407 1504 nissimis
431 1441 568 1504 dominis
594 1441 721 1518 nostris,
746 1441 821 1524 quia
846 1440 871 1502 si
896 1461 956 1522 ego
979 1463 1091 1504 seruus
1112 1464 1223 1506 eorum
1240 1444 1272 1506 in
1294 1441 1396 1507 morto
1420 1442 1710 1526 Longobardorum
1737 1467 1787 1508 me
1811 1446 1949 1509 miscere

264 1545 449 1628 voluissem,
474 1545 569 1610 hodie
592 1544 880 1630 Longobardorum
905 1567 984 1629 gens
1008 1569 1067 1610 nec
1090 1569 1209 1630 regem,
1235 1571 1294 1612 nec
1318 1547 1428 1632 duces,
1453 1571 1512 1612 neo
1535 1548 1668 1612 comites
1696 1547 1836 1630 haberet,
1854 1560 1954 1635 atque

264 1653 296 1716 in
319 1675 444 1717 summa
468 1650 656 1716 confusione
681 1661 766 1715 esset
802 1650 924 1714 deuisa.
950 1649 1012 1716 Sed
1039 1654 1115 1737 quia
1139 1651 1234 1717 deum
1259 1656 1355 1717 timeo
1379 1655 1411 1716 in
1447 1663 1578 1716 mortem
1615 1653 1788 1718 cuiuslibet
1812 1653 1956 1718 hominis

265 1780 316 1822 me
339 1759 475 1821 miscere
500 1756 647 1839 formido,
674 1755 818 1820 Malchus
853 1767 960 1819 autem
989 1759 1168 1844 episcopus
1203 1780 1307 1844 neque
1331 1761 1362 1821 in
1394 1758 1541 1822 custodia
1567 1756 1635 1838 fuit,
1660 1781 1764 1844 neque
1788 1760 1819 1821 in
1843 1757 1957 1845 aliqua

264 1862 447 1941 afflictione,
482 1859 540 1926 sed
565 1861 616 1924 die
638 1884 701 1946 qua
726 1883 872 1924 caussam
894 1860 986 1942 dixit,
1012 1871 1043 1924 et
1067 1861 1215 1925 addictus
1247 1873 1296 1926 est
1320 1865 1485 1926 nesciente
1511 1887 1572 1942 me,
1593 1889 1611 1927 a
1635 1863 1803 1928 Bonifaoio
1828 1866 1955 1928 notario

266 1970 298 2031 in
322 1967 450 2032 domum
469 1969 537 2032 eins
556 1966 670 2030 ductus
695 1977 752 2048 est,
777 1968 827 2030 cui
853 1978 884 2030 et
908 1965 1076 2050 prandium
1102 1966 1220 2030 factum
1240 1979 1296 2048 est,
1315 1967 1424 2054 ibique
1452 1961 1580 2054 prandit
1596 1969 1815 2033 ethonoratus
1839 1979 1889 2032 est
1911 1968 1956 2032 ab

264 2096 311 2155 eo,
336 2082 368 2138 et
390 2083 483 2136 nocte
506 2071 611 2136 subito
636 2081 779 2135 mortuus
803 2083 869 2151 est;
891 2070 977 2155 quod
1002 2073 1063 2134 iam
1090 2071 1294 2136 dilectionem
1319 2085 1406 2137 tuam
1427 2073 1566 2138 arbitror
1589 2075 1789 2157 cognouisse.
1815 2073 1947 2136 Exhila-

264 2187 368 2242 ratum
391 2188 498 2242 autem
522 2187 665 2241 nostrum
687 2199 744 2263 pro
769 2175 824 2240 illa
847 2199 881 2240 re
908 2177 1048 2262 dirigere
1079 2177 1177 2243 nolui.
1200 2178 1292 2263 (eto.)

421 2308 513 2362 Mansi
537 2307 674 2362 Collectio
699 2307 807 2362 Concil.
833 2307 868 2364 T.
893 2307 931 2362 Χ.
958 2315 1009 2364 str.
1032 2306 1085 2364 83.

619 2493 825 2576 xxvnr.
845 2491 935 2576 aaa.
965 2494 1152 2594 mjssess
1178 2491 1353 2596 sresnja.
1382 2493 1419 2575 n
1446 2466 1591 2576 arma.

265 2655 367 2732 Gryur
389 2657 415 2714 1.
435 2673 521 2728 popa
546 2657 614 2728 pase
644 2656 841 2716 Konstantini
872 2655 997 2727 caprasi
1027 2672 1129 2714 cesara
1161 2655 1325 2728 Mooricija
1348 2674 1364 2715 o
1387 2657 1594 2728 nepotoraostt
1628 2659 1756 2732 tistupa
1778 2661 1955 2735 sottrakopa

1019 2761 1183 2820 Maksimo.

792 2893 979 2981 Gregorius,
1004 2892 1232 2960 Constantinae
1257 2895 1435 2980 Augustae.

933 3015 1043 3088 (Ostalo
1067 3017 1272 3089 laostavljeno.)

419 3151 545 3237 Viginti
578 3160 684 3216 autem
718 3152 780 3214 iam
813 3161 845 3213 et
877 3161 998 3236 septem
1032 3174 1133 3214 annos
1164 3151 1321 3231 ducimus,
1355 3152 1440 3238 quod
1464 3155 1496 3215 in
1521 3152 1581 3215 hac
1605 3153 1684 3218 urbe
1707 3157 1790 3218 inter
1814 3155 1944 3240 Longo-

264 3257 437 3324 bardorum
462 3256 587 3341 gladios
612 3258 762 3320 uiuimus
788 3253 915 3333 Quibus
947 3278 1044 3341 quam
1076 3256 1176 3319 inulta
1196 3255 1255 3319 hac
1279 3257 1319 3320 ob
1344 3257 1481 3321 ecclesia
1517 3258 1713 3344 quotidianis
1736 3259 1851 3323 diebus
1877 3284 1950 3325 ero-

260 3375 387 3449 gantur,
413 3374 447 3426 nt
470 3364 552 3426 inter
574 3385 629 3426 eos
654 3363 764 3426 viuere
788 3363 957 3446 possimne,
977 3359 1180 3444 suggerenda
1196 3383 1258 3422 non
1276 3372 1359 3424 sunt.
1378 3361 1441 3427 Sed
1458 3361 1600 3427 breuiter
1617 3363 1733 3445 indico,
1758 3367 1834 3450 quia
1857 3367 1947 3428 siout

260 3471 292 3533 in
316 3469 468 3552 Rauenna
492 3468 638 3553 partibus
663 3467 864 3530 dominorum
887 3467 989 3550 pictas
1016 3465 1100 3550 apud
1119 3466 1256 3550 primum
1275 3469 1450 3530 exercitum
1484 3465 1595 3531 Italiae
1612 3467 1813 3546 sacellarium
1837 3469 1948 3551 habet,

261 3575 316 3660 qni
340 3576 464 3638 caussis
482 3572 782 3660 superuenientibus
810 3569 1013 3656 quotidianas
1031 3593 1190 3655 expensas
1214 3569 1320 3650 faciat,
1346 3573 1389 3635 ita
1413 3583 1444 3635 et
1468 3572 1499 3635 in
1523 3571 1584 3636 hac
1608 3572 1685 3637 urbe
1704 3575 1735 3636 in
1753 3575 1877 3638 caussis
1902 3585 1953 3639 ta·

262 3679 347 3743 libu's
372 3679 482 3743 eor'um
501 3675 686 3742 sacellarius
711 3665 771 3761 ego
795 3674 950 3764 sum3Et
973 3685 1078 3738 tamen
1100 3674 1179 3738 haec
1206 3675 1344 3740 ecclesia
1367 3699 1450 3762 quae
1483 3700 1546 3742 uno
1582 3677 1760 3770 eodemque
1791 3689 1950 3766 tempore,

259 3784 394 3866 clericis,
413 3785 624 3874 monasteriis,
643 3783 847 3869 paoperibus,
868 3779 994 3868 popul0,
1023 3779 1123 3866 atque
1147 3781 1278 3867 insuper
1294 3781 1518 3866 Longobardis
1536 3793 1601 3846 tam
1614 3782 1714 3848 nrulta
1726 3784 1951 3849 indesinenter

260 3891 425 3978 expendit,
462 3912 537 3953 ecoe
572 3889 680 3953 adhuc
714 3911 756 3952 ex
787 3889 927 3952 omnium
965 3883 1172 3950 ecclesiarum
1207 3889 1362 3972 premitur
1385 3887 1568 3970 afflictione,
1595 3889 1742 3974 quaeda
1767 3889 1827 3953 hac
1851 3891 1950 3954 unius

259 3996 398 4061 hominis
423 3995 573 4080 (Joannis
596 3993 766 4081 Episcopi)
790 3993 943 4079 superbla
970 3990 1102 4054 multum
1129 4003 1270 4075 gemunt,
1306 3995 1364 4056 etsi
1402 3993 1480 4056 nihil
1504 3992 1612 4058 dicere
1636 4006 1833 4079 presumunt.
1859 3994 1953 4060 Salo-

259 4105 386 4167 nitanae
410 4125 487 4166 uero
511 4102 653 4164 ciuitatis
679 4102 861 4186 opiscopus,
891 4121 941 4163 me
976 4120 1015 4160 ac
1038 4097 1198 4182 personali
1231 4121 1301 4162 meo
1333 4102 1506 4180 nesciente,
1534 4099 1699 4164 ordinatus
1724 4111 1781 4180 est,
1806 4103 1838 4164 et
1861 4099 1952 4166 facta

258 4231 309 4274 res
335 4217 384 4272 est
406 4230 488 4296 quae
513 4206 574 4272 snb
598 4204 697 4270 nullis
717 4203 948 4278 ‚anterioribus
982 4202 1182 4289 principibus
1213 4207 1329 4268 euenit.
1363 4202 1459 4284 Quod
1483 4225 1543 4288 ego
1575 4203 1720 4280 audiens,
1743 4204 1949 4270 adeundam

256 4316 570 4401 praeuaricatorem,
592 4313 646 4397 qui
672 4311 853 4375 inordinate
885 4308 1051 4373 ordinatus
1086 4318 1143 4382 est,
1177 4312 1321 4395 protinus
1358 4311 1439 4391 misi,
1464 4319 1506 4372 ¹ut
1540 4311 1669 4374 omnino
1702 4312 1873 4374 missarum
1899 4333 1952 4375 so·

256 4419 365 4485 lennia
398 4418 563 4483 celebrare
585 4416 674 4481 nullo
699 4417 795 4481 modo
820 4423 1048 4501 praesumeret,
1073 4414 1134 4478 nisi
1165 4417 1254 4500 prius
1279 4439 1298 4478 a
1314 4416 1527 4479 serenissimis
1551 4413 1690 4478 dominis
1716 4437 1950 4501 cognoscerem

257 4527 284 4588 si
307 4523 369 4608 hoo
392 4524 462 4588 fieri
495 4525 558 4610 ipsi
590 4525 771 4604 iussissent,
805 4520 891 4607 quod
919 4523 948 4584 ei
981 4518 1041 4584 sub
1072 4521 1414 4584 excommunicationis
1443 4520 1686 4605 interpositione
1712 4519 1876 4586 mandaui.
1901 4521 1949 4588 Εῖ

200 4653 206 4660 ·
258 4639 442 4715 contempto
475 4639 646 4715 meatque
671 4627 834 4713 despecto,
869 4628 901 4690 in
931 4625 1098 4690 audaciam
1134 4625 1345 4710 quorumdam
1372 4624 1583 4690 saecularium
1619 4624 1793 4709 hominum,
1819 4626 1951 4712 quibus,

256 4734 420 4800 denudata
443 4757 501 4799 sua
525 4735 663 4800 ecclesia
689 4733 833 4819 praemia
860 4731 960 4796 multa
976 4730 1133 4817 praebere
1150 4731 1277 4814 dicitur,
1295 4753 1484 4817 nuncusque
1500 4733 1615 4794 missas
1634 4731 1741 4795 facere
1766 4735 1950 4816 praesumit

254 4849 351 4927 atque
368 4841 409 4905 ad
425 4864 475 4906 me
492 4842 603 4905 venire
620 4840 797 4904 secundum
816 4840 992 4902 iussionem
1010 4837 1213 4902 dominorum
1232 4837 1340 4902 noluit.
1359 4836 1431 4922 Ego
1449 4848 1554 4902 autem
1572 4838 1794 4923 praeceptioni
1812 4839 1947 4922 pietatis

185 4949 190 4954 “
254 4970 365 5011 corum
390 4939 553 5026 obedielrs,
579 4945 682 5011 eidem
709 4945 854 5010 Maximo
879 4945 935 5029 qui
961 4965 1011 5008 me
1036 4943 1199 5007 nesciente
1214 4931 1384 5007 'ordinatus
1408 4953 1464 5024 est,
1489 4941 1549 5008 hoo
1573 4941 1659 5028 quod
1684 4944 1716 5006 in
1741 4943 1950 5016 ordinatione
2032 4955 2038 4960 “

255 5075 313 5116 sua
336 5075 396 5130 me,
421 5050 473 5116 vel
497 5051 717 5138 responsalem
743 5074 849 5116 meum
883 5051 1141 5136 praetermittere
1165 5051 1393 5134 praesumpsit,
1426 5051 1471 5112 ita
1502 5071 1544 5111 ex
1567 5048 1663 5113 corde
1699 5047 1819 5132 laxavi,
1854 5051 1950 5114 acsi

253 5179 303 5220 me
326 5166 457 5222 auctore
480 5156 594 5222 fuisset
617 5157 793 5222 ordinatus.
827 5156 903 5220 Alia
935 5178 1011 5220 vcro
1044 5177 1197 5240 peruersa
1227 5153 1329 5234 illius,
1358 5153 1482 5218 scilicet
1518 5152 1603 5216 mala
1634 5153 1824 5240 corporalia,
1858 5177 1946 5242 quae

252 5263 398 5347 cognoui,
435 5261 486 5327 vel
519 5265 595 5348 qnia
630 5285 702 5328 cum
728 5264 874 5348 pecuniis
910 5271 959 5326 est
995 5260 1127 5341 electus,
1158 5259 1209 5324 vel
1240 5261 1317 5345 quia
1348 5261 1645 5324 excommunicatus
1681 5262 1795 5324 missas
1829 5257 1941 5326 facere

251 5369 474 5458 praesumpsit,
506 5379 637 5458 propter
666 5369 763 5434 deum
797 5369 982 5452 irrequisita
1015 5367 1192 5454 praeterire
1227 5387 1288 5429 non
1325 5387 1466 5450 possum.
1501 5363 1566 5430 Sed
1599 5374 1673 5452 opto
1709 5351 1741 5430 et
1776 5365 1948 5432 dominum
