4350 5932
305 466 329 534 4

302 657 413 749 oppidi
434 658 596 747 episeopo,
618 659 662 725 sit
683 660 865 744 constituta,
888 656 946 726 sed
969 655 1167 724 Meridiauus
1190 654 1320 744 quidem
1344 669 1470 723 maneat
1492 659 1526 722 in
1549 655 1738 740 Meridiauo,
1770 655 1858 724 nulla
1891 679 1979 723 com·

303 765 455 832 munione
477 784 551 830 cum
580 761 685 851 Aquis
715 761 885 832 seruanda.
916 761 1079 850 Aquensis
1105 771 1213 828 autem
1245 763 1415 850 episcopus
1447 762 1564 830 babeat
1593 761 1770 850 praefatam
1801 762 1985 844 ciuitatem,

303 877 337 939 et
358 869 466 936 omnia
491 870 561 936 eius
579 865 712 936 castella
740 879 773 936 et
786 870 956 954 territoria,
979 877 1012 934 et
1034 865 1198 948 ecclesias,
1222 877 1258 934 ut
1277 869 1379 956 possit
1395 867 1646 934 Bonosiaeorum
1663 865 1768 933 scelus
1790 889 1832 932 ex
1854 889 1893 933 ea
1907 867 1986 932 ciui·

303 983 378 1059 tate,
405 983 555 1062 terraque
570 973 737 1063 repellere,
765 983 798 1041 et
828 975 862 1040 iu
883 972 1095 1040 orthodoxam
1118 973 1216 1040 fidem
1249 971 1490 1040 transformare.
1514 971 1559 1038 Ut
1588 973 1687 1058 igitur
1709 973 1791 1038 sciat
1817 970 1987 1038 beatitudo

303 1088 360 1148 tua
380 1081 483 1146 nostri
512 1080 652 1146 nominis
682 1078 934 1168 dispositionem,
965 1077 1039 1146 ideo
1070 1087 1273 1166 praesentem
1305 1077 1410 1166 legem
1442 1076 1484 1144 ad
1506 1087 1596 1143 tuam
1631 1075 1848 1152 venerabilem
1876 1074 1987 1143 sedem

303 1187 549 1267 transmisimus,
573 1194 608 1251 ut
623 1184 657 1251 in
672 1194 861 1273 perpetuum
880 1183 944 1251 tale
967 1183 1158 1251 beneficium
1182 1183 1301 1251 babeat
1315 1185 1439 1272 patriae
1455 1193 1584 1249 nostrae
1599 1181 1739 1249 ecclesia
1754 1184 1786 1248 in
1801 1181 1853 1248 dei
1870 1181 1988 1248 omni·-

303 1293 444 1383 potentis
481 1291 634 1380 gloriam,
674 1302 706 1358 et
735 1294 836 1359 nostri
867 1292 1005 1358 nominis
1044 1293 1273 1380 sempiternam
1304 1289 1568 1356 recordationem.
1604 1287 1745 1370 Quando
1773 1298 1879 1355 autem
1911 1298 1987 1354 tuae

303 1397 535 1468 recordationis
565 1398 813 1485 gubernatorem
844 1395 885 1462 de
916 1396 978 1464 bac
1014 1395 1085 1462 luce
1116 1395 1274 1476 decedere
1307 1397 1491 1482 contigerit,
1515 1417 1573 1483 pro
1594 1405 1739 1482 tempore
1772 1393 1987 1482 archiepisco·

304 1513 380 1593 pum
404 1507 473 1572 eius
495 1526 516 1568 a
537 1502 714 1571 venerabili
746 1525 804 1568 suo
835 1502 971 1570 concilio
997 1501 1315 1590 metropolitanorum
1339 1500 1483 1578 ordinari
1512 1500 1691 1584 sancimus,
1712 1497 1986 1586 quemadmodum

303 1609 398 1677 decet
426 1607 703 1697 archiepiscopum
737 1605 887 1674 omuibus
909 1606 1099 1674 honoratum
1124 1605 1270 1674 ecclesiis
1292 1605 1436 1694 prouehi,
1459 1601 1548 1671 nulla
1570 1607 1697 1692 penitus
1720 1603 1987 1671 thessalonicensi

303 1718 455 1805 episcopo
479 1737 541 1782 nee
562 1713 605 1781 ad
633 1712 695 1781 boc
717 1714 942 1780 communione
964 1711 1135 1781 seruanda.
1151 1712 1321 1780 Beatitudo
1337 1713 1436 1798 igitur
1450 1719 1516 1793 tna,
1532 1731 1616 1796 quae
1632 1719 1742 1775 nostra
1765 1711 1868 1776 sancit
1883 1719 1986 1776 aeter-

302 1823 398 1905 nitas,
429 1819 539 1918 modis
564 1817 714 1887 omnibus
743 1818 785 1885 ad
820 1819 968 1888 effectum
1000 1817 1161 1886 deducere
1184 1841 1248 1885 non
1271 1817 1409 1885 differat.
1439 1815 1560 1882 Datum
1583 1813 1659 1880 ΧΧ.
1693 1814 1863 1882 Bellieario
1887 1799 1987 1881 VJO.

306 1923 462 1993 Consule.
807 2005 812 2016 .

459 2069 596 2130 Novellse
618 2067 841 2128 Constitutione·
862 2069 1016 2130 Justiniaul
1039 2070 1109 2144 lmp.
1130 2069 1311 2129 Francofurti
1335 2071 1372 2128 ad
1395 2071 1433 2128 tl.
1467 2073 1547 2130 158⁷
1573 2067 1693 2130 Novella
1714 2069 1765 2126 XI.
1788 2088 1817 2144 p.
1841 2069 1893 2125 46.

750 2281 825 2368 vr.
852 2279 940 2366 541.
962 2283 1024 2367 18.
1050 2283 1217 2390 osum
1244 2283 1283 2370 u
1310 2285 1554 2388 cmgrsuu.

476 2459 538 2524 Gar
558 2461 732 2538 Jsssts'n'n‘aa
753 2461 865 2537 atavh'a
886 2461 991 2538 dolnjss
1014 2463 1166 2540 remoue
1175 2463 1239 2538 pud
1259 2463 1338 2525 eluat
1359 2465 1569 2540 suddistupije
1588 2463 1811 2542 pjaatosds'lalte.

462 2632 642 2722 Imperator
670 2631 876 2700 Justiniauua
902 2630 1080 2719 Augustas,
1111 2631 1208 2700 Petro
1241 2632 1473 2720 gloriosissimo
1505 2635 1668 2724 praefecto
1693 2655 1858 2702 sacrorum
1888 2655 1980 2720 prac-
2046 2713 2050 2716 ,

307 2741 472 2808 toriorum.

461 2843 515 2912 De
536 2841 657 2932 regulis
680 2843 918 2930 ecclesiasticis,
942 2854 976 2912 et
998 2843 1185 2933 priuilegiis,
1201 2843 1337 2932 aliisque
1353 2845 1501 2934 capitulis
1516 2846 1558 2914 ad
1586 2855 1807 2914 acrounetas
1830 2843 1986 2912 ecclesias

305 2959 340 3019 ot
359 2948 502 3040 reliquas
525 2948 728 3017 venerabiles
758 2949 871 3016 domos
894 2949 1139 3037 pertinentibus,
1164 2961 1365 3038 praesentem
1387 2951 1580 3039 proferimus
1599 2951 1722 3040 legem:

463 3053 544 3144 Cap.
575 3055 602 3122 I.
633 3054 686 3122 De
715 3063 854 3143 quatuor
877 3058 998 3122 unctis
1028 3055 1172 3122 conciliis
1204 3065 1265 3122 sto.
1299 3093 1339 3106 -
1365 3055 1445 3144 Gap.
1477 3057 1524 3124 ll.
1562 3057 1613 3123 De
1636 3055 1749 3124 urdine
1773 3055 1906 3124 sedendi
1929 3079 1986 3145 pa·

305 3157 521 3226 triarobarum
543 3167 605 3226 ete.
629 3194 671 3210 -
695 3196 737 3210 -
763 3155 843 3246 Gap.
865 3158 926 3226 ΠΙ.
944 3158 995 3226 De
1017 3158 1261 3248 archiepiscopo
1289 3163 1412 3248 primae
1427 3160 1639 3229 Justiniauae.
1658 3161 1720 3230 Per
1736 3171 1861 3250 tempus
1876 3171 1985 3228 autem

306 3265 528 3334 beatissimum
558 3266 681 3352 primae
709 3262 933 3350 Justinianae,
965 3275 1094 3332 norbae
1127 3268 1262 3354 patriae,
1286 3265 1581 3354 archiepiscopum,
1613 3266 1732 3334 babere
1763 3289 1892 3355 semper
1924 3266 1986 3336 sub

306 3391 366 3436 sua
390 3367 611 3436 iurisdictione
641 3370 811 3457 episcopos
842 3371 1082 3458 provinciarum
1115 3371 1240 3439 Daciae
1271 3371 1529 3438 mediterraneae
1562 3383 1594 3439 et
1625 3372 1748 3440 Daciae
1781 3374 1929 3460 ripensis,
1951 3380 1985 3438 st

305 3472 453 3542 Prevalis
475 3484 508 3539 et
537 3472 734 3558 Dardaniae,
766 3483 798 3540 et
827 3473 968 3568 Mysiae·
985 3477 1170 3566 superioris,
1203 3487 1300 3564 atque
1335 3475 1530 3562 Pannoniae,
1555 3487 1587 3544 et
1616 3477 1659 3544 ab
1683 3499 1721 3544 eo
1744 3477 1803 3546 bos
1827 3476 1986 3561 ordinari3

306 3580 413 3667 ipsum
435 3599 514 3644 vero
536 3600 557 3644 a
577 3580 707 3668 proprio
725 3578 866 3644 ordinari
890 3578 1037 3664 concilio,
1061 3588 1093 3646 et
1117 3582 1151 3646 in
1174 3580 1328 3648 subiectis
1344 3582 1407 3648 sibi
1423 3583 1598 3668 provinciis
1613 3581 1719 3649 locum
1743 3583 1889 3650 obtinere
1911 3603 1985 3648 eum

306 3683 394 3752 sedis
415 3681 611 3772 apostolieae
633 3683 765 3766 Romae,
789 3682 965 3750 secundum
993 3707 1041 3768 ea,
1064 3707 1148 3772 quae
1167 3685 1300 3752 delinita
1317 3697 1391 3752 sunt
1406 3709 1426 3752 a
1443 3689 1644 3753 sanctissimo
1668 3709 1751 3775 papa
1771 3687 1902 3775 vigilio.
1922 3696 1986 3754 eto.

464 3786 558 3869 Quae
578 3789 678 3874 igitur
698 3809 756 3875 per
785 3797 990 3874 praesentem
1011 3787 1117 3876 legem
1140 3793 1173 3856 in
1197 3799 1387 3878 perpetuum
1421 3791 1603 3860 vallituram
1635 3803 1747 3859 nostra
1768 3795 1878 3859 sanxit
1900 3802 1986 3858 uan-

305 3894 458 3985 quillitas,
482 3902 538 3960 tua
561 3892 717 3960 celsitudo
741 3893 856 3960 edictis
879 3892 1054 3962 solenniter
1075 3896 1109 3962 iu
1130 3893 1198 3962 bac
1212 3898 1303 3982 regia
1317 3896 1398 3964 urbe
1424 3899 1608 3984 propositis,
1624 3897 1666 3964 ad
1689 3899 1832 3982 omnium
1856 3897 1986 3964 studeat

304 4001 476 4090 peruenire
498 3999 654 4066 notitiam.
676 3997 745 4064 Nos
766 4000 852 4064 enim
877 3999 1124 4086 prouidebimus
1148 4011 1309 4089 quatenus
1325 4003 1395 4068 sine
1411 4001 1599 4091 collatorum
1615 4002 1784 4090 dispendio
1806 4004 1864 4070 fiat
1886 4006 1985 4071 etiam

304 4107 339 4175 in
361 4105 537 4196 prouinciis
552 4101 732 4171 manifesta.
748 4103 825 4171 Dat.
847 4103 922 4172 XV.
941 4105 1006 4172 kal.
1031 4106 1109 4194 Apr.
1128 4106 1281 4174 Constan.
1299 4107 1341 4174 D.
1358 4105 1398 4174 N.
1414 4107 1532 4174 Justin.
1551 4109 1584 4174 Ρ.
1602 4107 1637 4174 Ρ.
1654 4109 1695 4174 Α.
1713 4107 1811 4174 Basil.
1828 4106 1866 4176 0.
1884 4107 1984 4175 Oons.

463 4251 620 4309 dnstiniani
639 4251 709 4324 Imp.
736 4250 834 4310 Donat.
857 4251 1003 4310 Novellae.
1026 4251 1160 4310 CXXXI.

1039 4463 1135 4548 vm
1163 4463 1254 4594 aaa

314 4661 420 4738 Virilis
443 4676 531 4735 papa
558 4657 675 4722 salutm
703 4657 898 4735 Satmtdassa
926 4659 1068 4732 δόαΙιοκιι,
1097 4677 1199 4720 souma
1223 4661 1388 4736 patientta
1417 4679 1439 4721 u
1465 4661 1647 4738 balaustia,
1676 4665 1753 4724 aeta
1780 4679 1812 4724 aa
1834 4681 1872 4726 sse
1893 4665 1988 4726 orado

303 4765 385 4840 pr'u‘a
414 4765 472 4826 uos
493 4765 558 4840 aooj
572 4781 665 4843 posco
687 4783 725 4826 sse
746 4763 835 4834 auru.
857 4765 924 4825 tort
943 4781 985 4840 pa
1006 4764 1051 4824 tto
1080 4765 1142 4839 sss'je
1164 4766 1265 4827 alatae
1294 4767 1413 4842 njeyove
1441 4766 1595 4840 mordeas·
1623 4767 1636 4826 s'
1658 4769 1823 4842 propucsse
1852 4771 1998 4833 mredba·

762 4897 903 4986 vigilius
923 4900 1105 4988 episcopus,
1129 4899 1263 4966 Rustico
1286 4909 1319 4967 et
1340 4897 1542 4966 Sebastiano.

986 5019 1097 5092 (Drugo
1119 5017 1323 5092 iaostavljeno).

464 5185 580 5254 Postea
601 5207 681 5256 varo
707 5195 786 5254 uta
808 5185 902 5254 nobis
926 5185 969 5252 ad
991 5184 1230 5252 Dalmatiarum
1245 5187 1474 5273 patrimonium
1490 5187 1672 5270 mittereris,
1688 5189 1822 5254 summis
1834 5191 1991 5277 precibus

306 5290 486 5381 postulasti.
513 5290 611 5374 Quod
640 5315 700 5359 nos
730 5292 845 5376 securi,
876 5293 954 5380 quia
982 5290 1079 5358 talem
1108 5291 1233 5357 laceras
1264 5293 1456 5377 cautionem,
1485 5293 1593 5358 animo
1616 5290 1729 5358 libenti
1751 5297 1986 5370 concessimus.

304 5397 470 5482 Quidum
491 5398 526 5463 ln
548 5395 770 5466 sasaim
792 5396 906 5464 urbem
928 5417 988 5486 pro
1010 5395 1211 5463 ordinatione
1235 5396 1420 5484 patrimonii
1442 5395 1640 5480 aduenisses,
1676 5407 1833 5484 quantum
1853 5399 1897 5465 ad
1919 5422 1984 5470 uos
