4350 5932
329 453 432 526 66,

330 641 391 707 deo
414 645 534 727 gratias
560 641 744 720 referentes,
782 663 899 724 magno
924 642 1042 724 gaudio
1067 663 1177 705 sumus
1201 640 1323 726 repleti,
1360 644 1414 728 qui
1446 665 1504 706 vos
1537 663 1621 706 nunc
1654 642 1694 705 ad
1722 651 1845 706 tantam
1877 644 2013 724 gratiam

331 748 518 833 perducere,
543 757 575 811 ct
598 749 680 810 inter
704 769 781 810 oues
807 769 882 810 suas
917 769 1148 811 connumerare
1172 747 1323 832 dignatus
1348 761 1404 829 est,
1439 749 1615 814 secundum
1650 748 1735 833 quod
1770 747 1921 810 dominns
1952 749 2014 828 ipsi

330 853 465 938 principi
490 852 706 938 apostolorum
735 853 895 914 commisit
919 851 1047 916 dicens:
1067 851 1099 916 Si
1117 852 1224 934 diligis
1248 876 1307 933 me,
1325 853 1433 916 Simon
1459 853 1563 933 Petre,
1589 841 1683 938 pasce
1702 874 1778 916 oues
1802 875 1900 916 meas.
1919 851 2015 915 Unde

330 966 468 1020 vestram
505 956 703 1036 fidelitatem,
721 967 760 1019 ‘et
784 956 1083 1019 christianissimam
1109 956 1323 1038 deuotionem,
1348 957 1397 1020 his
1422 961 1541 1022 nostris
1574 957 1759 1042 apostolicis
1792 957 1906 1020 litteris
1945 978 2012 1019 am·
2102 1012 2115 1036 ,

329 1079 497 1126 monemus
522 1075 553 1126 et
577 1062 796 1140 exhortamur,
814 1072 849 1124 ut
865 1064 948 1125 sicut
964 1062 1074 1124 diuina
1091 1064 1299 1146 inspiratione
1324 1085 1420 1145 agere
1444 1065 1604 1146 caepistis,
1630 1085 1731 1148 usque
1755 1062 1796 1125 ad
1820 1061 1918 1125 finem
1945 1084 2013 1145 per·

329 1167 436 1248 ficere,
473 1178 505 1231 et
542 1167 717 1231 obseruare
755 1189 818 1230 non
859 1169 1131 1251 praetermittatis.
1170 1167 1337 1246 Quatenus
1365 1168 1425 1231 sub
1460 1167 1512 1231 ala
1535 1181 1566 1232 et
1590 1169 1746 1252 regimine
1785 1183 1880 1253 atque
1905 1167 2014 1230 defen·

330 1275 421 1336 sione‘
446 1273 528 1336 beati
553 1272 640 1336 Petri
664 1270 800 1357 apostoli
825 1283 855 1334 et
878 1281 996 1351 nostra,
1022 1279 1087 1333 toto
1122 1275 1290 1335 conamine
1312 1295 1371 1336 vos
1404 1271 1552 1352 subdere,
1585 1285 1681 1358 atque
1712 1275 1743 1336 in
1778 1275 1855 1342 eius,
1880 1273 2013 1335 seruitio

331 1399 548 1462 perseuerare,
583 1379 674 1473 quasi
707 1375 813 1440 dilecti
840 1375 906 1456 lilii,
940 1379 1153 1460 procurastis,
1185 1379 1327 1462 apertius
1359 1375 1420 1440 hoc
1451 1377 1637 1458 ostendatis,
1662 1387 1758 1462 atque
1784 1371 1956 1461 impleatis,
1981 1389 2015 1438 ut

330 1482 479 1546 dominus
503 1485 534 1545 in
560 1481 728 1564 euangelio
754 1481 831 1544 dicit
846 1503 852 1543 :
867 1478 922 1544 Sic
945 1481 1074 1544 luceant
1097 1503 1195 1566 opera
1218 1491 1327 1544 vestra
1351 1504 1457 1545 coram
1483 1481 1675 1562 hominibus,
1709 1491 1745 1546 ut
1776 1481 1909 1545 videant
1931 1481 2015 1543 bona

330 1609 428 1672 opera
449 1598 566 1668 vestra,
592 1597 624 1650 et
647 1585 829 1669 glorificent
864 1595 986 1671 patrem
1018 1597 1171 1666 vestrum,
1197 1587 1251 1671 qni
1277 1589 1308 1649 in
1334 1585 1431 1650 caelis
1456 1597 1513 1650 est.
1538 1585 1581 1649 Et
1604 1597 1639 1650 ut
1663 1589 1706 1650 ita
1729 1586 1790 1650 hoc
1813 1609 1869 1671 per
1901 1586 2013 1650 orbem
2110 1617 2115 1626 ·

330 1701 486 1754 terrarum
514 1701 640 1755 vestrae
664 1693 847 1777 sponsionis
878 1690 1072 1769 diffametur,
1097 1703 1130 1754 ut
1153 1691 1330 1754 auxiliante
1365 1691 1505 1772 domino,
1531 1701 1562 1754 et
1585 1705 1768 1756 sanctorum
1793 1691 2014 1776 apostolorum

331 1796 583 1879 suffragantibus
609 1799 740 1876 meritis,
765 1807 812 1860 ea·
826 1817 909 1881 quae
939 1796 1034 1859 saluti
1052 1807 1082 1859 et
1098 1796 1226 1859 utilitati
1249 1797 1389 1858 omnium
1409 1807 1550 1858 vestrum
1578 1795 1723 1880 proficua
1746 1807 1829 1875 sunt,
1855 1799 2015 1880 possimus

330 1900 370 1964 ad
395 1903 548 1965 honorem
575 1913 606 1965 et
629 1901 857 1965 exaltationem
876 1913 1007 1978 sanctae
1023 1901 1112 1964 sedis
1128 1899 1322 1986 apostolicae
1340 1903 1562 1999 incunctanter
1590 1897 1754 1985 perficere,
1780 1903 1863 1964 sient
1883 1901 2014 1962 nomine

331 2011 438 2069 vestro
462 2007 580 2091 scripta
604 2009 697 2070 nobis
721 2007 906 2070 mandastis.
931 2007 975 2069 ita
999 2008 1031 2068 in
1057 2005 1137 2070 libro
1153 2005 1282 2069 caelesti
1307 2008 1426 2090 scripta
1450 2006 1543 2069 vobis
1561 2018 1778 2090 permaneant.
1805 2003 2015 2090 Quapropter

330 2111 528 2192 mandamus,
553 2121 588 2174 ut
610 2121 791 2184 reuertente
815 2111 856 2174 ad
878 2133 936 2173 vos
953 2110 1070 2174 dilecto
1088 2111 1239 2196 episcopo
1268 2123 1384 2192 vestro,
1413 2109 1546 2174 idoncos
1577 2111 1701 2194 legatos
1719 2121 1843 2174 vestros
1862 2133 2014 2195 praesen·

328 2215 435 2280 taliter
457 2215 498 2278 ad
522 2238 580 2279 nos
604 2217 744 2298 dirigere
774 2239 838 2278 non
857 2219 1130 2300 praetermittatis.
1148 2214 1213 2292 Qui
1238 2237 1294 2300 pro
1317 2226 1407 2300 parte
1432 2219 1574 2279 omnium
1599 2225 1742 2278 vestrum
1766 2237 1824 2278 nos
1848 2226 1880 2278 et
1903 2214 2013 2278 sedem

329 2321 538 2406 apostolicam
563 2322 740 2406 certificant
764 2321 804 2384 de
832 2320 984 2406 hisquae
1008 2321 1192 2402 mandastis,
1217 2331 1251 2383 ut
1274 2329 1306 2383 et
1329 2341 1386 2384 nos
1410 2321 1543 2384 missum
1576 2329 1720 2384 nostrum
1755 2319 1933 2404 dirigamus
1973 2321 2013 2383 ad

329 2447 398 2490 vos.
424 2425 550 2504 Quibus
582 2425 757 2488 secundum
791 2447 909 2488 morem
944 2436 976 2488 et
1006 2424 1269 2488 consuetudinem
1305 2425 1460 2489 ecclesiae
1496 2437 1632 2504 nostrae,
1670 2426 1840 2488 uniuersus
1876 2423 2015 2510 populus

330 2543 438 2595 vester
477 2530 664 2594 fidelitatem
709 2531 880 2609 promittat.
921 2529 1053 2593 Interim
1088 2551 1254 2592 monemus
1293 2539 1328 2592 ut
1369 2540 1551 2593 constantes
1588 2531 1819 2613 permaneatis3
1860 2513 2014 2614 quoniam

330 2637 484 2720 scriptum
519 2645 576 2698 est
600 2633 717 2698 Melius
745 2645 814 2698 est:
847 2644 955 2698 votum
984 2656 1047 2697 non
1068 2656 1196 2713 nouere,
1225 2656 1320 2718 qnam
1348 2645 1421 2719 post
1450 2643 1560 2697 votnm
1587 2635 1744 2717 promissa
1767 2655 1831 2696 nou
1862 2634 2009 2720 implere.
2048 2659 2051 2666 ⁴

331 2739 470 2826 Spiritus
496 2740 616 2804 domini
640 2741 695 2825 qui
719 2739 829 2803 orbem
865 2749 970 2804 terrae
993 2738 1142 2824 repleuit,
1172 2739 1295 2823 repleat
1318 2748 1461 2802 vestrum
1485 2761 1541 2803 cor
1565 2740 1651 2802 omni
1677 2761 1756 2823 pace
1780 2749 1812 2802 et
1835 2739 1956 2822 gaudio
1981 2741 2013 2802 in

332 2843 461 2910 Christo
485 2843 587 2910 Jhesu
612 2845 740 2908 domino
774 2854 892 2908 nostro.

453 3061 457 3070 ·
488 3025 517 3080 Ia
540 3025 747 3097 vatilranskoga
769 3025 903 3096 rukopisa
925 3025 976 3080 XI.
1001 3025 1090 3081 vieka.
1112 3025 1257 3096 Epistulae
1283 3025 1422 3084 Johannis
1447 3025 1523 3080 VllI.
1547 3025 1676 3097 Epistola
1700 3027 1774 3084 ‘lh‘h
1798 3033 1847 3084 atr.
1874 3027 1947 3080 116.

737 3335 965 3466 LXXXII.
993 3333 1081 3415 881.
1109 3333 1172 3416 23.
1199 3333 1367 3436 otuJ‘ka.
1396 3333 1432 3416 U
1460 3335 1603 3415 Rimu.

294 3617 296 3621 ,
333 3533 411 3590 laun
442 3529 533 3591 VIII.
568 3549 650 3603 popu
679 3522 746 3602 pia'c
781 3529 905 3587 Metodu
935 3529 1126 3600 nautarum
1152 3529 1324 3600 punoushih
1358 3527 1524 3602 Sloujcnuh,
1565 3531 1639 3588 tato
1672 3547 1703 3588 sc
1739 3531 1826 3588 eeseli
1850 3534 1940 3601 tuma,
1971 3532 2016 3591 Ito

515 3637 636 3710 arrepto
659 3637 747 3694 bruni
770 3637 852 3707 ujeru
876 3636 999 3704 rimata,
1021 3636 1033 3692 i
1056 3635 1123 3706 aar·
1143 3652 1183 3707 ya
1206 3634 1275 3692 rodi
1296 3634 1448 3708 proponat
1471 3635 1536 3708 toja
1554 3636 1708 3708 podnoaiti
1732 3652 1825 3694 moro.

871 3803 1036 3869 Methodio
1056 3803 1299 3889 archiepiscopo
1321 3827 1379 3890 pro
1404 3805 1476 3870 lide.

489 3980 663 4045 Pastoralis
689 3979 913 4044 sollicitudinis
931 3989 1004 4044 tuae
1021 4002 1141 4060 curam,
1158 4003 1253 4065 qnam
1280 3983 1311 4044 in
1336 3980 1498 4045 lucrandis
1522 3981 1691 4045 animabus
1714 3981 1856 4046 fidelium
1882 3979 2012 4044 domino

329 4089 389 4154 deo
414 4101 523 4154 nostro
547 4087 691 4163 exhibes,
715 4085 940 4172 approbantes,
966 4099 998 4150 et
1021 4087 1219 4150 orthodoxae
1243 4085 1317 4150 fidoi
1341 4097 1372 4150 te
1395 4084 1551 4148 cultorem
1569 4095 1733 4149 strenuum
1758 4087 1910 4162 existere,
1937 4107 2011 4148 con·

329 4193 530 4280 templantes,
563 4194 658 4255 nimis
690 4193 720 4252 in
752 4189 864 4254 eodem
901 4191 1031 4254 domino
1064 4191 1291 4271 iocundamur,
1327 4202 1358 4254 et
1391 4193 1418 4253 ei
1460 4193 1633 4254 immensas
1665 4190 1778 4254 laudes
1821 4205 1852 4253 et
1892 4192 2014 4272 gratias

328 4323 425 4385 agere
448 4323 512 4364 non
536 4319 710 4362 cessamus
737 4294 801 4374 Qui
826 4307 856 4358 te
881 4297 984 4378 magis
1016 4318 1055 4358 ac
1079 4298 1181 4377 magis
1206 4298 1236 4358 in
1277 4298 1342 4358 suis
1377 4295 1534 4358 mandatis
1558 4295 1722 4376 accendat,
1748 4307 1779 4358 et
1804 4294 1845 4358 ad
1881 4307 2012 4359 sanctae

327 4427 403 4470 snae
417 4405 572 4470 ecclesiae
587 4400 764 4486 profectum
782 4399 823 4463 ab
839 4400 986 4463 omnibus
1000 4399 1250 4462 aduersitatibus
1264 4400 1437 4463 clementer
1451 4403 1576 4484 eripiat.
1594 4399 1714 4463 Verum
1731 4400 1850 4464 auditis
1866 4423 1923 4486 per
1940 4409 2010 4464 tuas

264 4521 268 4532 '
327 4509 449 4573 litteras
467 4509 565 4572 variis
589 4506 728 4583 casibus,
756 4503 806 4568 vel
831 4504 999 4568 enantibus
1024 4507 1096 4583 tuis,
1117 4515 1237 4588 quantu
1261 4507 1483 4589 compassione
1508 4505 1565 4568 tibi
1589 4503 1860 4585 condoluerimus,
1886 4529 1929 4570 ex
1953 4505 2013 4570 hoc

328 4615 497 4678 aduertere
521 4617 650 4698 poteris,
676 4613 707 4673 in
741 4633 803 4696 quo
827 4622 857 4673 te
882 4632 989 4673 coram
1022 4609 1114 4673 nobis
1144 4610 1291 4694 positum,
1322 4619 1452 4672 sanctae
1475 4631 1626 4672 romanae
1651 4608 1807 4674 ecclesiae
1832 4609 2013 4674 doctrinam

329 4720 419 4782 iuxta
443 4727 624 4780 sanctorum
641 4727 764 4799 patrum
782 4714 979 4800 probabilem
993 4715 1207 4793 traditionem,
1233 4715 1324 4798 sequi
1348 4713 1466 4777 debere
1491 4715 1681 4792 monuimus,
1697 4723 1802 4778 ettam
1817 4715 2014 4800 symbolum,

327 4845 422 4910 quam
448 4819 567 4886 rectam
592 4822 687 4885 fidem
718 4845 737 4882 a
766 4832 797 4883 tc
819 4820 997 4883 docendam
1029 4831 1061 4882 et
1092 4818 1340 4903 praedicandam
1365 4813 1577 4882 subdidimus.
1601 4817 1790 4904 Nostrisque
1824 4821 2013 4904 apostolicis

328 4929 442 4992 litteris
465 4925 607 5010 glorioso
629 4927 767 5011 principi
793 4921 1066 5008 Sphentopulcho,
1092 4946 1171 5008 quas
1196 4925 1224 4984 ei
1248 4923 1366 4986 asseris
1390 4921 1498 4986 fuisse*
1514 4921 1646 5004 delatus,
1681 4921 1743 4987 hoc
1778 4924 1886 5009 ipsum
1909 4927 2012 5009 signi·

326 5031 504 5110 ficauimus,
530 5043 561 5094 et
585 5053 688 5115 neque
716 5031 797 5093 aliae
823 5027 947 5093 litterae
965 5039 1093 5092 nostrae
1109 5029 1151 5092 ad
1169 5051 1240 5092 cum
1258 5027 1399 5091 directae
1428 5040 1512 5110 sunt,
1530 5050 1634 5114 neque
1652 5031 1803 5114 episcopo
1829 5029 1877 5093 illi
1900 5029 2011 5116 palam
2056 5041 2060 5049 '

326 5137 378 5201 vel
402 5147 526 5201 secreto
551 5135 638 5199 alind
662 5135 845 5198 faciendum
869 5136 1077 5214 iniunximus,
1114 5143 1146 5196 et
1170 5131 1257 5196 aliud
1282 5157 1301 5196 a
1325 5144 1355 5196 te
1380 5133 1600 5217 peragendum
1630 5132 1845 5198 decreuimus.
1878 5133 2012 5214 Quanto

316 5241 431 5304 'minus
455 5239 651 5304 credendum
677 5250 733 5318 est,
760 5248 794 5300 ut
818 5249 1052 5302 sacramentum
1078 5238 1140 5300 hab
1165 5237 1275 5301 eodem
1301 5239 1453 5322 episcopo
1489 5237 1725 5322 exhigeremus,
1763 5259 1859 5323 quem
1894 5239 2011 5305 saltem

324 5345 388 5412 leui
410 5365 558 5410 sermono
583 5365 679 5432 super
703 5342 764 5407 hoc
789 5345 917 5427 negotio
942 5341 1073 5406 allocuti
1098 5363 1161 5406 non
1184 5341 1314 5406 luimus.
1332 5340 1475 5428 Ideoque
1498 5353 1603 5408 cesset
1626 5345 1688 5409 ista
1711 5341 1872 5428 dubietas,
1896 5354 1928 5409 et
1949 5345 2012 5412 deo
