4300 5930
1743 421 1804 488 103

139 611 256 678 hannis
279 615 485 700 euangelista,
510 616 594 704 quod
620 616 734 682 Veneti
758 616 994 680 destruxerunt.
1024 614 1174 680 Preterea
1205 617 1367 682 libertates
1400 626 1432 682 et
1460 618 1676 681 immunitates
1699 619 1706 654 ¹
1733 637 1801 702 'que

137 719 270 786 fuerunt
293 723 491 808 prescripti⁹
513 723 706 804 monasterii,
731 722 824 786 vobis
848 733 879 786 et
901 723 1095 786 monasterio
1119 732 1235 803 vestro,
1260 722 1344 808 quod
1368 721 1452 787 illius
1477 721 1679 809 capellaiuit‚
1696 733 1802 787 ancto-

135 826 233 890 ritate
252 826 429 912 apostolica
451 828 688 894 confirmamus.
713 827 797 893 Sane
821 828 979 892 nouaiium
1002 839 1192 907 vestrorum,
1212 849 1291 914 qnos
1308 830 1445 914 propriis
1462 826 1609 893 manibus
1625 839 1681 892 aut
1696 845 1801 914 sump-

135 931 224 998 tibus
248 931 361 1014 colitis,
385 935 454 998 siue
474 933 514 999 de
538 935 739 1000 nutrimentis
758 932 945 998 animalium
968 945 1158 1016 vestrorum,
1183 933 1288 998 nullus
1311 958 1331 998 a
1354 933 1447 998 vohis
1472 934 1613 998 decimas
1636 944 1800 1020 presumat

135 1038 281 1122 exigere.
304 1038 417 1104 Liceat
439 1039 532 1104 vobis
555 1063 683 1128 quoque
707 1039 842 1104 clericos
866 1049 898 1104 et
919 1038 1018 1104 laicos
1041 1062 1061 1103 a
1085 1038 1193 1105 seculo
1226 1039 1385 1125 fugientes
1415 1039 1534 1105 liberos
1569 1049 1600 1104 et
1632 1038 1798 1106 absolutos

135 1141 261 1230 absque
283 1143 418 1211 alicuius
442 1147 693 1212 contradictione
716 1146 757 1212 ad
780 1139 1056 1210 'conuersationem
1081 1155 1219 1210 vestram
1240 1147 1392 1232 recipere,
1417 1155 1448 1210 et
1484 1146 1516 1209 in
1549 1155 1656 1210 vestro
1692 1167 1799 1210 mona·

18 1251 20 1260 ³
135 1252 236 1314 sterio
260 1251 406 1316 retinere.
432 1250 580 1318 Oheunte
604 1273 680 1316 vero
703 1264 734 1316 te
757 1274 843 1316 nnnc
865 1249 1008 1315 eiusdem
1033 1251 1093 1316 loci
1114 1251 1242 1331 abbate,
1268 1251 1467 1316 veltuorum
1499 1248 1644 1336 quolibet
1675 1271 1800 1316 succes·

135 1376 256 1436 sorum,
280 1355 387 1420 nulius
411 1357 455 1421 ibi
479 1356 621 1444 qualibet
643 1357 860 1444 subreptionis
881 1357 1008 1436 asmtia,
1032 1379 1089 1422 seu
1112 1357 1262 1422 violentia
1286 1367 1491 1443 proponatur,
1523 1357 1583 1420 nisi
1609 1375 1703 1442 quem
1737 1356 1799 1420 fra-

28 1496 33 1506 ·
137 1471 203 1524 tres
228 1464 388 1528 communi
412 1485 581 1542 consensu,
605 1463 657 1528 vei
680 1463 813 1538 fratrom
839 1463 853 1500 ³
877 1485 950 1548 pars
974 1461 1098 1526 consilii
1123 1465 1269 1542 sanioris,
1301 1462 1476 1528 secundum
1508 1460 1559 1526 dei
1585 1455 1732 1526 timorehr
1766 1473 1798 1525 et

141 1563 228 1630 beuti
252 1566 419 1634 Benedicti
442 1569 585 1655 reguiam
611 1569 808 1655 prociderint
829 1567 1020 1654 eligendum.
1041 1567 1245 1654 Sepulturam
1269 1590 1395 1656 quoque
1421 1555 1644 1632 eiusdem‘loci
1662 1566 1796 1631 liberum

136 1691 209 1736 esse
234 1671 446 1755 decernimus,
471 1684 633 1739 uteorum
658 1674 820 1740 deuotioni
844 1685 875 1738 et
901 1685 1043 1740 extreme
1066 1675 1230 1754 voluntati,
1254 1676 1309 1761 qui
1345 1698 1379 1738 se
1413 1671 1480 1740 illio
1514 1673 1654 1760 sepeliri
1677 1671 1798 1738 delibe-

140 1781 294 1861 ranerint,
319 1781 378 1844 nisi
402 1781 484 1844 forte
506 1783 773 1846 excommunicati
800 1781 850 1844 vet
874 1781 1035 1846 interdicti
1058 1783 1130 1862 sint,
1155 1779 1260 1864 nulius¹
1277 1779 1420 1863 obsistat,
1438 1777 1529 1843 salua
1545 1792 1651 1843 tamen
1676 1779 1797 1844 institia

137 1881 267 1948 ittarum
292 1885 510 1966 ecclesiarum,
532 1910 550 1948 a
575 1889 691 1973 quihus
716 1901 911 1952 mortuorum
936 1909 1070 1974 corpora
1093 1897 1308 1951 assumuntur.
1329 1885 1542 1951 Decernimus
1561 1905 1648 1970 ergo,
1662 1895 1697 1947 ut
1720 1882 1798 1948 nulii

134 1991 268 2053 omnino
292 1989 455 2062 bominum
479 1991 575 2057 liceat
599 1993 613 2032 ⁴
633 1995 859 2058 monasterium
891 1993 1064 2056 vestrum⁵
1095 2003 1216 2057 temere
1252 1991 1448 2077 perturbare,
1484 1999 1540 2055 aut
1573 1992 1641 2055 eius
1675 2011 1799 2076 posses·

134 2096 243 2160 sionss
266 2096 402 2180 anferre,
427 2097 477 2162 vei
501 2097 626 2163 ablatas
649 2101 794 2178 retinere,
817 2102 1014 2180 imminuere,
1038 2117 1094 2163 seu
1119 2097 1316 2184 quibuslibet
1327 2096 1553 2162 vexationibus
1577 2095 1721 2181 fatigare,
1739 2093 1796 2160 sed

134 2202 244 2264 omnia
267 2204 391 2288 integra
414 2216 643 2270 conseruentur
663 2229 783 2286 eorum,
810 2229 864 2290 pro
888 2225 1024 2291 quorum
1048 2207 1278 2270 sustentatione
1300 2203 1360 2268 hac
1383 2203 1615 2288 gubernatione
1646 2223 1799 2267 concessa

134 2317 211 2372 sunt
234 2309 345 2373 usibus
369 2306 561 2375 omnimodis
576 2311 751 2397 profutura,
769 2311 857 2376 salua
874 2311 960 2375 sedis
975 2310 1150 2395 apostolice
1166 2311 1353 2375 auctoritate
1377 2320 1409 2374 et
1424 2309 1605 2375 dioecesani
1622 2309 1764 2392 episcopi
1782 2307 1796 2346 ⁸

15 2491 16 2496 η
133 2417 292 2478 canonica
315 2415 448 2480 iusticia.
470 2415 504 2482 Si
528 2439 592 2504 qua
616 2419 712 2501 igitur
735 2419 766 2482 in
792 2417 932 2482 futurum
958 2415 1177 2482 ecclesiastiea
1201 2413 1395 2480 secularisue
1421 2437 1566 2502 persona,
1591 2413 1674 2478 hane
1690 2423 1798 2478 nostre

15 2515 16 2518 '
135 2521 374 2586 constitutionis
398 2523 546 2607 paginam
571 2523 676 2586 sciens
700 2534 810 2588 contra
833 2546 904 2587 eam
936 2532 1054 2586 temere
1086 2522 1197 2586 venire
1228 2522 1442 2608 temptauerit,
1472 2519 1623 2600 secundo,
1654 2521 1796 2584 tercione

134 2627 340 2700 commonita,
363 2630 422 2693 nisi
447 2629 717 2715 presumptionem
742 2653 831 2694 suam
855 2629 953 2714 digna
970 2629 1191 2694 satisfaccione
1208 2629 1392 2709 correxerit,
1408 2628 1585 2714 potestatis,
1602 2624 1797 2710 honorisque

134 2734 185 2796 sui
206 2743 319 2798 careat
341 2733 507 2817 dignitate,
531 2757 683 2822 reamque
706 2758 740 2800 se
763 2737 872 2799 diuino
896 2734 1015 2800 iudicio
1039 2736 1198 2800 existente
1228 2733 1268 2798 de
1305 2743 1488 2820 perpetrata
1522 2731 1687 2818 iniquitate
1721 2753 1796 2814 cog·

135 2847 247 2902 noscat
267 2849 299 2903 et
320 2863 340 2904 a
364 2842 580 2905 sacratissimo
601 2863 734 2926 corpore
760 2841 819 2905 bae
842 2843 999 2925 sanguine
1031 2840 1084 2904 dei
1116 2851 1147 2904 et
1180 2840 1300 2904 domini
1336 2838 1547 2925 redemptoris
1582 2838 1681 2902 nostri
1715 2835 1796 2902 Jesu

134 2941 257 3008 Christi
278 2945 383 3010 atiena
407 2945 471 3028 fiat,
497 2957 593 3032 atquo
616 2949 649 3010 in
673 2957 817 3011 extremo
839 2948 986 3011 examine
1013 2948 1155 3010 districte
1180 2946 1309 3012 ultionis
1333 2943 1506 3010 subiaceat.
1531 2942 1663 3008 Cunctis
1687 2951 1794 3007 autem

134 3049 239 3114 eidem
264 3049 333 3114 loco
350 3074 408 3116 sun
424 3053 493 3116 iura
509 3052 723 3132 seruantibus,
740 3053 782 3116 sit
797 3075 860 3138 pax
880 3052 999 3116 domini
1017 3053 1116 3118 nostri
1130 3051 1210 3117 Jesu
1226 3049 1355 3131 Christi,
1372 3052 1522 3137 quatinus
1544 3060 1576 3114 et
1590 3048 1643 3114 hic
1656 3047 1795 3112 fructum

135 3155 218 3219 hone
243 3159 379 3220 actionis
402 3159 589 3246 percipiant¹
613 3170 645 3222 et
666 3157 750 3244 apud
767 3159 946 3222 districtum
964 3158 1100 3224 iudicem
1118 3159 1240 3244 premia
1256 3169 1363 3224 eterne
1381 3159 1469 3244 pacis
1486 3157 1659 3222 inueniant.
1678 3153 1790 3218 Arnen.

282 3280 353 3366 Ego
377 3279 563 3346 Alexander
586 3281 741 3346 catholice
767 3280 902 3347 ecclesio
926 3283 1097 3368 episeopus
1123 3303 1164 3346 m.
1190 3304 1221 3367 p.

282 3385 397 3470 †Ego
419 3385 585 3451 «Iohannes
610 3388 777 3475 presbyter
801 3387 973 3452 cardinatis
997 3411 1039 3451 ss.
1063 3385 1221 3451 Johannis
1245 3395 1276 3450 et
1299 3385 1390 3450 Pauli
1421 3393 1457 3449 tt.
1490 3383 1652 3448 Pamachii
1688 3405 1729 3446 m.
1762 3405 1795 3468 p.

283 3491 398 3577 †Ego
420 3492 586 3558 Jobannes
679 3542 692 3571 „
880 3544 893 3570 „
1003 3503 1037 3556 tt.
1062 3515 1086 3556 s.
1111 3491 1282 3556 Anastasie
1307 3515 1347 3556 m.
1372 3514 1403 3578 p.

282 3597 560 3684 †EgoJoannes
674 3649 690 3682 ‚‚
878 3649 891 3678 „
1010 3648 1023 3675 „
1075 3597 1218 3680 „Marci
1275 3644 1278 3653 .
1320 3647 1335 3678 „
1385 3645 1401 3679 „

282 3703 396 3788 †Ego
418 3703 532 3770 Petrus
675 3756 687 3786 „
878 3753 893 3786 „
1013 3751 1026 3778 ,,
1078 3701 1292 3789 „Grisogoni
1319 3754 1333 3783 „
1386 3755 1399 3783 ‚,

173 3879 185 3890 ,
282 3809 513 3896 †EgoHugo
678 3862 691 3886 ,,
879 3859 894 3895 „
1007 3837 1028 3887 ·„
1077 3808 1335 3894 „Clementis‚,
1386 3861 1401 3890 „

282 3915 396 4000 †Eg0
419 3915 583 3981 Arduinus
676 3965 692 3996 ‚,
878 3967 892 3994 „
1012 3963 1027 3995 „
1078 3966 1091 3992 ,‚
1113 3913 1399 3992 erucisJerusoi.„
1470 3921 1474 3932 '

282 4021 396 4108 †Ego
419 4021 532 4086 Petrus
674 4071 688 4100 ,‚
878 4072 891 4097 ‚,
1078 4072 1091 4098 „
1112 4020 1242 4110 'Susane
1384 4069 1400 4102 „
1470 4089 1475 4098 ¹

282 4131 301 4204 †
325 4127 397 4212 Ego
420 4127 590 4194 Hubaidus
614 4128 773 4191 hostensis
797 4128 964 4212 episcopus
991 4149 1029 4189 m.
1051 4149 1082 4212 p.

235 4238 238 4244 ’
280 4234 395 4318 †Ego
416 4233 559 4298 Jacnbus
584 4259 609 4298 s.
633 4233 734 4298 Mario
758 4235 789 4297 in
815 4231 997 4318 Oosrnedyn
1022 4231 1104 4296 diar.
1128 4231 1215 4296 card.
1240 4254 1280 4295 tn.
1306 4253 1335 4316 p.
1374 4297 1377 4308 ,

282 4339 396 4424 †Ego
420 4339 547 4403 Arditio
571 4338 651 4404 diac.
677 4339 762 4404 card.
787 4363 812 4405 s.
836 4339 974 4403 Teodori
1001 4361 1040 4402 m.
1065 4361 1095 4423 p.

280 4445 394 4529 'stigo
420 4445 621 4528 Rainerius„
708 4495 723 4527 „
790 4447 964 4528 „Georgii
984 4445 1023 4506 ad
1049 4443 1153 4506 velum
1179 4465 1309 4506 aureum
1334 4463 1363 4504 m
1400 4464 1429 4528 p.

280 4553 302 4632 †
325 4551 396 4636 Ego
420 4551 625 4635 Gratianus„
712 4601 726 4634 „
799 4597 813 4631 „
840 4549 956 4614 Cosme
980 4563 1011 4614 et
1033 4549 1182 4612 Damiani
1208 4573 1248 4612 m.
1274 4571 1302 4634 p.

159 4732 160 4736 ἵ
224 4669 225 4676 ’
279 4657 393 4741 thigo
417 4657 622 4740 iohannes„
710 4709 723 4734 ,,
796 4655 954 4740 „Angeli
979 4679 1018 4720 m.
1045 4651 1084 4740 p.

280 4763 394 4847 †Egu
419 4763 621 4846 Rainerius„
713 4815 725 4840 „
798 4813 812 4844 ,‚
839 4761 1004 4842 Adriani„
1051 4813 1064 4838 ,,

281 4873 301 4949 †
328 4869 395 4954 Ego
420 4869 566 4934 Matheus
588 4893 613 4935 s.
638 4869 739 4934 Marie
762 4893 853 4950 none,
877 4869 957 4932 diac.
983 4867 1069 4932 card.
1096 4889 1124 4930 m
1159 4889 1189 4951 p.

127 5083 392 5096 ..ιι-*ο*-

285 5173 437 5232 ¹Lucius:
472 5179 630 5234 canonicas.
678 5175 816 5234 2Lusius
839 5179 1000 5249 supradicti.
1048 5174 1188 5232 ³hunius
1211 5178 1325 5248 dodaJe:
1351 5176 1448 5236 maior.
1495 5171 1646 5232 ⁴Lucius:
1678 5175 1721 5230 tus
1752 5174 1788 5230 sit

126 5267 290 5338 prefatum.
329 5261 468 5322 5Ιιιιοίιιι
492 5267 620 5338 izpuetio.
668 5262 824 5322 ⁶1.ncius:
849 5267 1002 5324 inderensis
1026 5265 1239 5338 archiepiscopi.
