4292 5926
251 365 309 431 '12-

250 571 336 625 terra
358 561 419 624 fuit
441 559 581 624 Johanni
605 559 714 623 abbati
740 557 916 643 supradicti
940 557 1126 620 monasterii
1151 556 1279 620 tradita.
1311 553 1354 618 Et
1385 577 1445 638 ego
1467 553 1642 632 Jobannes,
1668 552 1846 618 iadertinus
1875 573 1926 616 ῐιο

251 668 352 730 tarius
385 665 506 731 ibidem
541 664 691 744 interfui,
726 663 855 749 quando
891 661 1027 727 Oosmaa
1062 665 1219 748 lupanas,
1250 658 1441 734 monachus,
1474 658 1639 723 moriendo
1671 659 1942 743 prenominatam

252 782 369 836 terram
389 781 468 856 aput
491 769 669 834 Camenani
694 768 836 849 donauit,
861 776 893 831 ct
915 767 1047 832 iubente
1071 768 1141 853 ipso
1167 766 1286 831 Cosma
1308 767 1426 850 iupano
1447 765 1562 850 scripsi
1586 773 1618 828 et
1641 762 1802 828 roboraui.
1845 820 1849 828 .
1890 795 1894 804 ·

402 893 436 957 Iz
460 915 561 956 vana:
586 891 665 956 Pars
686 891 726 957 de
750 891 855 956 insula
878 889 1084 954 Puscumani.

404 1091 508 1146 Marica
532 1109 569 1146 na
589 1092 752 1164 pergameni
777 1109 792 1146 u
817 1089 983 1146 zadarskom
1008 1089 1234 1162 gubernijalnom
1258 1089 1370 1143 arkiro.
1393 1088 1511 1144 Casseta
1534 1089 1570 1143 Il.
1592 1088 1635 1146 br.
1664 1089 1713 1144 12.

674 1417 834 1542 ¹nolu
864 1417 976 1502 noa
1002 1419 1039 1502 a.
1065 1419 1248 1519 sainna
1277 1419 1310 1499 u
1338 1365 1517 1518 unani]

255 1615 444 1676 Atetsuadro
471 1613 535 1675 III.
556 1633 649 1692 popa,
674 1615 740 1674 ticet
763 1616 855 1674 Petra
877 1617 1068 1688 cridentuna
1091 1615 1270 1688 splictstopu
1298 1615 1367 1672 rodi
1389 1615 1490 1688 njeata
1520 1616 1721 1689 pretrptjcaih
1754 1615 1893 1688 mooljck
1931 1614 1945 1671 s·

189 1830 195 1839 ⁸
252 1741 416 1813 proponat,
440 1743 467 1798 te
490 1737 618 1811 obetajc:
643 1739 682 1798 do
703 1739 786 1814 piade
808 1739 954 1800 aodorste
977 1739 1124 1812 otstuptje
1147 1739 1228 1798 tritta
1256 1738 1383 1797 odrcdr'ti
1416 1737 1491 1810 nete,
1526 1737 1571 1798 §to
1603 1735 1634 1798 bi
1662 1737 1806 1812 vricdjcto
1836 1756 1946 1814 praua

843 1863 856 1922 ί
879 1865 1080 1938 dostojonstoo
1101 1865 1186 1924 utve
1208 1863 1355 1937 sle'etste.

416 2047 602 2113 Alexander
626 2049 797 2136 episcopus
821 2071 934 2114 seruus
959 2071 1125 2113 seruorum
1163 2049 1225 2114 dei.
1262 2049 1447 2115 Venerabili
1479 2052 1568 2116 fratri
1601 2049 1725 2137 P(etro)
1754 2050 1941 2115 salonitano

257 2155 510 2241 archiepiscopo,
534 2153 668 2219 salutem
695 2165 726 2218 et
749 2153 958 2240 apostolicam
983 2154 1250 2221 benedictionem.
1272 2155 1411 2221 Litteras
1435 2167 1466 2221 et
1489 2157 1641 2221 dilectum
1668 2157 1768 2221 filium
1788 2167 1935 2221 nostrum

256 2261 449 2345 J(oannem)
473 2261 641 2324 sacristam
667 2258 800 2324 latorem
826 2261 1032 2345 presentium,
1060 2283 1153 2346 quem
1187 2261 1229 2324 ad
1250 2262 1599 2348 sedemapostolicam
1633 2260 1812 2345 destinasti,
1846 2272 1941 2326 tanto

176 2443 183 2458 ·
258 2365 439 2450 benigniori
463 2364 618 2429 charitate
640 2366 850 2451 suscepimus,
877 2373 997 2452 quanto
1023 2365 1154 2452 speciali
1180 2369 1273 2430 matri
1305 2378 1358 2431 tue
1390 2379 1595 2432 sacrosancte
1630 2389 1763 2432 romane
1797 2365 1941 2431 ecclesie

243 2495 295 2554 ac
319 2470 412 2536 nobis
436 2472 514 2556 ipsis
539 2479 570 2534 tc
594 2473 819 2555 cognoscimus
846 2471 971 2535 firmius
995 2471 1160 2554 adherere,
1186 2475 1276 2536 cuius
1301 2471 1477 2536 deuotifilii
1497 2482 1527 2536 et
1544 2471 1665 2556 fideles,
1684 2476 1744 2538 etsi
1761 2471 1941 2560 aliquando

257 2599 481 2664 peruersorum
505 2577 784 2662 persecutionibus
809 2577 1046 2664 perturbantur,
1072 2587 1103 2640 et
1127 2580 1242 2662 oprimi
1266 2577 1436 2642 videantur
1460 2579 1501 2642 ad
1533 2577 1942 2665 tempus,'temporalibus

257 2693 366 2748 tamen
390 2682 520 2746 auxiliis
545 2705 609 2746 non
634 2691 709 2747 sunt
735 2675 862 2768 penitus
886 2683 1039 2764 destituti,
1065 2683 1121 2747 sed
1142 2685 1175 2747 in
1192 2683 1247 2747 illa
1264 2707 1441 2768 congruum
1460 2707 1587 2770 semper
1601 2685 1771 2749 inueniunt
1785 2693 1816 2748 et
1832 2694 1939 2748 tutum

232 2789 459 2873 ‚suffragium
494 2786 587 2851 Illam
622 2788 782 2874 siquidem
807 2789 989 2854 deuotionis
1012 2791 1224 2854 constantiam
1257 2799 1288 2852 et
1319 2791 1443 2853 sineere
1468 2791 1615 2875 puritatis
1647 2790 1806 2871 effectum,
1839 2812 1940 2875 quam

258 2897 345 2960 circa
369 2893 504 2959 eandem
531 2903 664 2958 matrem
697 2917 786 2958 suam
815 2918 981 2960 romanam
1015 2895 1185 2959 ecclesiam
1218 2895 1384 2960 euidenter
1412 2895 1531 2960 habere
1557 2897 1797 2979 ¹cognoscimus,
1831 2905 1863 2959 et
1898 2895 1943 2959 de

260 3023 325 3086 qua
348 3008 496 3064 anteacta
519 3022 618 3086 opera
643 3021 707 3064 non
732 3000 840 3064 sinunt
873 3024 931 3064 nos
967 2999 1124 3082 dubitare,
1158 3013 1282 3085 gratam
1315 3000 1487 3065 admodum
1518 3011 1748 3086 acceptamque
1780 3011 1941 3082 tenemus,

261 3117 293 3170 et
316 3115 404 3170 tanto
428 3107 542 3170 maiori
565 3109 717 3191 preconio
740 3105 845 3170 laudis
869 3104 1067 3187 extollimus,
1087 3117 1206 3192 quanto
1242 3105 1282 3170 dc
1316 3107 1483 3170 sinceriori
1514 3102 1680 3171 charitatis
1712 3107 1818 3188 indice
1850 3106 1942 3171 illam

261 3213 432 3298 prouenire
457 3212 726 3276 sentimus.1nde
751 3221 808 3288 est,
833 3211 999 3298 quodnos
1024 3222 1055 3276 et
1086 3235 1219 3276 romanu
1251 3210 1389 3276 ecclesia
1421 3235 1590 3298 personam
1621 3211 1872 3276 ecclesiasticam
1905 3223 1941 3276 ct

259 3319 422 3382 ciuitatem
446 3326 501 3381 tue
523 3317 749 3403 gubernationi
771 3319 976 3382 commissam
1001 3341 1090 3382 mera
1115 3317 1311 3404 pinguedine
1341 3317 1505 3382 charitatis
1536 3319 1709 3412 diligimus,
1746 3329 1777 3382 et
1813 3321 1942 3383 interne

149 3422 152 3428 '
260 3422 443 3486 dilectionis
466 3421 607 3488 brachiis
631 3423 865 3508 amplectimur,
891 3425 1088 3508 propositum
1114 3433 1145 3488 et
1181 3423 1378 3488 voluntatem
1409 3423 1588 3488 feruentem
1621 3423 1778 3488 habentes
1810 3425 1849 3487 de
1881 3425 1939 3487 bo·

262 3551 339 3593 nore
361 3538 394 3594 et
414 3527 611 3592 exaltatione
635 3537 697 3602 tua,
723 3527 979 3615 quibuscumque
1003 3529 1106 3603 modis
1123 3551 1195 3594 curn
1216 3529 1276 3593 deo
1293 3539 1325 3594 et
1340 3531 1462 3594 iustitia
1478 3529 1548 3593 lieri
1566 3539 1679 3616 potest,
1699 3529 1810 3594 libenti
1827 3532 1938 3594 animo

260 3637 412 3721 cogitare,
438 3656 477 3698 ac
500 3657 557 3720 pro
582 3643 669 3698 tante
693 3633 875 3698 deuotionis
898 3634 1026 3699 feruore
1050 3635 1111 3699 sibi
1135 3646 1266 3700 atretore
1290 3636 1421 3699 domino
1446 3634 1626 3720 prouidere.
1651 3634 1756 3721 Super
1779 3634 1842 3698 illis
1859 3631 1947 3698 rard

261 3741 421 3825 angustiis
444 3749 477 3804 et
502 3741 672 3826 pressuris,
697 3762 760 3825 que
785 3739 843 3804 tibi
868 3740 937 3804 sino
957 3761 1060 3805 ,causa
1082 3741 1265 3805 rationabili
1297 3739 1514 3823 conferuntur,
1547 3763 1605 3806 nec
1640 3741 1734 3805 aliter
1768 3763 1863 3826 quam
1900 3740 1944 3804 de

260 3846 399 3933 propriis
421 3846 539 3910 nostris
564 3843 802 3928 conturbamur,
827 3845 866 3909 ed
886 3845 927 3910 ad
951 3844 1115 3909 dominum
1141 3867 1252 3931 preces
1286 3847 1489 3931 effundimus,
1517 3857 1550 3911 ut
1585 3847 1762 3911 secundum
1799 3845 1943 3910 multitu-

260 3950 368 4014 dinem
393 3951 635 4015 miserationum
659 3973 798 4034 suarum,
824 3949 863 4015 de
887 3951 1130 4016 imminentibus
1154 3961 1184 4016 tc
1208 3953 1486 4036 persecutionibus
1512 3954 1542 4016 in
1565 3953 1656 4017 breui
1681 3951 1806 4037 eripiat,
1836 3959 1868 4016 et
1899 3951 1943 4015 ad

261 4068 387 4144 portum
412 4057 621 4144 tranquillum
646 4057 792 4122 deducat.
819 4057 994 4144 Speremus
1018 4067 1135 4142 autem,
1159 4061 1310 4144 quoniam
1347 4039 1410 4122 non
1441 4057 1617 4122 continebit
1646 4057 1796 4121 dominus
1827 4057 1859 4120 in
1893 4057 1945 4120 ira

262 4163 515 4228 misericordiam
540 4185 640 4246 suam,
666 4172 698 4226 et
728 4161 825 4227 faciet
858 4184 929 4228 cum
954 4165 1129 4229 tentatione
1162 4165 1222 4228 ista
1256 4173 1457 4250 prouentum,
1492 4173 1527 4227 ut
1561 4164 1664 4249 possis
1698 4158 1866 4242 sustinere,
1905 4169 1939 4225 et

261 4279 368 4356 preter
390 4271 517 4354 virgam
543 4269 750 4333 correctionis
777 4267 927 4336 baculum
962 4270 1189 4334 consolationis
1226 4279 1375 4355 apponet,
1409 4280 1445 4333 ut
1476 4269 1580 4354 possis
1616 4268 1723 4332 dicere
1762 4289 1833 4332 cum
1868 4290 1943 4354 pro·

260 4375 370 4462 pheta:
398 4374 575 4440 secundum
601 4373 836 4440 multitudinem
861 4373 1008 4440 dolorum
1033 4395 1176 4440 meorum
1202 4375 1437 4442 consolationes
1462 4385 1524 4457 tue,
1544 4375 1682 4457 dornine,
1700 4373 1945 4439 letificauerunt

260 4483 399 4546 animam
424 4503 539 4547 meam.
566 4479 648 4545 Cum
669 4482 768 4565 igitur
794 4479 943 4545 dominus
966 4491 1022 4560 est,
1048 4481 1103 4566 qui
1126 4483 1276 4566 potestati
1303 4483 1399 4545 maris
1423 4482 1569 4566 imperat,
1595 4489 1626 4545 et
1650 4489 1771 4544 motum
1807 4481 1877 4543 eius
1909 4481 1944 4543 in

261 4589 325 4651 ictu
350 4585 434 4650 oculi
459 4588 593 4672 mitigat,
618 4585 728 4651 oculos
753 4587 869 4650 mentis
893 4587 933 4650 ad
958 4585 1061 4651 celum
1087 4573 1168 4668 leui,
1202 4585 1287 4652 unde
1308 4588 1417 4651 veniet
1445 4584 1601 4650 auxilium
1626 4585 1696 4664 tibi,
1732 4583 1946 4649 considerans

262 4714 400 4779 quoque,
424 4691 562 4778 qualiter
586 4694 787 4778 omnipotens
811 4691 959 4756 dominus
984 4692 1119 4776 gloriam
1144 4693 1356 4778 superborum
1380 4713 1475 4755 manu
1500 4687 1616 4776 puerili
1639 4691 1671 4753 in
1705 4691 1788 4753 iactu
1823 4687 1945 4774 lapidis

262 4797 370 4886 pusilli
394 4798 557 4881 deiecerit,
579 4808 611 4863 et
634 4797 708 4862 filiis
733 4797 834 4890 Israel
858 4799 1026 4863 victoriam
1050 4797 1090 4862 de
1112 4797 1315 4862 multitudine
1338 4795 1478 4861 hostium
1502 4798 1532 4860 iu
1558 4795 1692 4860 muliere
1717 4818 1780 4859 una
1808 4817 1942 4860 concus-

261 4908 355 4988 serit3
379 4906 412 4968 in
437 4903 492 4968 illo
516 4907 584 4990 ipse
607 4925 697 4989 spem
721 4913 809 4968 tuam
843 4925 951 4989 ponas,
988 4903 1075 4990 quod
1103 4905 1188 4967 inter
1223 4905 1426 4967 imminentes
1462 4899 1628 4986 angustias
1664 4909 1816 4964 euentum
1851 4902 1950 4964 nouit

260 5031 449 5097 prosperum
474 5011 541 5074 suis
566 5007 716 5074 fidelibus
738 5007 903 5092 exhibere,
925 5017 958 5073 et
981 5020 1087 5096 preter
1113 5007 1375 5094 lacrymationem
1400 5007 1574 5088 miletum,
1608 5005 1860 5071 consolationem
1893 5007 1941 5070 in-

261 5116 390 5182 ducere.
417 5115 467 5181 Do
491 5113 576 5180 illius
599 5137 676 5200 ergo
699 5113 822 5180 auxilio
846 5114 974 5201 plenam
998 5113 1150 5178 fiduciam
1175 5113 1333 5195 obtinens,
1359 5113 1472 5199 spiritu
1503 5111 1701 5175 fortitudinis
1733 5111 1877 5175 induaris
1910 5119 1944 5174 et

262 5223 401 5290 inimicis
424 5225 487 5288 tuis
511 5217 686 5309 prudenter
709 5230 741 5288 et
764 5217 900 5286 viriliter
922 5219 1079 5285 restiteris
1104 5231 1136 5284 et
1159 5221 1194 5284 in
1215 5220 1386 5285 deuotione
1412 5219 1494 5284 beati
1519 5217 1606 5282 Petri
1631 5229 1662 5283 et
1687 5228 1795 5282 nostra
1826 5218 1938 5281 immo·
