4292 5926
330 411 375 480 34

332 605 513 687 karissime,
537 601 599 668 hec
621 610 696 666 sunt
718 601 817 688 pallii,
840 601 997 666 istasunt
1018 599 1199 679 sacerdotii,
1222 621 1285 686 qne
1308 599 1417 664 omnia
1439 597 1534 664 facile
1560 597 1693 664 Christo
1715 599 1889 666 adiuuante
1905 600 2019 666 adim·

332 710 421 798 plere
442 709 562 796 poteris
581 709 608 772 si
631 707 785 772 virtutum
810 708 953 771 omnium
977 707 1174 790 magistram,
1198 705 1370 770 karitatem
1394 726 1466 768 cnm
1483 703 1665 771 hnmilitate
1687 704 1849 790 habueris,
1874 717 1906 772 et
1922 704 2018 795 qnod

332 814 411 880 ioris
436 813 556 880 habere
578 810 768 893 ostenderis,
792 813 879 876 intus
899 811 1046 878 habebis.
1078 809 1361 878 consecrationem
1393 833 1470 876 vero
1493 820 1620 877 tuorum
1659 834 1880 878 successorum
1916 813 2021 876 uobis

332 921 517 1007 nostrisque
539 917 782 984 successoribus
804 919 835 982 in
861 926 1050 1004 perpetuum
1082 939 1296 982 reseruemus.
1329 915 1544 982 Decet-nimus
1573 918 1672 1003 igitur
1703 927 1740 983 nt
1769 917 1849 982 nulli
1879 919 2027 984 omnino

333 1024 498 1090 hominnm
526 1022 622 1088 liceat
644 1022 780 1088 eandem
804 1020 974 1088 ecelesiam
999 1032 1119 1089 temere
1142 1022 1342 1109 perturbare,
1365 1031 1422 1087 aut
1452 1023 1521 1086 eius
1556 1023 1778 1108 possessiones
1809 1022 1946 1104 aufmre,
1984 1033 2024 1088 et

333 1129 459 1196 ablatas
482 1132 631 1214 retinere,
654 1130 809 1212 minnere,
834 1137 866 1193 et
887 1130 1067 1194 temerariis
1087 1128 1316 1210 venationibus
1339 1126 1486 1214 fatigare.
1519 1126 1583 1193 Sed
1604 1129 1712 1194 omnia
1734 1130 1859 1213 integra
1882 1151 2027 1194 conser-

333 1247 459 1319 uentnr,
491 1245 555 1300 tam
591 1236 665 1316 tuis,
689 1256 786 1320 quam
810 1233 999 1300 clericorum
1023 1245 1055 1300 et
1078 1257 1254 1323 pauperum
1280 1233 1391 1300 usibus
1413 1233 1591 1320 profutura.
1624 1234 1657 1302 Si
1690 1257 1755 1322 qua
1776 1236 1877 1320 igitur
1896 1237 1930 1300 iu
1960 1235 2019 1300 fu·

329 1352 436 1406 turum
460 1339 680 1406 ecclesiastica
702 1339 897 1406 secularisue
921 1363 1060 1427 persona
1079 1341 1174 1406 huius
1197 1348 1305 1406 nostre
1324 1341 1560 1405 constitutionis
1579 1341 1729 1428 paginam
1756 1342 1864 1406 sciens
1892 1353 2025 1406 contra

332 1469 404 1512 eam
428 1457 548 1512 temere
573 1449 684 1511 venire
705 1447 920 1533 temptauerit,
945 1446 1097 1530 secundo,
1122 1449 1261 1514 tortione
1285 1446 1489 1528 commonita,
1521 1447 1547 1510 si
1579 1468 1643 1511 non
1678 1445 1896 1512 satisfactione
1931 1470 2019 1512 oon·

330 1575 412 1637 grus
434 1552 665 1636 emendauerit,
689 1554 857 1639 potestatis
878 1551 1073 1640 honorisque
1097 1554 1147 1618 sui
1170 1552 1330 1638 dignitate
1353 1537 1646 1637 careat,'reamqne
1675 1575 1709 1618 se
1743 1553 1854 1618 diuino
1889 1552 2026 1618 indicio

334 1660 476 1724 existere
500 1658 540 1723 de
564 1667 748 1746 perpetrata
771 1659 940 1744 iniquitate
963 1668 1147 1744 cognoscat,
1172 1668 1205 1722 et
1226 1680 1245 1721 a
1270 1657 1473 1722 sanctissimo
1498 1679 1632 1743 corpore
1655 1679 1694 1722 ao
1717 1659 1874 1743 sangnine
1895 1657 1948 1722 dei
1983 1667 2021 1722 et

330 1763 453 1838 domini
476 1763 688 1850 redemptoris
709 1764 811 1827 nostri
831 1762 910 1826 Jesn
934 1760 1055 1826 Christi
1079 1761 1187 1825 aliena
1211 1760 1279 1840 tiat,
1309 1773 1405 1846 atque
1436 1764 1468 1826 in
1500 1773 1645 1828 extremo
1680 1765 1831 1827 examine
1861 1763 2014 1828 districte

334 1868 448 1934 ultioni
472 1868 647 1935 subiaceat.
680 1868 814 1933 Cunctis
844 1870 951 1934 autem
982 1866 1088 1932 eidem
1118 1867 1190 1932 iura
1223 1867 1429 1932 sernentibus
1464 1869 1506 1932 sit
1540 1889 1606 1954 pax
1637 1866 1761 1932 domini
1796 1869 1896 1933 nostri
1927 1867 2016 1932 Jesn

330 1975 462 2060 Christi,
484 1977 636 2062 quatinus
660 1985 692 2040 et
714 1973 767 2040 hic
789 1975 927 2040 fructum
953 1971 1036 2037 bone
1070 1972 1206 2036 aetionis
1241 1974 1429 2060 percipiant,
1461 1982 1494 2038 et
1526 1973 1613 2059 apud
1647 1972 1830 2038 districtum
1867 1971 2017 2037 indicem

328 2083 452 2169 premia
476 2092 586 2147 eterne
608 2082 698 2168 pacis
721 2082 896 2146 inueniant.
920 2078 1035 2160 Amen,
1059 2077 1174 2143 Amen.

521 2221 594 2310 Ego
617 2221 826 2287 Innocentius
845 2217 1003 2286 catholice
1023 2216 1161 2284 ecclesie
1179 2218 1352 2306 episcopus
1373 2243 1416 2288 ss.

474 2349 497 2429 †
518 2345 590 2432 Ego
612 2343 755 2410 Albitius
776 2343 950 2410 hostiensis
974 2342 1145 2429 episcopus
1167 2325 1212 2408 ah.

475 2473 496 2552 †
518 2467 591 2554 Ego
614 2466 815 2534 Octavianus
838 2465 993 2532 diaconus
1017 2465 1190 2532 cardinalis
1213 2488 1239 2533 s.
1263 2465 1391 2533 Nicolai
1414 2470 1447 2534 in
1470 2491 1600 2536 carcere
1623 2493 1667 2537 ss.

475 2597 496 2676 †
518 2593 591 2678 Ego
614 2590 767 2658 Nicolans
791 2591 947 2658 diaconus
971 2589 1144 2656 cardinalis
1169 2613 1194 2657 s.
1219 2589 1333 2656 Palatii
1358 2615 1401 2657 ss.

483 2733 605 2798 Datum
622 2735 655 2797 in
678 2741 786 2798 monta
812 2731 984 2797 Tiburtino
1008 2753 1066 2819 per
1090 2753 1220 2796 manum
1245 2730 1384 2798 Gerardi
1407 2756 1432 2800 s.
1455 2756 1588 2800 romane
1611 2734 1729 2801 eclesie
1745 2733 1919 2821 presbiteri
1942 2756 2019 2799 car-

326 2838 444 2905 dinalis
468 2861 508 2904 ac
530 2838 765 2904 bibliothecarii
791 2838 849 2904 Ill.
879 2837 952 2904 idus
981 2839 1070 2920 iunii,
1102 2836 1275 2904 indictione
1307 2841 1428 2926 quinta,
1460 2841 1690 2906 incarnationis
1725 2839 1889 2906 dominice
1928 2862 2021 2904 anno
2056 2907 2070 2930 ·

326 2943 487 3012 MOXLII
508 2944 714 3032 pontificatus
737 2966 815 3010 vero
839 2944 961 3009 domini
984 2943 1164 3009 innocentii
1187 2946 1319 3052 secundi
1343 2969 1427 3034 papo
1449 2967 1534 3012 anno
1558 2946 1635 3014 XII.

475 3163 504 3218 la
525 3161 701 3234 rnkopisnog
721 3159 834 3218 baleria
857 3159 976 3220 dubror.
1000 3168 1050 3220 atr.
1077 3162 1150 3221 430.
1168 3162 1329 3222 Farlsti'T.
1353 3163 1402 3222 Vl.
1423 3163 1462 3222 63
1477 3163 1624 3220 imasamo
1637 3164 1769 3221 odlomah
1782 3165 1837 3220 iste
1849 3162 2020 3236 pedamine.

997 3507 1197 3590 XLVIII.
1225 3508 1334 3593 1142.

571 3723 665 3797 celsa
687 3722 769 3798 tro&
789 3721 926 3782 hrootsti
947 3723 1111 3801 lonerstat,
1130 3722 1304 3797 potordjaje
1326 3721 1526 3796 apostatum
1547 3729 1634 3786 storo
1651 3743 1760 3801 prora

471 3963 511 4031 G.
534 3964 587 4029 dei
607 3964 711 4050 gratia
733 3962 911 4048 Hungarie,
943 3961 1114 4044 Dalmatio,
1150 3961 1289 4048 Oroatia,
1324 3963 1490 4053 Rameque
1514 3990 1583 4035 rex.
1619 3965 1776 4056 G(andio)
1805 3991 1865 4035 suo
1898 3969 2012 4036 archi·

321 4073 484 4160 episcopo,
509 4069 676 4136 Cerneche
699 4071 819 4152 comiti,
842 4068 1056 4156 omnibusque
1080 4069 1169 4134 urbis
1192 4053 1378 4136 Salonitane
1402 4073 1599 4158 proceribus,
1625 4076 1761 4158 gratiam
1786 4097 1857 4139 cnm
1883 4075 2005 4144 salute.

321 4179 519 4244 Litterarum
543 4187 726 4241 vestrarum
763 4173 1007 4260 intelligentiam
1039 4175 1221 4260 diligenter,
1245 4187 1280 4240 ut
1310 4179 1452 4263 oportuit
1480 4177 1777 4262 animaduertimus,
1814 4180 1846 4244 in
1882 4181 2011 4267 quibus
2131 4233 2140 4244 .

322 4295 355 4350 et
377 4307 435 4350 vos
460 4293 569 4348 nostro
593 4283 734 4368 compati
756 4279 858 4345 dolori
882 4303 941 4368 pro
962 4283 1063 4367 patris
1087 4283 1187 4346 nostri
1209 4281 1310 4363 obitu,
1334 4293 1366 4347 et
1388 4285 1478 4369 regie
1498 4283 1702 4368 congaudere
1732 4284 1883 4370 dignitati
1914 4295 2003 4352 tota·

321 4390 395 4455 liter
418 4389 513 4454 nobis
536 4385 722 4451 adherendo
745 4385 809 4450 lide
832 4384 928 4472 plena
953 4388 1153 4464 asseruistis,
1177 4387 1304 4473 quade
1327 4410 1363 4452 re
1394 4397 1503 4474 grates
1533 4387 1636 4470 vobis,
1669 4391 1851 4477 vestrisque
1882 4393 2010 4456 contri-

321 4495 452 4562 bulibus
476 4491 720 4581 (conciuibus‘l)
744 4491 910 4572 habemus,
942 4503 974 4557 et
1004 4492 1123 4558 habere
1156 4491 1304 4558 volumus
1336 4517 1399 4558 non
1434 4493 1589 4561 modicas.
1623 4494 1847 4562 Laudabiiiter
1881 4500 2010 4564 etenim

320 4602 421 4666 nostri
445 4599 634 4664 decessores
658 4621 716 4663 ros
739 4597 893 4664 dilexisse
917 4599 1177 4684 comprobantur,
1201 4621 1273 4663 eum
1297 4601 1331 4663 in
1353 4597 1418 4664 fide
1448 4600 1542 4666 firma
1573 4625 1651 4688 erga
1682 4623 1740 4667 nos
1774 4600 1899 4684 hahita,
1936 4614 2011 4670 tam

320 4728 389 4788 vos,
414 4727 510 4792 quam
532 4715 657 4769 vestros
681 4705 832 4769 concines
855 4726 1064 4792 perseuerare
1088 4703 1273 4787 videamus3
1297 4703 1383 4769 uude
1405 4713 1438 4770 et
1461 4707 1575 4792 potiori
1599 4707 1704 4792 gratia
1735 4731 1793 4774 vos
1824 4707 2005 4798 complecti

321 4823 354 4877 et
376 4810 524 4876 volumus
548 4821 580 4874 et
606 4813 830 4898 promittimus.
860 4809 984 4875 Placuit
1017 4811 1125 4896 itaque
1153 4820 1189 4874 ut
1215 4811 1361 4896 petitioni
1389 4821 1497 4876 vestre
1526 4811 1738 4879 libentissime
1764 4837 2002 4899 annueremus,

319 4939 394 4982 nam
417 4928 449 4980 et
471 4915 675 5002 priuilegium
699 4925 852 4996 vestrum,
877 4924 972 5001 prout
995 4915 1152 4995 voluistis,
1177 4915 1433 4999 corroboramus,
1454 4917 1587 5006 antiqua
1610 4917 1682 5004 legs
1714 4929 1841 5006 patrum
1873 4929 2008 4987 nostro·

318 5044 399 5104 rum,
423 5031 456 5086 st
478 5042 537 5085 vos
561 5021 708 5107 ampliori
732 5019 914 5103 dilectione,
939 5029 974 5084 nt
996 5017 1149 5100 diximus,
1172 5020 1324 5106 amplecti
1349 5019 1499 5088 volumus
1522 5034 1555 5088 et
1576 5025 1804 5110 promittimus.

415 5257 421 5266 ·
465 5236 495 5290 Ia
517 5233 696 5308 pismohrane
719 5223 835 5310 lraptola
858 5208 1026 5308 spijetskog.
1050 5235 1158 5292 Farlati
1182 5235 1264 5318 illyr.
1289 5237 1406 5295 Sacrum
1430 5239 1464 5300 Τ.
1488 5239 1541 5300 111.
1565 5259 1594 5313 p.
1621 5241 1694 5304 trs.
