4276 5934
337 388 402 458 202

338 583 429 672 statis
453 587 625 648 auctoritas
650 586 758 648 insua
781 604 910 668 semper
934 593 1061 647 maneat
1083 586 1243 661 firmitate,
1267 605 1340 647 eum
1363 586 1498 670 requirit
1522 584 1707 662 necessitas,
1740 581 1866 667 aliquos
1897 603 1918 644 a
1950 601 2008 644 sno

339 687 438 752 latere
463 688 573 772 dirigit
596 699 627 753 et
650 689 847 767 transmittit,
872 688 990 772 quibus
1016 687 1186 772 legationis
1212 689 1349 770 iniungit
1369 689 1510 752 officium
1534 687 1762 752 exercendum.
1796 687 1868 752 Hac
1903 688 2012 773 itaque
2128 685 2130 704 ¹

338 795 595 858 consideratione
620 795 792 879 diligenter
811 793 933 858 inducti
958 804 989 856 et
1013 793 1194 856 charissimi
1226 795 1258 857 in
1293 792 1421 857 Christo
1455 793 1515 857 filii
1549 793 1717 877 Vullcani)
1752 791 1887 856 illustris
1926 793 2013 876 regis

337 897 501 963 Dalmatia
525 909 557 963 et
581 897 709 964 Dioclis
734 900 884 984 precibus
908 899 1063 980 inclinati,
1088 901 1152 984 qui,
1179 909 1213 962 ut
1235 898 1276 962 ad
1301 921 1356 963 eos
1380 898 1503 982 legatos
1529 899 1653 962 mittere
1671 897 1875 984 deberemus,
1893 897 2013 959 instan·
2128 881 2130 940 θ

338 1005 460 1068 tissime
485 1004 667 1088 postulauit,
693 1026 760 1082 vos,
785 1004 825 1068 de
849 1027 986 1090 quorum
1012 1003 1171 1088 probitate
1196 1027 1264 1085 nos,
1290 1015 1321 1068 et
1341 1004 1456 1068 fratres
1482 1005 1582 1068 nostri
1607 1002 1734 1088 plenam
1759 1001 1912 1068 fiduciam
1931 1003 2011 1066 obti-

339 1132 461 1190 nemus,
485 1109 526 1173 ad
552 1108 763 1191 Dalmaciam,
786 1120 816 1172 et
841 1109 1001 1173 Dioeliam
1037 1111 1235 1194 prouinciam
1272 1109 1424 1173 duximus
1460 1108 1735 1188 transmittendos,
1769 1109 1801 1171 in
1832 1109 2012 1193 prouinciis

338 1214 426 1298 ipsis,
449 1213 541 1278 vobis
561 1217 751 1278 auctoritate
775 1217 971 1300 presentium
998 1213 1167 1300 legationis
1193 1214 1334 1280 officium
1360 1217 1575 1298 iniungentes,
1600 1223 1712 1299 utque
1734 1214 1926 1278 inueneritis
1944 1235 2012 1276 cor-

337 1317 472 1402 rigenda
495 1321 672 1403 corrigatis,
699 1301 872 1384 destruatis
895 1333 926 1383 et
949 1317 1095 1382 euellatis
1120 1317 1282 1404 superflua
1311 1329 1342 1383 et
1366 1321 1490 1392 nonius,
1510 1318 1666 1384 edificetis
1691 1327 1723 1382 et
1739 1317 1892 1404 plantetis
1909 1315 2010 1398 utilia,
2129 1313 2130 1378 j

338 1431 370 1486 et
392 1421 536 1498 honesta,
561 1433 719 1510 quatenus
744 1447 816 1487 cum
840 1425 970 1488 domino
993 1423 1130 1486 ducente
1155 1424 1303 1520 redibitis
1327 1425 1446 1488 talenta
1472 1423 1563 1488 vobis
1589 1423 1731 1488 reddatis
1755 1423 1880 1487 credita
1911 1421 2013 1507 dupli·

338 1540 419 1608 cata,
444 1539 517 1592 eta
541 1529 634 1593 nobis
658 1539 690 1594 et
713 1530 866 1594 fratribus
893 1531 1009 1594 nostris
1034 1527 1169 1592 valeatis
1194 1531 1225 1592 in
1253 1530 1383 1594 domino
1407 1527 1626 1615 multipliciter
1642 1527 1873 1592 commendari.
1892 1526 2012 1591 Datum

338 1631 490 1698 Laterani
516 1634 571 1698 VI.
598 1635 668 1700 idus
692 1637 839 1700 ianuarii.

444 1831 588 1902 Illyricum
613 1831 738 1888 Sacrum.
762 1834 796 1887 Τ.
820 1833 885 1892 VII.
909 1839 957 1890 str.
984 1835 1033 1888 28.
1057 1833 1182 1888 Theiner
1205 1850 1279 1888 mon.
1303 1841 1358 1891 vet.
1385 1833 1532 1888 Slauorum
1555 1832 1653 1892 merid.
1676 1831 1711 1886 T.
1732 1831 1754 1885 1.
1777 1837 1827 1888 str.
1853 1831 1882 1888 5.

687 2123 910 2206 GCLXIX.
937 2125 1047 2206 1199.
1074 2125 1140 2206 26.
1167 2123 1339 2224 siconia.
1366 2125 1404 2206 U
1433 2125 1663 2206 Lateranu.

345 2295 497 2360 Inoeencio
520 2301 589 2360 ΙΙΙ.
608 2319 698 2375 papa,
722 2303 827 2362 notate
848 2303 953 2375 svojim
972 2303 1170 2379 postauitom,
1197 2305 1261 2376 toja
1279 2305 1368 2377 posta
1388 2321 1410 2363 a
1432 2303 1606 2375 Dalmactju
1628 2303 1640 2360 ι’
1666 2301 1790 2376 Dutlju,
1814 2300 1895 2359 aeta
1911 2315 2015 2371 aepre-

339 2423 421 2480 dodu
444 2423 550 2482 admoti
573 2425 790 2498 aadbistapsti
814 2425 896 2496 ptest
919 2426 1112 2484 teutranomu
1135 2428 1263 2499 biskapa
1286 2429 1451 2492 torstoma,
1475 2426 1532 2484 dot
1554 2442 1584 2484 se
1607 2425 1744 2497 acuojere
1767 2423 1830 2482 dati
1847 2423 1881 2495 je
1906 2419 2016 2480 barsica

342 2547 434 2604 erton
455 2548 466 2604 i
485 2545 568 2621 prr'y'e
590 2543 735 2608 adnotata
758 2551 821 2608 cust
839 2549 1010 2622 praestatae
1033 2551 1158 2625 calvet
1181 2551 1245 2610 dati
1272 2553 1334 2624 aije
1360 2551 1541 2624 podttnjena
1570 2549 1777 2622 andbislrupiji
1807 2547 2015 2617 dubrovailroj.

490 2699 694 2766 Innocentius
719 2704 888 2788 episeopus
911 2715 972 2766 etc.
1002 2701 1143 2787 I(0anni)
1162 2702 1327 2788 capellano
1340 2714 1371 2766 et
1393 2703 1565 2786 Slimeoni)
1579 2700 1787 2780 subdiacono,
1802 2697 2015 2762 familiaribus
2129 2723 2130 2794 ἐ

342 2807 459 2868 nostris
481 2805 656 2890 apostolice
677 2807 761 2870 sedis
786 2807 909 2892 legatis.
941 2845 974 2854 —-
1001 2808 1079 2872 Post
1104 2807 1173 2870 dies
1190 2807 1324 2892 aliquos,
1341 2831 1383 2872 ex
1399 2830 1462 2892 qno
1482 2817 1628 2870 anostra
1643 2806 1805 2892 presentia
1821 2805 2010 2883 recessistis,
2126 2841 2130 2894 ¹]

345 2931 388 2972 ex
403 2908 558 2973 relatione
580 2913 802 2996 quorumdam,
825 2921 856 2974 et
879 2913 1077 2997 inspectione
1095 2911 1168 2978 libri
1193 2913 1351 2978 censualis
1369 2935 1496 2976 camere
1509 2922 1627 2994 nostre,
1651 2911 1744 2976 nobis
1767 2911 1915 2990 innotuit,
1932 2908 2016 2994 qnod

343 3014 556 3079 antibarensis
580 3016 717 3080 ecelesia
739 3018 824 3080 inter
851 3019 1070 3102 suffraganeos
1105 3041 1264 3104 ragusane
1296 3017 1482 3103 metropolis
1513 3025 1707 3082 numeretur.
1747 3013 1842 3080 Unde
1875 3035 1951 3078 cum
1985 3024 2015 3076 tu

343 3117 388 3180 fili
412 3118 438 3184 l.
463 3119 580 3183 librum
605 3120 695 3184 illurn
719 3123 910 3207 inspexeris,
935 3124 1097 3208 miramur,
1121 3125 1207 3210 quod
1231 3125 1316 3188 facta
1339 3125 1397 3188 tibi
1422 3125 1515 3208 copia
1539 3123 1611 3187 libri
1637 3120 1917 3208 premissinobis
1952 3142 2011 3182 non

342 3225 495 3308 aperuisti
518 3226 705 3310 expressius
730 3228 907 3289 veritatem.
933 3225 1018 3304 Quia
1042 3251 1119 3292 vero
1143 3252 1207 3292 non
1231 3239 1280 3293 est
1303 3239 1412 3294 nostre
1436 3229 1622 3292 intentionis
1654 3235 1772 3290 statum
1805 3225 2015 3289 ecclesiarum

342 3339 497 3410 euertere,
521 3329 684 3394 deuotioni
710 3342 818 3396 vestre
841 3334 1031 3396 auctoritate
1064 3335 1265 3418 presencium
1301 3333 1477 3398 districtius
1513 3333 1707 3410 inhibemus,
1744 3354 1783 3395 ne
1819 3329 2015 3394 antibarensi

342 3433 455 3515 electo,
481 3435 620 3520 palleum
644 3437 848 3523 aliquatenus
872 3438 1067 3520 concedatis,
1091 3441 1151 3502 nisi
1187 3438 1280 3503 vobis
1319 3439 1498 3502 constiterit
1535 3438 1604 3501 eius
1636 3436 1883 3522 predecessores
1918 3435 2015 3498 fuisse

343 3537 456 3624 palleis
482 3539 660 3620 decoratos,
685 3553 717 3606 et
740 3542 929 3626 dignitatem
955 3543 1220 3628 metropoliticam
1247 3543 1409 3608 habuisse.
1434 3543 1482 3606 Ne
1505 3554 1612 3606 autem
1639 3543 1699 3605 iter
1722 3551 1876 3618 vestrum,
1911 3549 1944 3602 et
1975 3537 2014 3602 le·

343 3645 483 3727 gationis
509 3669 678 3729 processus
703 3647 811 3711 valeat
833 3647 1036 3733 aliquatenus
1059 3648 1221 3733 impediri,
1246 3647 1366 3712 eisdem
1393 3649 1547 3732 personis,
1573 3647 1690 3733 quibus
1715 3668 1771 3730 per
1794 3667 1853 3708 vos
1888 3653 2011 3730 aposto·

343 3747 405 3813 lica
428 3753 548 3834 scripta
571 3750 750 3834 dirigimus,
788 3753 847 3816 sub
882 3753 995 3815 eodem
1028 3763 1138 3816 tenore
1168 3751 1291 3816 litteras
1322 3765 1447 3816 nostras
1484 3752 1738 3831 transmittimus,
1771 3749 1902 3834 dempto
1935 3749 2016 3832 capi·

342 3853 409 3917 tulo
436 3856 521 3940 quod
546 3855 685 3920 faciebat
709 3857 748 3920 de
774 3857 876 3938 palleo
901 3859 1113 3936 mentiouem3
1137 3869 1172 3921 ut
1196 3868 1351 3944 utrasque
1385 3880 1484 3942 penes
1515 3880 1573 3920 vos
1607 3855 1771 3930 habentes,
1807 3855 1857 3918 vel
1895 3857 2011 3940 primas

343 3957 395 4022 vel
420 3961 588 4042 secundas,
614 3973 707 4045 prout
731 3983 810 4045 opus
834 3961 940 4042 fuerit,
966 3965 1166 4047 presentetis.
1190 3963 1311 4027 Datum
1335 3963 1486 4026 Laterani
1511 3961 1584 4026 Vll.
1609 3961 1674 4026 kal.
1699 3959 1864 4025 februarii.
1942 3963 1943 3967 ’

492 4157 637 4228 illyricum
661 4157 787 4218 Sacrum.
809 4137 846 4218 VT.
873 4160 935 4220 VII.
960 4167 1008 4215 str.
1033 4161 1083 4220 ι29.

881 4448 1081 4531 donax.
1109 4452 1220 4534 rrae.
1248 4455 1280 4532 1.
1309 4449 1478 4552 aruns.

346 4625 487 4698 oparata
509 4625 779 4700 ttickopMartiaa
802 4627 965 4702 Madijcoa,
984 4629 1146 4700 paunteau
1169 4631 1206 4688 od
1235 4631 1373 4705 ujepooop
1401 4632 1610 4703 inponamus
1639 4645 1717 4702 popa
1751 4627 1868 4700 Dujmo
1900 4629 1913 4684 i
1942 4643 2015 4700 popu

1102 4736 1252 4794 Martiae.

494 4885 587 4948 Anno
612 4885 771 4952 dominice
794 4889 1023 4952 incarnationis
1047 4885 1090 4950 M.
1115 4884 1151 4951 O.
1177 4889 1386 4971 nonagesimo
1410 4887 1516 4954 V1111.
1541 4910 1650 4952 mense
1679 4888 1789 4952 marcii
1820 4885 1873 4951 die
1906 4889 2014 4972 primo,

346 4987 527 5054 ludiooione
559 4989 600 5055 ΙΙ.
641 4991 770 5058 Jadere.
802 4993 1015 5077 Temporibus
1052 4992 1202 5077 equidem
1237 4992 1358 5057 domini
1394 4994 1495 5057 nostri
1532 4993 1695 5057 Hemerici
1732 4992 1895 5077 magnifici
1933 4993 2014 5075 regis

349 5095 528 5180 Hungarie,
553 5095 730 5178 Dalmacie‚
755 5095 912 5161 Chroacie
928 5108 1025 5182 atque
1041 5097 1152 5177 Reme,
1178 5107 1209 5162 et
1221 5097 1352 5162 Andree
1376 5100 1438 5161 viri
1460 5098 1561 5162 incliti
1585 5097 1693 5162 fratris
1717 5099 1795 5178 eius,
1819 5118 1859 5159 ac
1881 5095 2015 5180 Nicolay

347 5201 506 5266 ledrensis
538 5199 641 5282 electi,
677 5211 709 5266 et
732 5212 854 5289 septem
891 5202 1067 5268 consulum.
1101 5201 1279 5279 Testificor,
1306 5225 1366 5288 ego
1405 5224 1544 5288 namque
1580 5203 1737 5267 Martinus
1772 5211 1884 5266 sancte
1912 5200 2016 5282 ,Maria
