4310 5918
308 397 350 463 92

307 593 466 670 ordinare,
491 617 550 660 nec
573 593 671 660 ullum
697 595 848 679 odicium,
871 595 957 682 quod
980 595 1021 660 ad
1045 597 1322 684 archiepiscopum
1341 601 1499 685 pertinere
1520 599 1625 680 debet,
1651 609 1778 686 praeter
1809 601 1991 686 praelatum

306 698 597 786 archiepiscopum,
621 702 755 787 eiusque
781 725 995 766 successores.
1032 700 1236 788 Quicumque
1267 714 1374 768 autem
1408 703 1483 769 huie
1512 704 1680 788 refragari,
1714 705 1764 770 vel
1795 706 1995 771 contendere

308 804 447 870 voluerit
471 804 611 884 decreto,
635 801 731 890 quod¹
746 828 804 870 nos
828 809 900 872 vioe
923 807 1011 872 beati
1033 807 1118 872 Petri
1143 809 1280 894 apostoli
1316 810 1496 894 fungentes,
1522 833 1683 876 consensu
1704 821 1885 876 nostrorum
1907 813 1993 897 spia-

306 931 468 996 ccporum,
492 932 531 973 ac
553 911 651 974 tutius
675 907 752 974 cleri
778 935 929 977 romanae
961 911 1358 998 ecclesiaedccreuimus3
1391 917 1472 980 sciat
1492 939 1527 980 se
1553 915 1646 981 beato
1670 916 1765 980 Petro
1789 919 1924 1006 eiusque
1947 918 1995 982 vi·

306 1017 394 1079 cario
418 1037 489 1079 esse
513 1017 719 1082 contrarium.
744 1026 804 1082 etc.

464 1153 622 1209 Bullsrium
645 1165 808 1214 Romanum.
833 1156 906 1236 Aug.
930 1157 1017 1212 Taur.
1049 1159 1200 1217 18111.
1225 1159 1246 1214 1.
1271 1165 1319 1218 111.
1345 1159 1417 1218 434.

754 1501 868 1586 Clll.
895 1505 984 1588 914.
1011 1505 1048 1590 11.
1075 1505 1298 1617 1111111111.
1330 1507 1367 1590 U
1395 1507 1539 1590 Rimu.

304 1693 465 1756 Benedicta
495 1693 567 1758 VII.
591 1716 675 1774 papo
690 1701 874 1774 1111111111
889 1702 967 1762 alost
995 1662 1203 1776 nodbislrnpije
1225 1703 1434 1764 laureacensis
1459 1703 1629 1786 (pasooslael
1655 1704 1794 1776 Avariju,
1811 1695 1992 1777 Maroneia,

730 1804 855 1898 Maaiju,
874 1807 977 1880 dolnju
994 1807 1146 1882 Poaona'y'u
1168 1809 1181 1866 i
1202 1808 1554 1882 1111111111111111.

463 1974 690 2040 Dilectissimis
714 1977 807 2042 nohis
829 1979 861 2042 in
886 1977 1016 2043 Ohristo
1051 1978 1125 2044 filiis
1149 1977 1339 2044 Houdberto
1370 1989 1500 2044 sanetae
1531 1980 1740 2063 Mogontinae
1771 1983 1931 2049 ecclesiae
1955 1993 1989 2050 et

305 2077 468 2145 Dioterico
487 2081 844 2148 1111111Τ1111111111
861 2082 1026 2164 ecclesiae,
1039 2097 1136 2172 atque
1153 2084 1329 2150 Adalbsrto
1346 2095 1476 2150 sanctae
1498 2084 1791 2170 Magdeburgensis
1816 2088 1986 2170 ecclesiae,

303 2185 437 2271 parique
462 2185 556 2252 modo
581 2186 720 2252 Gereoni
754 2199 883 2254 sanctae
901 2187 1104 2254 coloniensis
1132 2190 1298 2269 ecclesiae,
1324 2201 1420 2277 atque
1443 2190 1610 2256 Friderico
1635 2203 1765 2257 sanctae
1787 2193 1988 2259 Juuauensis

303 2288 468 2373 ecelesiae,
485 2291 541 2355 sed
570 2301 602 2357 et
625 2292 796 2378 Adaldago
816 2303 946 2359 sanotae
977 2295 1163 2360 Bremensis
1194 2295 1350 2362 ecclcsiae
1366 2295 1626 2382 archiepiscopis,
1644 2299 1830 2384 pariterque
1854 2297 1988 2362 domino

305 2405 414 2459 nostro
438 2395 548 2461 Ottoui
569 2397 801 2482 gloriosissimo
818 2401 1002 2486 imperatori
1020 2399 1177 2486 Augusto,
1194 2411 1290 2488 atque
1308 2403 1414 2487 nepoti
1432 2424 1489 2465 suo
1511 2401 1653 2466 Haurico
1678 2401 1987 2488 praecellentissimo

304 2498 379 2562 duci
403 2500 626 2585 Bauariorum,
656 2506 856 2591 caeterisque
876 2506 1025 2570 omnibus
1042 2508 1203 2592 episcopis
1219 2519 1250 2570 11
1267 2506 1448 2586 abbatibus,
1466 2507 1668 2592 ducibusque
1690 2519 1788 2593 atque
1812 2505 1986 2571 comitibus

304 2601 431 2671 Galliae
454 2619 551 2694 atque
574 2607 777 2675 Germaniae.
804 2609 1000 2676 Benedictus
1031 2611 1141 2676 diuina
1164 2614 1268 2695 gratia
1292 2612 1464 2698 praeditus,
1489 2611 1795 2698 apostolicaesedis
1827 2613 1986 2700 pontifex,

303 2732 416 2777 seruus
440 2725 547 2778 autem
572 2737 738 2780 seruorum
764 2715 826 2798 dei,
852 2717 883 2779 iu
909 2717 1038 2780 domiuo
1063 2717 1207 2782 salutem.

407 2816 544 2904 Oportet
567 2821 658 2914 iustis
683 2819 910 2906 suplicantium
933 2823 1138 2907 petitionibus
1162 2845 1221 2887 nos
1245 2845 1372 2908 semper
1396 2806 1572 2904 facileset
1594 2822 1732 2887 humiles
1754 2822 1920 2904 exhibere,
1954 2833 1989 2887 et

302 2924 474 3008 praecipue
498 2946 571 2988 cum
591 2924 741 2989 fraternis
759 2925 1262 3009 religiosorumconsacerdotum
1280 2928 1430 3015 precibus
1455 2927 1674 3011 sollicitamur,
1706 2931 1761 3014 qui
1797 2931 1917 3015 passim
1943 2929 1986 2992 ab

303 3029 391 3092 omni
415 3029 526 3094 mundi
551 3031 686 3094 terminu
712 3039 855 3095 tenorem
880 3041 912 3095 11
934 3032 1088 3118 regulam,
1106 3043 1201 3119 atque
1226 3035 1345 3120 proprii
1370 3034 1467 3098 officii
1493 3035 1639 3118 vigorem
1662 3033 1704 3098 ab
1729 3033 1789 3098 hac
1809 3033 1987 3098 uniuersali

299 3143 412 3198 sancta
434 3156 567 3199 romana
591 3145 692 3199 matre
720 3135 857 3200 ecclesia
884 3138 1017 3224 eiusque
1037 3140 1213 3202 sortiuntur
1242 3140 1401 3218 ministro,
1420 3140 1541 3203 vicario
1571 3137 1694 3202 scilicet
1717 3138 1803 3202 beati
1828 3140 1986 3224 principis

300 3238 529 3322 apostolorum,
554 3241 646 3304 cuius
670 3243 818 3326 quamuis
843 3241 974 3328 indigni.
1001 3245 1144 3308 eiusdem
1177 3254 1284 3309 tamen
1309 3245 1412 3328 gratia
1436 3255 1468 3308 et
1491 3243 1575 3308 dono
1600 3246 1749 3329 potestati
1774 3266 1986 3308 111111111-
2078 3249 2081 3254 '

302 3343 413 3420 simus,
437 3353 470 3408 et
493 3343 609 3427 ordini,
633 3348 685 3409 cui
709 3367 789 3442 1111
813 3347 974 3412 dominica
1008 3348 1142 3440 dicitur:
1166 3349 1216 3413 Tu
1241 3371 1276 3414 es
1309 3348 1434 3429 Petrus,
1463 3357 1495 3412 et
1518 3371 1619 3434 super
1639 3349 1723 3414 hane
1746 3360 1870 3434 petram
1895 3350 1985 3424 aedi-

299 3447 595 3514 ficabo‘ecelesiam
621 3471 734 3515 meam.
767 3450 971 3538 Quapropter
1001 3453 1136 3538 dignum
1168 3455 1420 3533 aestimauimus,
1456 3475 1625 3519 assensum
1650 3455 1806 3540 praebere
1830 3455 1985 3536 congruis

298 3552 569 3638 postulationibus
594 3555 853 3622 reuerendissimi
881 3557 1116 3644 archiepiscopi
1144 3559 1299 3644 Piligriui,
1325 3580 1405 3644 quas
1430 3581 1486 3644 per
1502 3557 1685 3644 probabiles
1710 3581 1864 3644 personas
1889 3559 1986 3624 nobis

300 3660 470 3739 intimuit,
493 3660 727 3746 responsalium
752 3685 893 3742 suorum,
921 3663 1057 3727 duorum
1087 3662 1240 3728 videlieet
1263 3663 1535 3750 presbyterorum,
1559 3675 1718 3751 quatenus
1743 3665 1805 3728 sibi
1839 3665 1985 3750 pallium,

298 3773 331 3828 et
352 3766 631 3850 metropolitanum
656 3765 809 3850 honorem
845 3767 1015 3832 cathedrae
1040 3792 1117 3833 suae
1138 3780 1267 3833 sanctae
1297 3769 1523 3834 Lauriacensis
1543 3770 1698 3834 ecclesiae
1729 3771 1984 3848 restitueremus,

298 3873 436 3936 confinio
461 3870 663 3954 ngarorunr
692 3872 868 3951 ediscenti,
891 3874 976 3960 quod
1001 3877 1130 3938 omniuo
1155 3897 1213 3939 nos
1237 3875 1341 3940 eidem
1378 3876 1534 3941 ccclesiae
1568 3875 1696 3956 debere,
1721 3886 1880 3942 testantur
1902 3878 1985 3940 anti-

298 3978 455 4060 quissima
478 3998 586 4040 secum
612 3977 781 4062 adportata
804 3978 1044 4064 priuilegiorum
1076 3981 1269 4059 testimonia,
1303 3980 1476 4066 inquibus
1508 3981 1742 4062 continebatur,
1766 3980 1852 4067 quod
1875 3991 1984 4045 aetate

298 4083 504 4166 pontificatus
529 4081 614 4145 beati
639 4081 837 4168 Symmachi,
864 4083 962 4148 huius
983 4085 1087 4149 nlrnae
1113 4085 1198 4149 sedis
1222 4085 1388 4170 apostolici
1407 4085 1573 4172 praesulis,
1591 4085 1736 4170 praelata
1760 4097 1872 4150 1111111
1896 4087 1982 4150 Lau·

297 4187 807 4256 111111111111111111111111111
831 4189 1035 4275 metropolis:
1069 4203 1100 4254 et
1124 4193 1155 4254 in
1179 4201 1333 4276 quantum
1364 4203 1428 4256 tam
1453 4190 1580 4270 exinde,
1605 4214 1700 4278 quam
1723 4193 1819 4260 etiam
1844 4193 1885 4255 de
1910 4215 1983 4276 pas-

298 4293 443 4357 sionibus
465 4293 632 4359 beatorum
657 4307 845 4382 martyrum,
882 4299 937 4381 qui
961 4295 1028 4361 illic
1058 4297 1164 4384 plures
1194 4299 1225 4360 in
1251 4308 1394 4382 tempore
1419 4298 1648 4382 persecutionis
1680 4320 1738 4382 pro
1771 4295 1833 4364 fide
1858 4295 1983 4374 Christi
2096 4291 2110 4303 “

233 4441 236 4446 -
298 4400 861 4482 1111111111111111111111111111,
895 4401 1047 4485 colligere
1073 4424 1252 4486 possumus,
1276 4426 1319 4466 ex
1350 4403 1498 4466 omnibus
1530 4402 1738 4467 ecclesiarum
1774 4403 1984 4469 dioecesibus

297 4503 493 4586 Pannoniae,
516 4504 596 4570 haec
618 4509 819 4592 antiquitate,
844 4515 875 4569 et
897 4505 1143 4592 archiepiscopii
1166 4507 1323 4591 dignitate
1347 4531 1418 4572 esse
1435 4509 1597 4592 primitius
1618 4508 1777 4571 creditur:
1803 4531 1889 4594 qnae
1912 4515 1978 4573 iam

212 4607 224 4624 ‘
299 4607 409 4673 multis¹
431 4611 605 4682 retroactis
624 4609 825 4696 temporibus
849 4633 892 4678 cx
923 4613 1101 4676 vicinorum
1127 4613 1286 4698 lrequeuti
1319 4612 1523 4698 populatione
1556 4611 1767 4676 barbarorum
1784 4612 1925 4694 deserto,
1950 4627 1984 4680 et

297 4714 329 4776 in
351 4713 555 4778 solitudinem
582 4715 721 4794 redacta,
748 4714 868 4779 nullum
895 4714 1089 4779 christianae
1126 4716 1333 4800 professionis
1357 4717 1568 4781 habitatorem
1596 4719 1750 4797 meminit,
1774 4739 1878 4815 usque
1902 4719 1981 4783 dum

296 4820 528 4883 inuictissimus
556 4821 732 4902 Augustus,
757 4831 789 4883 et
812 4829 903 4905 pater
920 4821 1054 4904 'patriae
1077 4823 1203 4906 genitor
1225 4824 1344 4908 quippe
1368 4825 1410 4908 pii
1426 4824 1626 4907 imperatoris
1651 4825 1762 4904 nostri,
1789 4826 1898 4910 (quem
1924 4827 1980 4890 ad-

297 4923 361 4987 huc
381 4947 561 5009 superesse,
588 4935 620 4987 et
656 4923 711 4987 diu
743 4923 901 4987 dominari
937 4925 1073 4989 muudus
1106 4931 1251 5011 exoptati
1276 4926 1390 4992 bellico
1414 4927 1567 5013 trophaeo
1598 4950 1708 4992 eorum
1743 4931 1829 4994 vires
1851 4931 1981 4994 retudit.
2030 4929 2032 4933 ’

297 5027 393 5092 Η111
414 5039 531 5110 autem,
556 5051 653 5114 quam
680 5029 721 5093 ob
744 5051 810 5092 rem
836 5031 971 5094 vocibus
988 5030 1207 5095 exultantibus
1229 5033 1264 5097 in
1288 5031 1414 5097 laudem
1437 5035 1665 5118 omnipotentis
1689 5033 1741 5097 dei
1767 5037 1980 5120 erumpimus,

297 5157 360 5199 non
385 5134 489 5200 solum
514 5155 610 5218 saepe
634 5134 721 5198 dicta
738 5145 849 5198 1111111
866 5121 1255 5201 Lauriaceusis‘scclssia
1281 5137 1420 5203 hostium
1437 5149 1584 5204 cessante
1608 5151 1739 5219 terrore,
1764 5161 1837 5204 curn
1857 5142 1980 5206 accolis

299 5243 366 5304 suis
391 5263 469 5326 pace
492 5251 524 5305 et
547 5239 768 5325 tranquilitate
797 5242 942 5326 potitur„
959 5263 1068 5304 verum
1091 5242 1186 5306 stiam
1207 5243 1272 5327 ipsi
1288 5243 1409 5306 dudum
1426 5244 1557 5323 inimici,
1582 5242 1673 5307 illum
1692 5265 1788 5329 quem
1813 5247 1977 5330 persecuti

299 5357 383 5428 aunt,
414 5368 503 5410 more
525 5345 648 5429 gentili,
674 5347 735 5410 iam
761 5346 824 5410 iam
860 5343 1024 5410 Christum
1054 5345 1211 5431 baptisati
1243 5349 1441 5432 profitentur,
1473 5359 1506 5412 11
1528 5348 1713 5439 sacerdotes
1737 5334 1839 5414 modo¹
1858 5349 1980 5416 habers
