4310 5918
254 375 297 441 88

259 580 441 635 vestrorum
465 591 574 634 amore
597 568 639 632 ad
663 568 724 634 hoo
763 569 917 654 permoti;
940 571 986 634 ita
1009 568 1160 636 videlicet
1179 578 1214 633 ut
1236 569 1276 636 de
1299 567 1477 654 praelibata
1500 568 1670 634 conflictus
1702 569 1800 632 vestri
1824 568 1951 654 quaeri-

262 678 370 742 monia
393 673 638 740 rationabilibus
664 675 790 738 iudiciis
815 675 875 738 rite
898 676 1038 738 iustitiae
1063 674 1309 755 satisfaciamus,
1328 683 1359 737 et
1376 695 1433 738 vos
1457 676 1543 738 omni
1568 672 1706 760 explosa
1730 674 1952 738 controuersia

261 783 293 846 in
318 781 492 846 fraternam
518 778 723 844 concordiam
750 779 879 844 Christo
895 780 1082 844 moderante
1099 801 1298 844 reuocemus.
1316 779 1436 844 Notum
1453 790 1501 843 est
1525 781 1634 864 igitur,
1658 778 1828 866 literisque
1853 801 1954 866 penes

260 909 319 950 voe
343 885 611 965 commendatum,
649 885 766 971 quibus
802 884 1011 950 ecclesiarum
1040 884 1118 949 locis
1155 885 1295 969 dignitas
1332 885 1420 971 pallii
1443 886 1490 950 ab
1509 885 1570 950 hac
1594 885 1771 972 apostolica
1795 885 1874 951 sede
1898 884 1952 949 de-

266 993 387 1056 beatur.
405 989 656 1056 Lauriacensem
674 1001 780 1055 autem
798 991 910 1056 urbem
928 992 1104 1076 antiquitus
1123 989 1402 1078 metropolitanam
1420 991 1498 1074 fore,
1516 1003 1548 1056 et
1565 992 1812 1079 archiepiscopii
1831 989 1953 1071 sedem,

186 1106 189 1112 ’
263 1099 314 1161 cui
339 1099 492 1161 sanctitas
517 1107 571 1159 tua
595 1118 724 1182 praesse
750 1095 960 1179 dignoscitur,
985 1097 1068 1160 sicut
1092 1097 1122 1158 in
1151 1095 1329 1182 priuilegiis
1364 1096 1555 1161 authenticis
1580 1096 1621 1160 ad
1646 1120 1704 1161 nos
1728 1119 1831 1182 usque
1855 1095 1897 1160 ad
1922 1108 1953 1158 to

263 1202 395 1265 directis
419 1200 565 1285 legimus,
590 1203 635 1264 ita
658 1191 797 1286 quoque,
824 1203 962 1264 inuentis
998 1200 1191 1286 quibusdam
1209 1201 1449 1288 exemplaribus
1474 1205 1606 1283 chartae
1628 1226 1671 1267 ex
1695 1213 1874 1268 vestustate
1899 1200 1953 1266 ad-

262 1307 393 1372 modum
418 1309 535 1370 attritis
555 1307 586 1370 in
615 1306 759 1370 archiuio
784 1307 886 1369 sancti
916 1305 1002 1368 Petri
1026 1309 1217 1391 reperimus.
1240 1307 1454 1372 Hanc'etiam
1478 1309 1509 1371 in
1534 1307 1668 1372 exordio
1707 1310 1872 1372 nascentis
1905 1329 1956 1370 ec-

262 1413 390 1494 clesiae,
415 1421 446 1476 et
470 1413 705 1476 immanissima
728 1411 977 1475 christianorum
1009 1412 1232 1498 persecutione
1256 1436 1276 1476 a
1299 1411 1485 1477 doctoribus
1508 1414 1600 1478 istius
1633 1411 1719 1477 sedis
1750 1411 1954 1476 chatholicae

264 1519 342 1582 fidei
360 1519 509 1581 nouimus
527 1517 708 1582 rudimenta
730 1519 923 1604 percepisse,
941 1527 973 1582 et
989 1519 1109 1582 exinde
1132 1541 1151 1582 a
1168 1517 1415 1582 succedentibus
1433 1517 1709 1604 praedicatoribus
1726 1519 1759 1582 in
1776 1517 1954 1604 superioris

261 1633 358 1709 atque
394 1621 554 1685 inferioris
589 1621 774 1686 Pannoniae
807 1619 991 1707 prouincias
1025 1623 1168 1688 eiusdem
1201 1621 1275 1688 fidei
1308 1645 1477 1688 emanasse
1510 1625 1658 1708 gratiam.
1694 1623 1822 1704 Quibus
1855 1625 1954 1688 etiarn

263 1727 389 1791 duabus
414 1728 589 1812 prouinciis
621 1727 747 1790 illarum
783 1727 989 1813 pontificibus
1023 1751 1135 1817 usque·
1156 1725 1197 1790 ad
1231 1739 1378 1814 tempora
1410 1728 1601 1793 Hunnorum
1635 1751 1697 1793 non
1729 1727 1822 1810 alius,
1859 1750 1957 1816 quam

262 1843 393 1897 sanctae
424 1831 635 1897 lauriacensis
669 1831 807 1919 praefuit
838 1831 1109 1922 archiepiscopus,
1153 1854 1288 1919 quorum
1314 1831 1485 1898 barbarica
1509 1833 1620 1897 feritas
1646 1858 1707 1896 non
1735 1836 1841 1898 solum
1867 1856 1953 1919 praev
1999 1892 2005 1898 .

262 1937 379 2002 dictam
412 1937 643 2002 lauriacensem
674 1939 846 2018 ciuitatem,
872 1959 984 2002 verum
1009 1939 1107 2008 etiam
1130 1937 1162 2001 in
1186 1938 1321 2002 circuitu
1347 1938 1531 2004 adiacentes
1556 1939 1704 2022 regiones
1732 1937 1957 2028 depopulanit,

263 2053 359 2128 atque
384 2043 527 2107 funditus
552 2041 719 2109 desolauit.
738 2041 817 2107 Inde
842 2043 972 2130 quidem
994 2044 1139 2126 contigit,
1160 2051 1194 2106 ut
1210 2044 1352 2130 episcopi
1385 2042 1446 2108 hac
1470 2045 1661 2108 necessitate
1689 2042 1859 2130 compulsi,
1881 2043 1960 2108 sede

263 2147 318 2212 illa
351 2145 487 2229 deserta,
512 2158 608 2233 atque
630 2147 692 2211 alio
716 2148 882 2230 translata,
905 2146 1000 2212 simul
1024 2149 1118 2212 etiam
1137 2146 1443 2234 archiepiscopalem
1462 2149 1562 2238 ipsius
1586 2147 1672 2213 sedis
1690 2148 1880 2215 desererent
1904 2147 1959 2212 bo-

264 2275 386 2334 norem,
411 2253 571 2318 modernis
586 2262 701 2335 autem,
719 2277 779 2318 nec
802 2253 935 2318 multum
955 2262 1040 2318 retro
1058 2251 1177 2339 elapsis
1201 2253 1408 2339 temporibus,
1427 2265 1561 2319 vacante
1578 2255 1619 2318 ab
1641 2253 1816 2340 apostolico
1836 2257 1959 2319 vicario

263 2357 475 2424 Bouariorum
510 2381 619 2444 regno,
636 2359 724 2424 Arno
751 2361 871 2445 primus
892 2357 1130 2443 salzburgensis
1165 2355 1320 2422 ecclesiae
1350 2359 1542 2444 subrogatur
1573 2359 1846 2448 archiepiscopus.
1869 2359 1961 2429 Haeo

263 2473 399 2528 testatur
421 2487 542 2529 annosa
560 2464 755 2529 memorialis
772 2467 854 2529 sacri
873 2465 981 2529 scrinii
998 2463 1140 2528 historia.
1155 2462 1251 2527 Modo
1274 2473 1381 2527 autem
1399 2463 1586 2528 mortalibus
1604 2466 1798 2550 propitiante
1816 2463 1960 2533 Christo»

264 2570 305 2634 ab
329 2568 476 2634 hostibus
500 2579 630 2634 sanctae
662 2559 872 2642 lauriacensis
906 2567 1062 2634 ecclesiae
1086 2569 1203 2653 quieta,
1228 2579 1260 2632 et
1289 2567 1489 2634 inhabitandi
1519 2571 1691 2636 securitate
1709 2592 1876 2648 concessa,
1897 2593 1960 2633 nou

264 2674 352 2756 alibi,
378 2698 474 2761 quam
500 2675 619 2740 ibidem
644 2675 853 2740 fraternitatis
869 2685 941 2740 tune
965 2673 1118 2740 cathedra
1136 2683 1261 2760 oportet
1276 2673 1398 2741 haberi.
1424 2673 1642 2760 Quapropter
1666 2674 1960 2739 reinthronizamus

266 2789 297 2846 te
322 2781 425 2846 eidem
461 2779 626 2862 ecclesiae,
663 2791 846 2845 sanctorum
875 2789 1011 2866 patrum,
1037 2778 1188 2844 videlicet
1203 2779 1490 2864 praedecessorum
1508 2789 1701 2860 nostrorum,
1723 2779 1781 2843 sed
1799 2791 1831 2845 et
1847 2779 1961 2844 beatae

266 2889 440 2952 memoriae
478 2885 600 2950 domiui
632 2886 752 2950 Leonis
776 2909 889 2971 papae,
914 2908 933 2948 a
954 2907 1016 2971 quo
1049 2883 1241 2949 excellentia
1260 2894 1314 2949 tua
1346 2883 1451 2969 pallio,
1479 2907 1518 2947 ac
1549 2884 1718 2970 priuilegio
1748 2885 1868 2948 donata
1904 2895 1961 2966 est,

195 3039 202 3058 ι
267 2993 447 3056 sanctiones
461 3004 557 3077 atque
571 3001 689 3056 statuta
703 3002 910 3077 exequentes,
925 3013 964 3054 ac
979 2989 1194 3075 saepedictam
1208 2999 1350 3056 sanctam
1365 2989 1595 3056 lauriacensem
1611 2989 1779 3053 ecclesiam
1802 3001 1961 3076 potestate

267 3109 299 3161 et
323 3098 393 3162 vice
417 3085 607 3160 beatiPetri
640 3095 858 3182 apostolorum
892 3097 1044 3182 principis
1069 3096 1276 3178 absoluimus,
1301 3106 1333 3160 et
1355 3094 1681 3182 archiepiscopamus,
1718 3107 1750 3160 et
1775 3097 1807 3160 in
1833 3095 1961 3160 culmen

267 3201 548 3288 metropolitanum
574 3201 795 3282 sublimamus,
823 3214 855 3266 et
878 3201 1048 3288 priuilegia
1067 3201 1160 3266 nobis
1184 3206 1370 3266 transmissa
1389 3225 1484 3264 manu
1501 3203 1628 3288 propria
1645 3203 1818 3280 nrunimus,
1844 3213 1876 3266 et
1894 3225 1962 3266 cor·

267 3307 467 3385 roboramus,
484 3330 523 3372 ac
539 3317 610 3372 rata
627 3330 698 3371 esse
715 3310 887 3387 firmamus,
906 3307 1076 3394 denuoque
1094 3307 1150 3371 tibi
1170 3307 1299 3394 pallium
1318 3329 1389 3371 oum
1415 3309 1574 3392 praesenti
1593 3317 1765 3392 praecepto
1784 3308 1962 3372 secuudum

269 3433 361 3476 usunr
392 3413 480 3498 prius
507 3435 705 3494 concessum,
733 3413 1037 3498 successoribusque
1068 3415 1130 3476 tuis
1162 3413 1318 3498 perpetim
1353 3412 1527 3475 tenendum
1560 3413 1716 3476 tradimus
1762 3411 1889 3499 Hisque
1920 3437 1962 3478 ex

267 3519 389 3580 amussi
414 3519 458 3580 ita
492 3518 534 3581 ad
564 3519 717 3581 iustitiam
752 3519 968 3600 reintegratis,
993 3517 1196 3581 decreuimus
1220 3518 1308 3581 rixas
1326 3526 1450 3580 vestras
1466 3527 1497 3580 et
1513 3516 1731 3580 dissensiones
1756 3518 1899 3602 praefata
1921 3541 1962 3582 ex

267 3645 365 3692 causa
378 3621 538 3686 deriuatas
556 3621 716 3704 dirimere,
734 3633 835 3706 atque
854 3623 885 3684 in
903 3621 1078 3686 fraternum
1092 3643 1233 3686 amoram
1248 3643 1306 3685 vos
1326 3620 1543 3700 reconciliare,
1562 3621 1607 3684 sic
1626 3631 1658 3684 ut
1672 3622 1799 3706 utrique
1817 3631 1960 3685 vestrum

269 3727 364 3792 modo
382 3737 551 3812 susceptus
569 3738 715 3792 seruetur
730 3726 816 3812 pallii
836 3726 937 3790 honor
956 3726 1095 3806 illaesus,
1120 3725 1285 3792 hortantes
1308 3737 1466 3812 quatenus
1482 3725 1658 3810 apostolice
1674 3727 1820 3808 instituti,
1845 3725 1961 3791 amodo

269 3855 332 3895 non
357 3834 388 3894 in
413 3834 684 3910 contentione,·et
707 3831 921 3898 aemulatione
945 3835 1109 3896 maneatis.
1136 3831 1271 3896 Constat
1294 3831 1423 3918 quidem
1448 3811 1713 3916 quod‘oanonico
1731 3831 1867 3916 singulis
1891 3855 1963 3918 pro-

269 3938 383 4000 uinclis
408 3935 524 4019 singuli
549 3936 737 4000 ordinantur
762 3936 1007 4021 metropolitani,
1034 3937 1166 4020 proinde
1199 3937 1392 4001 distribuere
1416 3947 1512 4023 atque
1543 3938 1767 4017 determinare,
1790 3939 1836 4002 ita
1868 3937 1962 4003 vobis

268 4041 438 4126 parochias
470 4041 588 4106 bonum
614 4051 645 4106 ct
667 4041 835 4126 pacificum
859 4045 1079 4124 aestimamus,
1104 4054 1139 4106 ut
1162 4043 1274 4108 diuisis
1298 4041 1423 4106 duabus
1450 4042 1586 4106 Noricae
1611 4045 1962 4128 regionisprouinciis,

269 4147 413 4212 Heroldo
447 4147 689 4233 archiepiscopo
713 4147 921 4222 occidentalis
947 4149 1133 4211 Pannoniae
1158 4169 1235 4211 cura
1270 4150 1482 4230 commitatur,
1509 4158 1541 4212 et
1572 4148 1736 4228 custodia3
1769 4148 1826 4212 tibi
1857 4161 1964 4212 autem

269 4252 575 4338 successoribusque
600 4255 671 4332 tuis,
704 4263 835 4338 propter
863 4255 1026 4316 emeritam
1053 4253 1275 4338 antiquitatem
1308 4261 1438 4316 sanctae
1474 4250 1682 4318 lauriacensis
1707 4253 1881 4333 ecclesiae,
1914 4243 1964 4318 cui

269 4359 339 4420 iure
370 4359 530 4422 iuniorum
556 4359 736 4422 reuerentia
759 4361 901 4440 assurgit
925 4361 956 4422 in
983 4358 1224 4436 benedictionis,
1249 4366 1281 4420 et
1303 4357 1388 4420 sedis
1412 4357 1524 4420 ordine
1550 4356 1699 4441 praelatis
1724 4369 1820 4443 atque
1846 4382 1965 4444 praepo

271 4465 341 4526 sitis
366 4463 600 4546 prouidentiam
619 4463 783 4528 orientalis
806 4463 1000 4545 Pannoniae,-
1023 4463 1252 4546 regionemque
1278 4461 1470 4540 Auarorum,
1496 4473 1592 4547 atque
1616 4461 1910 4544 Marahorun1,sed
1935 4471 1966 4528 et

228 4551 232 4556 ¹
270 4567 450 4646 Slauorunr,
468 4570 521 4655 qui
543 4569 637 4632 modo
654 4568 829 4650 christiani,
849 4569 898 4632 vcl
921 4568 1027 4632 adhuc
1043 4591 1101 4652 per
1125 4567 1282 4651 baptisma
1300 4565 1427 4630 Christo
1446 4565 1587 4632 lucrandi
1606 4577 1690 4644 sunt,
1711 4569 1964 4654 circumquaque

272 4675 469 4738 manentium
492 4674 662 4753 credimus,
697 4685 904 4758 nostramque
936 4673 1144 4759 apostolicam
1157 4673 1260 4736 vicem
1286 4674 1316 4736 in
1342 4672 1404 4734 illis
1430 4671 1573 4757 partibus
1607 4672 1826 4756 praedicandi,
1853 4687 1885 4737 et
1910 4699 1966 4760 pro

271 4777 404 4842 arbitrio
429 4778 537 4841 vestro
558 4778 612 4841 ubi
649 4801 728 4862 opus
761 4789 810 4843 est
841 4782 1011 4862 episcopos
1043 4777 1258 4842 constituendi
1288 4779 1459 4863 omniaque
1491 4776 1664 4861 disponere
1692 4788 1791 4862 atque
1816 4780 1967 4844 ordinare

266 4882 327 4948 tali
352 4881 554 4962 authoritate,
579 4895 675 4968 atquc
708 4895 865 4968 potestate
902 4884 1099 4967 delegamus,
1133 4905 1171 4946 ac
1203 4885 1228 4946 si
1259 4885 1319 4967 ipsi
1354 4898 1538 4966 praesentes
1573 4883 1795 4948 affuissemus.
1822 4883 1967 4964 Quodsi

272 4989 335 5052 iam
358 4987 462 5052 dictus
479 4988 642 5054 Hcroldus
659 4989 922 5074 archiepiscopus
950 4991 1118 5074 deincepss
1132 5010 1313 5065 suorumve¹
1331 4989 1489 5074 quispiam
1508 5011 1732 5055 successorum
1753 4992 1884 5056 minime
1909 4991 1967 5056 dil·

273 5095 362 5159 linito
387 5092 486 5157 limite
511 5103 690 5174 contentus,
713 5095 769 5160 sed
796 5095 1000 5159 interdictam
1037 5105 1133 5179 atque
1157 5097 1187 5156 in
1222 5116 1279 5158 sua
1312 5103 1468 5178 potestate
1502 5104 1683 5179 separatam
1721 5095 1896 5160 dioecesim
1921 5121 1966 5161 re-

274 5206 382 5281 petere
406 5200 618 5281 peruicaciter
654 5211 797 5280 conatur,
825 5224 885 5263 nec
916 5224 934 5262 a
965 5197 1146 5286 prohibitae
1185 5200 1398 5262 contentionis
1431 5197 1605 5262 schismate
1639 5221 1696 5284 per
1727 5201 1806 5264 istas
1839 5211 1966 5266 nostras

274 5300 467 5387 apostolicas
492 5304 681 5371 traditiones
705 5315 800 5392 atque
826 5305 1109 5370 determinationes
1134 5305 1361 5390 compescitur.
1388 5303 1462 5390 Ipee
1479 5305 1574 5368 etiam
1603 5307 1653 5390 pie
1677 5327 1832 5374 concessa
1857 5306 1964 5392 digni-
