4300 5930
1768 426 1830 528 125

142 627 373 713 temptauerit,
399 625 551 710 secundo,
584 627 724 690 tersione
759 626 961 704 commonita,
993 625 1053 690 nisi
1088 623 1338 710 presumtionem
1375 642 1433 685 sua
1467 618 1566 704 digna
1601 619 1827 684 satisfaccione

142 733 345 814 correxerit,
368 733 545 817 potestatis,
571 729 766 816 honorisque
790 731 840 794 sui
863 739 971 796 careat
993 728 1159 814 dignitate,
1184 749 1337 812 reamque
1354 747 1388 789 se
1404 725 1514 789 diuino
1530 723 1649 790 iudicio
1666 726 1825 792 existente

144 835 194 906 ds
220 847 406 926 perpetrata
428 837 596 924 iniquitate
621 845 795 922 cognoscat
815 845 846 900 et
868 859 888 900 a
911 837 1128 902 sacratissimo
1152 856 1285 920 corpore
1305 831 1366 897 hac
1388 832 1545 915 sanguine
1569 830 1621 896 dei
1646 841 1678 894 et
1702 830 1824 897 domini

143 942 371 1029 redemptoris
395 945 496 1010 nostri
518 942 598 1008 Jesn
623 941 743 1008 Christi
767 941 872 1008 aliena
895 941 961 1024 fiat,
984 951 1080 1028 atque
1104 941 1137 1004 in
1157 950 1302 1004 extremo
1335 939 1485 1002 examine
1516 935 1662 1000 districte
1696 935 1828 1002 ultionis

144 1047 335 1114 subiaceat.
360 1046 494 1116 Cunctis
518 1057 624 1114 autem
645 1048 749 1112 eidem
773 1047 844 1114 loco
868 1070 926 1114 sua
949 1051 1019 1112 iura
1042 1045 1255 1127 sernentibus,
1287 1047 1328 1109 sit
1359 1067 1425 1130 pax
1455 1042 1576 1108 domini
1612 1045 1712 1108 nostri
1747 1042 1828 1108 Jesu

146 1150 290 1236 Christi,
315 1157 464 1242 quatinus
488 1164 519 1219 et
541 1154 594 1219 hic
617 1154 755 1220 fructum
780 1153 862 1220 bone
895 1155 1029 1220 actionis
1059 1154 1248 1241 percipiant,
1283 1159 1314 1216 et
1348 1149 1434 1237 apud
1468 1149 1649 1214 districtum
1685 1147 1825 1214 iudicem

144 1262 280 1344 premia
303 1273 413 1328 eterne
437 1262 525 1348 pacis
546 1261 725 1326 inueniant.
749 1261 867 1326 Amen.

306 1365 378 1452 Ego
402 1365 523 1432 Lucius
547 1364 703 1430 catholice
723 1364 860 1430 ecclesie
884 1366 1063 1451 episcopus.
1089 1387 1131 1436 m.
1157 1388 1187 1451 p.

305 1475 326 1554 †
349 1470 420 1556 Ego
442 1471 559 1536 Petrus
582 1470 742 1560 presbiter
763 1469 935 1536 cardinalis
959 1479 994 1535 tt.
1019 1492 1043 1535 s.
1069 1467 1225 1552 Susanne,
1250 1493 1289 1534 m.
1314 1493 1343 1556 p.

306 1581 326 1658 †
350 1577 421 1662 Ego
445 1577 612 1644 Laborans
637 1599 667 1663 p.
692 1599 720 1642 o.
744 1600 771 1640 s.
792 1575 895 1640 Maris
919 1585 1006 1640 trans
1031 1574 1174 1640 Tiberim
1199 1585 1234 1640 tt.
1258 1573 1379 1640 Calixti
1404 1597 1445 1640 m.
1471 1596 1500 1660 p.

305 1687 325 1766 †
346 1683 416 1767 Ego
440 1683 610 1749 Rainerius
636 1705 664 1768 p.
688 1705 715 1747 o.
740 1705 782 1746 ss.
806 1679 899 1746 Johis
923 1691 954 1746 et
974 1681 1075 1764 Pauli,
1101 1692 1132 1748 tt.
1155 1681 1321 1748 Pamachii
1346 1705 1385 1745 m.
1409 1705 1438 1766 p.

306 1793 327 1869 †
350 1788 421 1874 Ego
444 1781 611 1856 Hubertus
636 1811 666 1874 p.
692 1811 718 1853 c.
743 1799 778 1854 tt.
804 1810 829 1854 s.
852 1787 1026 1852 Laurencii
1049 1789 1081 1850 in
1108 1787 1250 1864 Damaso
1276 1811 1317 1854 m.
1342 1811 1372 1874 p.

304 1897 325 1976 'r
350 1895 420 1982 Ego
446 1893 625 1960 Panduifns
646 1917 676 1980 p.
700 1918 727 1958 c.
754 1904 788 1959 tt.
814 1893 945 1958 basilice
969 1893 1046 1958 XII.
1069 1893 1242 1980 apostolor.
1267 1919 1309 1960 m.
1333 1918 1363 1981 p.

305 1999 419 2086 †Ego
444 2001 630 2067 Theodinus
654 2002 836 2088 portuensis
860 2011 892 2064 et
914 2023 941 2067 s.
965 2000 1080 2065 Rufius
1104 2002 1190 2066 sedis
1214 2003 1384 2088 episcopus
1408 2023 1449 2066 m.
1473 2025 1505 2088 p.

304 2109 325 2186 †
347 2105 418 2190 Ego
443 2106 561 2172 Paulus
586 2109 791 2192 prenestinus
814 2107 913 2192 episc.
936 2130 978 2172 m.
1002 2130 1034 2194 p.

305 2215 326 2294 †
349 2211 421 2296 Ego
444 2212 588 2277 Jacobus
612 2212 766 2278 dianonus
790 2212 963 2278 cardinalis
988 2237 1013 2278 s.
1036 2211 1138 2278 Maris
1158 2215 1190 2278 in
1216 2213 1381 2278 Cosmidin
1406 2237 1448 2278 m.
1472 2235 1501 2300 p.

302 2317 415 2402 †Ego
439 2317 572 2383 Ardicio
595 2327 631 2382 tt.
656 2343 682 2382 s.
706 2317 855 2401 Tendori‚
880 2319 911 2384 d.
935 2319 1022 2384 card.
1048 2344 1089 2386 m.
1114 2343 1145 2406 p.

303 2426 323 2504 †
347 2423 528 2489 Gracianns
551 2448 594 2490 ss.
620 2422 739 2490 Cnsme
762 2435 805 2490 et.
829 2425 981 2490 DamIani
1003 2425 1034 2490 d.
1059 2425 1146 2490 card.
1170 2450 1211 2492 m.
1236 2450 1268 2514 p.

303 2531 323 2608 †
347 2529 437 2594 Bobo
461 2529 544 2595 diac.
567 2529 655 2599 card.
679 2553 704 2595 s.
730 2530 847 2616 Angeli
872 2555 912 2596 m.
936 2555 966 2618 p.

305 2641 325 2716 †
347 2637 419 2722 Ego
443 2635 608 2702 Gerendus
632 2637 715 2705 diac.
738 2638 826 2704 card.
850 2663 875 2703 s.
896 2638 1032 2704 Adriani
1057 2662 1087 2702 m
1121 2663 1152 2725 p.

303 2741 416 2827 †Ego
436 2743 635 2808 Octauianus
658 2744 689 2808 d.
714 2767 741 2807 c.
766 2767 808 2808 ss.
834 2743 937 2830 Sergii
963 2756 994 2809 et
1016 2744 1137 2809 Bacchi
1162 2769 1203 2809 m.
1228 2770 1258 2831 p.

305 2851 325 2930 †
347 2847 418 2934 Ego
446 2847 609 2914 Gofredus
632 2847 663 2912 d.
687 2850 772 2914 card.
796 2873 821 2914 s.
847 2851 948 2916 Maris
970 2854 1005 2916 in
1028 2855 1082 2944 uia
1106 2851 1171 2916 lata
1195 2874 1236 2918 m.
1259 2875 1289 2938 p.

304 2953 419 3040 †Ego
445 2952 586 3042 Albinus
610 2955 641 3020 d.
666 2979 692 3020 c.
716 2980 742 3020 s.
767 2956 867 3020 Maris
891 2980 973 3022 noue
998 2979 1039 3022 m.
1064 2981 1094 3043 p.

305 3059 426 3125 Datum
450 3059 585 3126 Velietri
608 3084 666 3148 per
689 3085 803 3126 manns
827 3061 953 3128 Alberti
977 3073 1087 3128 sancte
1119 3087 1249 3129 romane
1281 3065 1416 3134 ecclesie
1449 3065 1617 3153 presbiteri
1647 3067 1821 3135 cardinalis

147 3179 182 3231 et
205 3165 402 3248 cancellarii,
427 3165 486 3232 XI.
511 3167 575 3232 hal.
600 3168 765 3247 februarii,
791 3169 964 3234 indictione
987 3172 1100 3254 prima.
1119 3171 1357 3236 Incaruacionis
1374 3171 1532 3253 dominice
1549 3196 1632 3240 auno
1649 3175 1823 3242 millesimo

149 3275 332 3338 centesimo
356 3271 529 3339 LXXXII.
554 3277 758 3362 pontificatus
784 3297 860 3341 vero
884 3275 993 3342 domni
1016 3275 1108 3340 Lucii
1133 3300 1215 3364 pape
1235 3277 1293 3342 III.
1319 3299 1403 3343 anno
1421 3279 1462 3343 II.

148 3559 175 3616 F
312 3475 416 3530 Matina
439 3495 474 3530 nn
498 3476 660 3547 pergameni
683 3494 701 3532 n
725 3476 825 3534 arhivu
848 3475 916 3548 gub.
938 3479 1115 3548 zadaralrog„
1141 3479 1212 3532 Acta
1246 3487 1364 3536 monast,
1397 3481 1446 3536 SS.
1479 3480 1581 3535 Cosme
1615 3490 1644 3538 et
1679 3483 1822 3542 Damiani.

176 3580 234 3620 asc.
264 3561 314 3616 III.
336 3563 377 3622 br,
405 3563 475 3620 144.

697 3857 910 3943 CLXXII.
938 3859 1110 3944 11811.
1138 3859 1316 3966 vellate.

8 4087 9 4090 .
64 4117 67 4123 Ι
150 4039 298 4098 Dedomir
321 4037 643 4117 arcesseremusne
666 4039 796 4100 Dionita
819 4044 907 4120 tona,
931 4043 1043 4116 uvadjn
1065 4044 1206 4115 uposjsd
1228 4043 1315 4102 Brda
1337 4045 1394 4102 toci
1421 4043 1569 4116 Sidoniac,
1604 4049 1757 4106 semustae
1776 4065 1820 4110 su.

346 4146 513 4218 besuano,
536 4148 652 4220 kojem
671 4165 711 4222 qa
733 4149 846 4206 darcon
868 4147 1019 4208 Druiias'h
1043 4148 1117 4222 Ded,
1140 4149 1285 4208 dosvolom
1309 4151 1477 4212 Kresimirn
1498 4151 1610 4226 kroija.

312 4334 348 4400 In
374 4333 494 4400 Christi
519 4337 657 4402 nomine.
682 4335 776 4400 Anno
801 4337 1029 4402 incarnationis
1053 4339 1122 4402 eins
1146 4336 1315 4402 millesimo
1348 4340 1522 4404 centesimo
1555 4343 1751 4426 octogesimo
1776 4365 1823 4407 se-

155 4442 272 4525 cundo,
296 4441 377 4506 festo
402 4445 504 4507 sancti
528 4443 639 4508 Sanini
663 4445 809 4508 canusini
828 4446 981 4532 episcopi,
1003 4443 1088 4530 qnod
1120 4453 1168 4507 est
1196 4445 1307 4530 quinto
1342 4444 1414 4508 idus
1448 4444 1611 4527 februarii,
1647 4446 1824 4516 indictione

152 4551 264 4636 prIma.
290 4548 456 4633 Regnante
480 4548 610 4614 domino
633 4559 742 4614 nostro
765 4549 842 4614 Bela
866 4551 917 4614 dei
941 4552 1045 4637 gratia
1069 4548 1246 4633 Hungarie,
1275 4548 1453 4633 Dalmaoie,
1470 4549 1637 4632 Chroacie,
1654 4553 1824 4641 Rameque

62 4677 64 4686 ’
151 4657 364 4722 inuictiasimo
388 4678 474 4740 rege,
499 4659 585 4721 etin
609 4657 739 4720 ciuitate
762 4657 920 4722 iadertina
943 4655 1126 4744 presidente
1150 4655 1308 4721 Damiano
1334 4657 1489 4722 Desinnie
1514 4661 1640 4723 comite.
1659 4659 1823 4740 Quoniam

151 4759 285 4830 humani
310 4762 430 4846 ingenii
455 4759 608 4826 naturalis
632 4763 799 4828 infirmitas
823 4763 930 4850 plures
954 4761 1008 4826 diu
1032 4764 1213 4849 iugiterqne
1246 4765 1398 4828 memorie
1431 4765 1568 4828 retinere
1597 4787 1660 4830 non
1698 4777 1823 4854 poteret

150 4889 279 4946 causas,
303 4866 376 4932 ideo
400 4866 510 4932 diuina
533 4869 743 4954 inspiratione
768 4868 809 4932 ad
831 4869 952 4933 litteras
977 4877 1009 4932 et
1032 4891 1141 4932 earnm
1166 4877 1259 4933 notas
1283 4871 1383 4934 nostri
1409 4893 1585 4956 peruenere
1608 4875 1755 4955 maiores,
1789 4879 1824 4938 ut

150 4995 209 5059 per
232 4997 289 5038 eas
312 4995 488 5059 earumque
512 4975 723 5040 instrumenta
747 4997 804 5040 seu
828 4973 1021 5040 documenta
1045 4973 1221 5060 perhennis
1244 4975 1349 5040 facilis
1372 4986 1591 5064 perpetuaque
1614 4984 1769 5044 memoria
1791 4989 1823 5042 et

150 5081 336 5166 incorrupte
360 5071 505 5144 veritatis
528 5090 559 5144 et
582 5080 657 5144 fidei
682 5081 820 5172 integre«
832 5081 1037 5146 obseruantia
1060 5080 1279 5146 indubitanter
1302 5079 1447 5165 habetur,
1472 5083 1551 5147 etin
1574 5105 1700 5148 omnem
1719 5095 1821 5168 poste-

149 5187 278 5250 ritatem
303 5185 399 5250 nuIIis
423 5185 605 5250 mortalium
628 5187 756 5252 casibus
778 5186 908 5252 turbata
941 5195 1201 5252 commutaretur.
1232 5187 1335 5282 Igitur
1366 5188 1475 5254 decuit
1512 5211 1561 5254 me
1598 5189 1821 5275 Dedomirum,

149 5290 251 5356 filium
273 5289 446 5386 ¹Sramleni,
470 5294 612 5380 presenti
635 5291 906 5384 comprehendere
929 5294 1058 5378 scripto,
1082 5293 1241 5380 quomodo
1266 5303 1298 5357 et
1321 5317 1383 5382 quo
1408 5295 1519 5360 ordine
1546 5293 1694 5362 dominus
1731 5319 1821 5366 meus
