4310 5918
1759 401 1821 472 iss
1861 485 1864 495 V

138 587 303 656 Cresimiri
323 591 464 673 maioris,
480 591 567 678 quod
579 614 642 678 ,pro
659 592 802 658 remedio
817 593 924 658 anime
940 614 998 660 sus
1023 591 1209 661 tradidisset
1225 594 1257 658 in
1275 593 1471 660 monasterio
1496 595 1599 660 sancti
1624 591 1820 678 Chrisogoni

138 697 332 760 territorium
357 696 488 783 aliquod
507 698 539 762 in
564 697 674 780 fundo,
691 699 745 784 qui
771 699 889 764 (licitur
908 697 1041 782 Yeulus,
1061 723 1082 762 a
1104 721 1225 784 quercu
1242 699 1298 784 qui
1315 708 1379 764 stet
1394 719 1492 784 supra
1514 697 1632 765 vallem
1657 697 1821 765 rsbiosstn

138 821 237 885 usque
260 801 302 866 ad
320 801 478 882 Stafilum,
500 803 554 887 qui
579 803 639 867 huc
655 802 695 868 de
718 823 818 870 causa
833 805 914 869 situs
932 815 981 869 est
1005 807 1037 868 in
1055 805 1151 868 triuio
1178 804 1265 890 quod
1286 815 1335 868 est
1359 813 1471 870 contra
1496 802 1638 883 Sublata,
1663 813 1820 890 perpetuo

137 904 377 990 possidendum.
398 904 495 985 Quod
511 915 612 970 tutum
641 907 883 993 possessoribus
905 916 970 974 suis
992 911 1110 974 mansit
1132 917 1277 996 tempure
1301 911 1402 996 ipsius
1426 918 1459 976 et
1482 908 1538 974 lilii
1563 911 1632 976 eius
1657 907 1820 988 Dirnislsi,

138 1023 305 1078 eteorum
331 1013 516 1100 potentibus
541 1013 634 1078 banis
659 1013 800 1101 Pribyne
827 1024 859 1080 et
873 1012 1059 1096 Godemiro,
1077 1025 1109 1080 et
1124 1013 1324 1102 temporibus
1341 1013 1519 1096 Suatasleo,
1542 1023 1574 1078 et
1596 1013 1733 1080 fratrum
1750 1016 1820 1080 eius

137 1115 295 1184 Cresimir
324 1128 357 1184 et
387 1117 541 1205 Goyslso,
573 1129 605 1183 ct
636 1118 695 1184 filii
726 1121 796 1184 eius
819 1119 984 1206 Stephani,
1009 1122 1109 1207 patris
1140 1122 1213 1200 mei,
1238 1119 1425 1186 fauentibus
1448 1118 1613 1184 nobilibus
1635 1121 1738 1203 banis,
1763 1121 1818 1206 qui

136 1244 247 1288 eorum
272 1223 364 1288 fuere
387 1223 596 1310 temporibus,
622 1223 771 1290 bisunt:
807 1223 951 1305 Gusrda,
974 1223 1167 1308 Bosethech,
1199 1236 1232 1292 et
1260 1224 1444 1312 Stephanus
1476 1224 1606 1292 Prssce.
1643 1223 1738 1314 Unde
1763 1246 1821 1292 uos

135 1329 320 1394 sanccimus
345 1351 456 1394 eorum
480 1331 668 1396 sancciones
691 1353 710 1394 a
734 1329 829 1396 uobis
865 1330 1032 1396 roboratas
1056 1339 1212 1418 perpetuo
1235 1351 1434 1416 permanere.
1460 1326 1493 1394 Si
1518 1331 1590 1416 quis
1613 1338 1722 1396 autem
1747 1339 1820 1415 post

135 1432 259 1498 obitum
285 1444 429 1500 nostrum
462 1437 524 1500 ists
553 1435 677 1508 uiolare
705 1439 921 1523 temptsnerit,
953 1439 1093 1522 sumpmi
1126 1439 1270 1506 incurret
1301 1434 1418 1500 iudicis
1444 1436 1535 1514 iram,
1557 1445 1589 1500 et
1623 1437 1655 1500 in
1691 1434 1820 1502 orreudi

135 1538 297 1602 examinis
320 1537 374 1604 die
397 1541 562 1604 sinistrum
588 1540 757 1626 possidens
783 1541 887 1608 locum
913 1541 1102 1629 audiatque
1126 1543 1265 1608 sinistris
1290 1551 1462 1608 merentur.
1486 1539 1604 1606 Actum
1630 1550 1679 1606 est
1702 1537 1766 1613 hoc,
1787 1541 1818 1604 in

135 1664 281 1708 nonense
306 1645 436 1708 ciuitate
459 1643 508 1709 his
530 1667 638 1710 coram
673 1646 820 1727 testibus,
845 1645 1018 1712 Boleslauo
1042 1659 1145 1735 tepne,
1176 1649 1278 1713 testis.
1311 1645 1469 1712 Ademiao
1501 1647 1652 1712 nonensis
1685 1649 1822 1731 ispanus

133 1749 233 1812 testis.
259 1747 400 1836 Valtyao
419 1751 554 1836 ispanus
570 1750 611 1816 de
628 1751 717 1816 Luca
735 1753 835 1834 testis,
854 1751 972 1818 Volesa
991 1751 1064 1834 ded,
1089 1754 1189 1834 testis,
1214 1751 1328 1840 eydie,
1346 1749 1503 1837 posteinie
1527 1752 1628 1832 testis,
1653 1749 1821 1816 lohannes

134 1855 220 1936 regis
245 1855 443 1941 capellanus,
463 1857 564 1938 testis,
587 1855 697 1940 Zouiz,
719 1857 821 1938 solur,
842 1859 943 1939 testis,
967 1856 1122 1942 Dragena
1146 1855 1365 1924 scutobaiulus
1390 1858 1491 1938 testis,
1519 1854 1662 1922 Dadouit
1684 1857 1822 1934 vinctos,

134 1956 296 2025 Grubons
311 1959 453 2026 decanus
471 1971 579 2026 testes.
598 1961 640 2026 Et
657 1984 717 2047 ego
734 1961 839 2026 Adem
867 1961 1053 2045 monachus,
1071 1960 1229 2028 Obroscis
1249 1961 1371 2028 electus
1393 1963 1573 2048 episeopus,
1595 1963 1684 2028 iussu
1699 1959 1823 2026 domini

135 2065 222 2148 regis
241 2087 347 2140 manu
369 2088 443 2131 mea
466 2067 592 2152 scripsi.
616 2104 656 2114 —
681 2065 741 2132 Est
768 2076 800 2132 et
823 2065 911 2134 aliud
932 2069 1128 2133 territorium
1153 2068 1256 2134 ssncti
1276 2065 1471 2152 Chrisogoui
1497 2068 1528 2132 in
1554 2065 1669 2147 insula,
1694 2067 1725 2130 in
1751 2065 1821 2132 loco

135 2170 188 2255 qui
214 2171 351 2256 antiquo
387 2174 516 2238 nomine
547 2171 710 2256 Flaueyco
741 2171 870 2255 dicitur,
901 2171 988 2259 quod
1017 2195 1103 2240 nune
1126 2171 1189 2238 alio
1214 2174 1344 2238 nomine
1366 2171 1551 2238 Postimans
1571 2173 1764 2253 nominatur,
1789 2173 1820 2235 ln

136 2295 199 2359 quo
224 2274 299 2340 loco
323 2275 472 2342 edificata
496 2285 546 2344 est
570 2275 708 2342 ecclesia
731 2277 771 2344 ad
794 2279 947 2344 honorem
973 2278 1059 2344 besti
1076 2277 1245 2346 Michaelis
1266 2275 1463 2362 archangeli,
1486 2295 1549 2364 que
1573 2279 1716 2342 noscitur
1741 2275 1822 2342 celis

136 2402 206 2446 esse
231 2384 335 2447 nostri
359 2383 496 2466 cenobii,
531 2383 585 2448 ubi
609 2385 711 2450 eciam
748 2383 896 2448 similiter
919 2393 954 2450 ut
977 2385 1009 2448 in
1041 2384 1106 2450 alio
1138 2384 1282 2472 predicto
1313 2385 1474 2450 territorio
1506 2389 1599 2448 vinee
1631 2383 1768 2470 plurime
1791 2392 1824 2448 et

136 2485 220 2552 olins
246 2488 391 2574 plantam
415 2491 446 2554 in
471 2491 628 2577 obsequio
646 2490 779 2556 fratrum
799 2490 966 2572 habentur,
990 2476 1087 2578 quam
1111 2488 1262 2556 videlicet
1278 2487 1403 2571 cellam,
1420 2509 1492 2554 cum
1509 2487 1734 2554 adiacentibus
1758 2487 1821 2554 sibi

136 2595 318 2673 territoriis,
342 2594 478 2659 domnus
503 2595 608 2660 Maius
625 2596 665 2660 de
682 2594 850 2671 Oolumns,
875 2595 1055 2661 iaderensis
1072 2597 1169 2681 prior,
1185 2618 1259 2662 eum
1277 2596 1344 2662 suis
1367 2593 1530 2660 nobilibus
1554 2603 1665 2660 nostre
1689 2591 1824 2660 contulit

137 2699 344 2780 monasterio,
361 2701 393 2766 iu
411 2723 492 2786 opus
508 2700 641 2767 fratrum
662 2701 782 2767 ibidem
800 2691 1189 2785 Christo'fsmulsncium,
1214 2699 1302 2788 quod
1326 2700 1447 2766 factum
1466 2701 1577 2786 utique
1595 2697 1820 2766 inconuulsum

137 2803 256 2868 mansit
280 2813 425 2899 tempore
460 2807 560 2892 ipsius
584 2807 707 2872 eteius
740 2807 876 2892 neptis,
901 2805 1050 2892 equidem
1086 2807 1214 2871 nomine
1248 2806 1327 2872 dieti
1358 2805 1470 2872 domui
1501 2805 1611 2890 liegii,
1643 2804 1822 2872 iadereusis

137 2907 290 2974 similiter
313 2912 438 2996 prioris,
462 2934 500 2976 ae
525 2921 669 2998 ternpore
694 2911 750 2976 filii
775 2911 870 2976 huius
902 2911 1034 2977 secundi
1070 2909 1181 2998 Magii,
1206 2911 1315 2977 domni
1340 2909 1491 2996 Gregorii
1517 2910 1693 2998 imperialis
1717 2919 1822 2997 proto-

136 3014 295 3099 spatharii
321 3025 353 3081 et
375 3017 545 3084 Delmacie
565 3020 701 3104 stratigi,
726 3041 781 3084 seu
805 3017 925 3084 dedere
949 3019 1074 3105 prioris,
1092 3019 1147 3104 qui
1168 3025 1313 3104 tempore
1336 3018 1385 3082 sui
1411 3016 1571 3103 prioratus
1593 3017 1727 3082 veniens
1751 3038 1823 3082 eum

137 3122 203 3184 suis
229 3121 405 3204 nobilibus,
429 3123 479 3188 his
503 3126 648 3188 terminis
672 3125 858 3189 terminauit
893 3123 1071 3211 predictum
1096 3125 1302 3198 territorium,
1326 3121 1478 3188 videlicet
1501 3145 1520 3188 a
1544 3145 1632 3188 mare
1657 3121 1823 3209 usquead

140 3229 304 3291 moncium
324 3219 531 3294 'summitates
556 3243 587 3294 et
610 3253 629 3293 s
652 3231 757 3315 cupite
788 3228 891 3312 vallis,
916 3231 1032 3316 quein
1056 3229 1179 3294 oriente
1214 3237 1286 3316 post
1316 3227 1487 3293 eeclesiam
1519 3230 1662 3292 cernitur
1688 3249 1770 3310 esse,
1792 3229 1824 3292 iu

138 3352 200 3416 quo
222 3342 256 3397 et
278 3333 399 3398 fectum
425 3333 581 3399 fossatum
606 3333 751 3416 habetur,
769 3337 823 3422 qui
851 3344 963 3402 contra
979 3336 1066 3420 ipsos
1090 3343 1214 3400 montes
1238 3335 1319 3399 mitti
1344 3334 1482 3416 videtur,
1503 3355 1605 3420 usque
1639 3335 1821 3412 maceriam,

139 3459 200 3523 que
224 3438 313 3504 ultre
336 3439 497 3505 desertum
522 3440 675 3528 oppidum
702 3450 751 3504 est
774 3443 805 3505 iu
831 3451 921 3528 parte
952 3439 1162 3522 occidentale,
1187 3462 1252 3526 quo
1275 3442 1376 3505 eciam
1401 3449 1478 3504 tunc
1500 3438 1542 3504 ob
1567 3439 1617 3502 sui
1649 3437 1724 3503 facti
1757 3461 1821 3504 me·
1877 3475 1882 3484 -

139 3543 274 3607 moriam
301 3543 452 3631 pusillum
486 3569 542 3632 pro
575 3547 667 3630 signo
699 3568 852 3611 aceruum
886 3548 998 3612 stet-nit
1028 3545 1180 3632 lapidum,
1212 3548 1363 3632 quatinus
1394 3547 1457 3610 ism
1479 3545 1564 3610 serui
1589 3543 1641 3608 dei
1662 3554 1823 3610 morantes

139 3646 260 3714 ibidem
287 3649 467 3716 molestiam
493 3653 612 3738 quippe
638 3673 801 3738 nunquam
825 3651 968 3740 aliquam
995 3653 1200 3718 sustinerent.

302 3815 382 3872 lavor
403 3833 441 3872 na
462 3816 528 3872 koei
551 3834 570 3872 u
591 3817 689 3888 guber.
712 3817 814 3876 srkivu
839 3835 858 3873 n
881 3817 985 3876 stru.
1009 3816 1080 3888 esp.
1104 3815 1213 3874 xxm.
1237 3814 1279 3872 hr.
1304 3815 1377 3871 573.

606 4111 799 4198 CXLIX.
826 4112 917 4197 tiko
942 4133 980 4214 g.
1007 4111 1117 4196 rest.
1145 4109 1195 4254 U!
1209 4108 1362 4192 hadre.

140 4269 267 4384 suanae
292 4309 319 4368 1.
343 4310 449 4383 hisicup
471 4310 615 4372 nudasset
636 4311 751 4388 opissqie
772 4311 849 4372 hako
865 4315 899 4386 je
923 4311 982 4372 selo
1005 4309 1180 4370 Postimans
1190 4307 1312 4382 nripulo
1327 4308 1501 4368 ramosum
1524 4308 1642 4378 svetopo
1665 4303 1823 4364 artesano
1886 4277 1893 4285 ’

906 4433 926 4476 u
951 4415 1064 4476 Zadris.

299 4585 510 4653 Territorium
544 4589 647 4654 sancti
668 4587 849 4674 Orisogoni,
873 4589 906 4652 in
937 4586 1051 4668 insula,
1083 4587 1115 4652 in
1148 4585 1229 4668 loco,
1261 4584 1315 4671 qui
1346 4587 1479 4672 antiquo
1510 4583 1639 4650 nomine
1668 4582 1821 4649 Fletreico

141 4689 270 4775 dicitur,
295 4715 381 4757 nunc
412 4715 489 4758 vero
518 4695 702 4760 Postimans
730 4695 920 4776 nominatur,
957 4695 989 4758 in
1024 4713 1087 4778 quo
1111 4689 1181 4756 loco
1215 4691 1417 4755 Prestaucius
1449 4691 1620 4776 spiscopus
1652 4711 1716 4754 uns
1750 4711 1822 4754 cum

28 4807 29 4812 ’
141 4795 225 4862 hlaio
250 4798 350 4862 fratre
373 4821 431 4864 suo
456 4801 561 4886 priore
596 4799 804 4864 edifieauerst
835 4798 1004 4864 eeclesiam
1036 4797 1078 4862 ad
1113 4795 1266 4862 honorem
1304 4797 1390 4861 beati
1420 4793 1605 4882 archangeli
1631 4793 1822 4860 Miehsbelis

142 4914 173 4968 et
194 4905 316 4989 quibus
340 4903 511 4970 voluerunt
541 4905 732 4970 dotuuerunt
764 4903 941 4971 beneficiis.
965 4901 1068 4968 Traso
1100 4902 1250 4988 denique,
1281 4902 1336 4987 qui
1371 4899 1434 4966 illis
1463 4899 1579 4965 diebus
1610 4898 1686 4964 huic
1712 4907 1822 4964 nostro

142 5010 277 5074 cenobio
302 5022 430 5096 preerat
452 5011 554 5076 abbas
575 5013 776 5098 prospiciens
800 5011 884 5078 hane
906 5011 969 5076 sihi
996 5001 1128 5096 suisque
1151 5008 1306 5074 fratribus
1330 5009 1408 5072 satis
1432 5028 1503 5072 esse
1528 5027 1705 5092 congruum
1728 5013 1760 5068 et
1783 5003 1823 5067 ad

142 5137 231 5180 suam
257 5114 428 5181 utilitatem
453 5118 548 5182 nimis
579 5117 758 5204 proficuum
793 5119 924 5184 sensuit
946 5115 987 5181 ed
1017 5137 1052 5178 ss
1075 5113 1183 5178 dictos
1200 5112 1316 5177 fratres
1340 5121 1373 5176 et
1395 5112 1511 5198 petiuit
1534 5109 1625 5174 illum
1649 5108 1826 5194 disponens
1854 5099 1858 5108 '

142 5221 186 5284 sis
209 5223 439 5286 necessitutcm
464 5245 593 5288 suorum
617 5223 752 5288 fratrum
776 5245 815 5288 ac
842 5223 957 5288 domus
973 5220 1036 5286 dei.
1057 5217 1158 5285 Cuius
1175 5217 1374 5284 voluntatem
1391 5239 1430 5282 sc
1447 5217 1634 5302 petitionem
1659 5213 1824 5279 consecuti

143 5336 215 5394 suut
237 5326 316 5392 dicti
342 5329 449 5414 presul
471 5339 504 5394 et
519 5327 634 5393 fratres
651 5331 730 5411 eius,
760 5326 1009 5412 obtuleruntque
1021 5327 1054 5392 iu
1068 5324 1224 5412 obsequio
1240 5323 1366 5390 abbatis
1380 5332 1412 5390 et
1424 5321 1556 5408 fratrum
1571 5330 1637 5398 taur
1654 5315 1824 5392 eeclesiam

1700 5424 1721 5494 9
