<?xml version="1.0" encoding="UTF-8"?>
<!DOCTYPE html PUBLIC "-//W3C//DTD XHTML 1.0 Transitional//EN"
    "http://www.w3.org/TR/xhtml1/DTD/xhtml1-transitional.dtd">
<html xmlns="http://www.w3.org/1999/xhtml" xml:lang="en" lang="en">
 <head>
  <title>
</title>
<meta http-equiv="Content-Type" content="text/html;charset=utf-8" />
  <meta name='ocr-system' content='tesseract 3.04.00' />
  <meta name='ocr-capabilities' content='ocr_page ocr_carea ocr_par ocr_line ocrx_word'/>
</head>
<body>
  <div class='ocr_page' id='page_1' title='image "./codexdiplomatic00unkngoog_0094.png"; bbox 0 0 4350 5932; ppageno 0'>
   <div class='ocr_carea' id='block_1_1' title="bbox 337 459 380 526">
    <p class='ocr_par' dir='ltr' id='par_1_1' title="bbox 337 459 380 526">
     <span class='ocr_line' id='line_1_1' title="bbox 337 459 380 526; baseline 0.07 -3"><span class='ocrx_word' id='word_1_1' title='bbox 337 459 380 526; x_wconf 82' lang='lat'>54</span> 
     </span>
    </p>
   </div>
   <div class='ocr_carea' id='block_1_2' title="bbox 326 645 2112 2310">
    <p class='ocr_par' dir='ltr' id='par_1_2' title="bbox 326 645 2020 1160">
     <span class='ocr_line' id='line_1_2' title="bbox 336 645 2020 740; baseline -0.008 -21"><span class='ocrx_word' id='word_1_2' title='bbox 336 653 522 739; x_wconf 81' lang='lat' dir='ltr'>Vulgarum,</span> <span class='ocrx_word' id='word_1_3' title='bbox 548 675 631 740; x_wconf 90' lang='lat' dir='ltr'>quae</span> <span class='ocrx_word' id='word_1_4' title='bbox 656 653 765 717; x_wconf 89' lang='lat' dir='ltr'>omnia</span> <span class='ocrx_word' id='word_1_5' title='bbox 790 651 907 716; x_wconf 89' lang='lat' dir='ltr'>idcirco</span> <span class='ocrx_word' id='word_1_6' title='bbox 932 650 1078 732; x_wconf 80' lang='lat' dir='ltr'><strong>dicimus,</strong></span> <span class='ocrx_word' id='word_1_7' title='bbox 1105 659 1139 714; x_wconf 91' lang='lat' dir='ltr'>ut</span> <span class='ocrx_word' id='word_1_8' title='bbox 1155 671 1251 735; x_wconf 88' lang='lat' dir='ltr'>quam</span> <span class='ocrx_word' id='word_1_9' title='bbox 1276 647 1368 712; x_wconf 91' lang='lat' dir='ltr'>aliter</span> <span class='ocrx_word' id='word_1_10' title='bbox 1393 671 1426 712; x_wconf 88' lang='lat' dir='ltr'>se</span> <span class='ocrx_word' id='word_1_11' title='bbox 1452 645 1594 720; x_wconf 87' lang='lat' dir='ltr'>habeant</span> <span class='ocrx_word' id='word_1_12' title='bbox 1614 669 1695 732; x_wconf 91' lang='lat' dir='ltr'>quae</span> <span class='ocrx_word' id='word_1_13' title='bbox 1717 645 1883 734; x_wconf 75' lang='lat' dir='ltr'>scripsisti,</span> <span class='ocrx_word' id='word_1_14' title='bbox 1909 651 2020 727; x_wconf 84' lang='lat' dir='ltr'>legens</span> 
     </span>
     <span class='ocr_line' id='line_1_3' title="bbox 332 751 2019 842; baseline -0.005 -21"><span class='ocrx_word' id='word_1_15' title='bbox 332 759 364 822; x_wconf 93' lang='lat' dir='ltr'>in</span> <span class='ocrx_word' id='word_1_16' title='bbox 389 761 514 842; x_wconf 88' lang='lat' dir='ltr'>graecis</span> <span class='ocrx_word' id='word_1_17' title='bbox 537 757 758 823; x_wconf 87' lang='lat' dir='ltr'>voluminibus</span> <span class='ocrx_word' id='word_1_18' title='bbox 779 758 851 842; x_wconf 91' lang='lat' dir='ltr'>ipse</span> <span class='ocrx_word' id='word_1_19' title='bbox 876 777 1071 840; x_wconf 60' lang='lat' dir='ltr'>cognoscas,</span> <span class='ocrx_word' id='word_1_20' title='bbox 1091 753 1181 834; x_wconf 86' lang='lat' dir='ltr'>Quos</span> <span class='ocrx_word' id='word_1_21' title='bbox 1198 753 1348 826; x_wconf 83' lang='lat' dir='ltr'>nimirum</span> <span class='ocrx_word' id='word_1_22' title='bbox 1366 753 1432 818; x_wconf 89' lang='lat' dir='ltr'>suis</span> <span class='ocrx_word' id='word_1_23' title='bbox 1450 751 1701 836; x_wconf 79' lang='lat' dir='ltr'>cognominibus</span> <span class='ocrx_word' id='word_1_24' title='bbox 1724 753 1930 839; x_wconf 79' lang='lat' dir='ltr'>acquiescere</span> <span class='ocrx_word' id='word_1_25' title='bbox 1949 771 2019 834; x_wconf 83' lang='lat' dir='ltr'>per-</span> 
     </span>
     <span class='ocr_line' id='line_1_4' title="bbox 333 853 2020 948; baseline -0.007 -21"><span class='ocrx_word' id='word_1_26' title='bbox 333 863 434 946; x_wconf 86' lang='lat' dir='ltr'>hibes,</span> <span class='ocrx_word' id='word_1_27' title='bbox 459 885 518 928; x_wconf 89' lang='lat' dir='ltr'>neo</span> <span class='ocrx_word' id='word_1_28' title='bbox 539 862 647 927; x_wconf 86' lang='lat' dir='ltr'>tamen</span> <span class='ocrx_word' id='word_1_29' title='bbox 671 863 801 948; x_wconf 90' lang='lat' dir='ltr'>propria</span> <span class='ocrx_word' id='word_1_30' title='bbox 825 863 967 947; x_wconf 89' lang='lat' dir='ltr'>ipsorum</span> <span class='ocrx_word' id='word_1_31' title='bbox 992 860 1187 943; x_wconf 90' lang='lat' dir='ltr'>cognomina</span> <span class='ocrx_word' id='word_1_32' title='bbox 1214 857 1340 940; x_wconf 84' lang='lat' dir='ltr'>recolis,</span> <span class='ocrx_word' id='word_1_33' title='bbox 1374 879 1484 921; x_wconf 84' lang='lat' dir='ltr'>verum</span> <span class='ocrx_word' id='word_1_34' title='bbox 1515 856 1635 921; x_wconf 91' lang='lat' dir='ltr'>idcirco</span> <span class='ocrx_word' id='word_1_35' title='bbox 1660 856 1702 921; x_wconf 91' lang='lat' dir='ltr'>ab</span> <span class='ocrx_word' id='word_1_36' title='bbox 1730 855 1791 938; x_wconf 90' lang='lat' dir='ltr'>his,</span> <span class='ocrx_word' id='word_1_37' title='bbox 1808 855 1849 920; x_wconf 90' lang='lat' dir='ltr'>ab</span> <span class='ocrx_word' id='word_1_38' title='bbox 1870 853 2020 919; x_wconf 90' lang='lat' dir='ltr'>omnibus</span> 
     </span>
     <span class='ocr_line' id='line_1_5' title="bbox 329 958 2019 1062; baseline -0.004 -31"><span class='ocrx_word' id='word_1_39' title='bbox 329 971 475 1044; x_wconf 83' lang='grc' dir='ltr'>βασυλεως</span> <span class='ocrx_word' id='word_1_40' title='bbox 498 967 691 1033; x_wconf 92' lang='lat' dir='ltr'>vocabulum</span> <span class='ocrx_word' id='word_1_41' title='bbox 715 965 831 1030; x_wconf 85' lang='lat' dir='ltr'>adimis</span> <span class='ocrx_word' id='word_1_42' title='bbox 856 977 890 1030; x_wconf 94' lang='lat' dir='ltr'>ut</span> <span class='ocrx_word' id='word_1_43' title='bbox 912 965 973 1030; x_wconf 86' lang='lat' dir='ltr'>hoc</span> <span class='ocrx_word' id='word_1_44' title='bbox 998 963 1056 1028; x_wconf 93' lang='lat' dir='ltr'>soli</span> <span class='ocrx_word' id='word_1_45' title='bbox 1083 963 1139 1028; x_wconf 88' lang='lat' dir='ltr'>tibi</span> <span class='ocrx_word' id='word_1_46' title='bbox 1175 985 1237 1028; x_wconf 91' lang='lat' dir='ltr'>non</span> <span class='ocrx_word' id='word_1_47' title='bbox 1268 971 1332 1027; x_wconf 89' lang='lat' dir='ltr'>tam</span> <span class='ocrx_word' id='word_1_48' title='bbox 1364 965 1511 1049; x_wconf 86' lang='lat' dir='ltr'>proprie,</span> <span class='ocrx_word' id='word_1_49' title='bbox 1545 985 1641 1062; x_wconf 72' lang='lat' dir='ltr'>quam</span> <span class='ocrx_word' id='word_1_50' title='bbox 1673 959 1830 1027; x_wconf 87' lang='lat' dir='ltr'>violenter</span> <span class='ocrx_word' id='word_1_51' title='bbox 1860 958 2019 1026; x_wconf 88' lang='lat' dir='ltr'>inflectas·</span> 
     </span>
     <span class='ocr_line' id='line_1_6' title="bbox 326 1071 774 1160; baseline -0.007 -22"><span class='ocrx_word' id='word_1_52' title='bbox 326 1082 386 1138; x_wconf 91' lang='lat' dir='ltr'>etc.</span> <span class='ocrx_word' id='word_1_53' title='bbox 413 1073 514 1160; x_wconf 85' lang='lat' dir='ltr'>(dalje</span> <span class='ocrx_word' id='word_1_54' title='bbox 537 1071 774 1159; x_wconf 84' lang='lat' dir='ltr'>izostavljeno).</span> 
     </span>
    </p>

    <p class='ocr_par' dir='ltr' id='par_1_3' title="bbox 326 1172 2112 2310">
     <span class='ocr_line' id='line_1_7' title="bbox 490 1172 2018 1262; baseline -0.003 -21"><span class='ocrx_word' id='word_1_55' title='bbox 490 1177 563 1241; x_wconf 89' lang='lat' dir='ltr'>Hiis</span> <span class='ocrx_word' id='word_1_56' title='bbox 584 1179 682 1262; x_wconf 84' lang='lat' dir='ltr'>igitur</span> <span class='ocrx_word' id='word_1_57' title='bbox 706 1199 802 1262; x_wconf 89' lang='lat' dir='ltr'>super</span> <span class='ocrx_word' id='word_1_58' title='bbox 826 1175 886 1239; x_wconf 89' lang='lat' dir='ltr'>hoe</span> <span class='ocrx_word' id='word_1_59' title='bbox 902 1177 946 1239; x_wconf 91' lang='lat' dir='ltr'>ita</span> <span class='ocrx_word' id='word_1_60' title='bbox 964 1173 1163 1260; x_wconf 82' lang='lat' dir='ltr'>praelibatis,</span> <span class='ocrx_word' id='word_1_61' title='bbox 1184 1175 1444 1260; x_wconf 79' lang='lat' dir='ltr'>obstupescimus</span> <span class='ocrx_word' id='word_1_62' title='bbox 1462 1175 1494 1236; x_wconf 91' lang='lat' dir='ltr'>in</span> <span class='ocrx_word' id='word_1_63' title='bbox 1512 1172 1571 1252; x_wconf 86' lang='lat' dir='ltr'>his,</span> <span class='ocrx_word' id='word_1_64' title='bbox 1590 1195 1672 1260; x_wconf 87' lang='lat' dir='ltr'>quac</span> <span class='ocrx_word' id='word_1_65' title='bbox 1689 1175 1845 1238; x_wconf 79' lang='lat' dir='ltr'>serenitas</span> <span class='ocrx_word' id='word_1_66' title='bbox 1869 1183 1924 1237; x_wconf 91' lang='lat' dir='ltr'>tua</span> <span class='ocrx_word' id='word_1_67' title='bbox 1948 1194 2018 1258; x_wconf 93' lang='lat' dir='ltr'>pro-</span> 
     </span>
     <span class='ocr_line' id='line_1_8' title="bbox 328 1277 2018 1368; baseline -0.004 -21"><span class='ocrx_word' id='word_1_68' title='bbox 328 1284 484 1368; x_wconf 86' lang='lat' dir='ltr'>sequitur,</span> <span class='ocrx_word' id='word_1_69' title='bbox 509 1282 634 1364; x_wconf 89' lang='lat' dir='ltr'>dicens,</span> <span class='ocrx_word' id='word_1_70' title='bbox 660 1284 735 1364; x_wconf 90' lang='lat' dir='ltr'>suis,</span> <span class='ocrx_word' id='word_1_71' title='bbox 760 1281 792 1344; x_wconf 93' lang='lat' dir='ltr'>id</span> <span class='ocrx_word' id='word_1_72' title='bbox 817 1291 865 1344; x_wconf 90' lang='lat' dir='ltr'>est</span> <span class='ocrx_word' id='word_1_73' title='bbox 886 1279 1029 1355; x_wconf 86' lang='lat' dir='ltr'>Graecis,</span> <span class='ocrx_word' id='word_1_74' title='bbox 1064 1280 1174 1343; x_wconf 86' lang='lat' dir='ltr'>Barim</span> <span class='ocrx_word' id='word_1_75' title='bbox 1198 1303 1240 1344; x_wconf 87' lang='lat' dir='ltr'>ex</span> <span class='ocrx_word' id='word_1_76' title='bbox 1264 1289 1354 1366; x_wconf 91' lang='lat' dir='ltr'>parte</span> <span class='ocrx_word' id='word_1_77' title='bbox 1378 1302 1436 1343; x_wconf 90' lang='lat' dir='ltr'>sua</span> <span class='ocrx_word' id='word_1_78' title='bbox 1465 1277 1714 1360; x_wconf 83' lang='lat' dir='ltr'>debellantibus,</span> <span class='ocrx_word' id='word_1_79' title='bbox 1748 1289 1779 1344; x_wconf 91' lang='lat' dir='ltr'>et</span> <span class='ocrx_word' id='word_1_80' title='bbox 1811 1277 1932 1343; x_wconf 88' lang='lat' dir='ltr'>elidere</span> <span class='ocrx_word' id='word_1_81' title='bbox 1965 1277 2018 1341; x_wconf 92' lang='lat' dir='ltr'>de-</span> 
     </span>
     <span class='ocr_line' id='line_1_9' title="bbox 328 1373 2020 1469; baseline -0.004 -18"><span class='ocrx_word' id='word_1_82' title='bbox 328 1387 534 1466; x_wconf 83' lang='lat' dir='ltr'>certantibus,</span> <span class='ocrx_word' id='word_1_83' title='bbox 561 1397 687 1450; x_wconf 88' lang='lat' dir='ltr'>nostros</span> <span class='ocrx_word' id='word_1_84' title='bbox 709 1384 760 1449; x_wconf 87' lang='lat' dir='ltr'>vel</span> <span class='ocrx_word' id='word_1_85' title='bbox 786 1373 904 1448; x_wconf 87' lang='lat' dir='ltr'>solum</span> <span class='ocrx_word' id='word_1_86' title='bbox 924 1386 1066 1466; x_wconf 85' lang='lat' dir='ltr'>intuitos,</span> <span class='ocrx_word' id='word_1_87' title='bbox 1086 1383 1139 1448; x_wconf 89' lang='lat' dir='ltr'>vel</span> <span class='ocrx_word' id='word_1_88' title='bbox 1165 1384 1308 1469; x_wconf 90' lang='lat' dir='ltr'>prandiis</span> <span class='ocrx_word' id='word_1_89' title='bbox 1325 1383 1499 1448; x_wconf 91' lang='lat' dir='ltr'>dissolutos</span> <span class='ocrx_word' id='word_1_90' title='bbox 1531 1381 1630 1448; x_wconf 92' lang='lat' dir='ltr'>nichil</span> <span class='ocrx_word' id='word_1_91' title='bbox 1666 1383 1779 1448; x_wconf 86' lang='lat' dir='ltr'>auxilii</span> <span class='ocrx_word' id='word_1_92' title='bbox 1812 1384 2020 1469; x_wconf 85' lang='lat' dir='ltr'>praestitisse,</span> 
     </span>
     <span class='ocr_line' id='line_1_10' title="bbox 326 1473 2112 1576; baseline -0.002 -21"><span class='ocrx_word' id='word_1_93' title='bbox 326 1491 388 1556; x_wconf 91' lang='lat' dir='ltr'>hac</span> <span class='ocrx_word' id='word_1_94' title='bbox 410 1491 483 1556; x_wconf 90' lang='lat' dir='ltr'>ideo</span> <span class='ocrx_word' id='word_1_95' title='bbox 504 1477 666 1555; x_wconf 86' lang='lat' dir='ltr'>ciuitatem</span> <span class='ocrx_word' id='word_1_96' title='bbox 680 1492 780 1576; x_wconf 87' lang='lat' dir='ltr'>ipsam</span> <span class='ocrx_word' id='word_1_97' title='bbox 815 1491 885 1574; x_wconf 91' lang='lat' dir='ltr'>capi</span> <span class='ocrx_word' id='word_1_98' title='bbox 918 1491 1048 1551; x_wconf 90' lang='lat' dir='ltr'>minime</span> <span class='ocrx_word' id='word_1_99' title='bbox 1083 1492 1236 1573; x_wconf 88' lang='lat' dir='ltr'>potuisse,</span> <span class='ocrx_word' id='word_1_100' title='bbox 1263 1509 1334 1552; x_wconf 91' lang='lat' dir='ltr'>cum</span> <span class='ocrx_word' id='word_1_101' title='bbox 1370 1490 1469 1552; x_wconf 88' lang='lat' dir='ltr'>nostri</span> <span class='ocrx_word' id='word_1_102' title='bbox 1502 1491 1570 1552; x_wconf 88' lang='lat' dir='ltr'>siue</span> <span class='ocrx_word' id='word_1_103' title='bbox 1604 1488 1758 1553; x_wconf 88' lang='lat' dir='ltr'>intuendo</span> <span class='ocrx_word' id='word_1_104' title='bbox 1789 1497 1924 1570; x_wconf 89' lang='lat' dir='ltr'>tantum,</span> <span class='ocrx_word' id='word_1_105' title='bbox 1950 1489 2019 1551; x_wconf 91' lang='lat' dir='ltr'>siue</span> <span class='ocrx_word' id='word_1_106' title='bbox 2110 1473 2112 1478; x_wconf 41' lang='grc'>’</span> 
     </span>
     <span class='ocr_line' id='line_1_11' title="bbox 326 1581 2112 1683; baseline -0.002 -23"><span class='ocrx_word' id='word_1_107' title='bbox 326 1597 523 1683; x_wconf 91' lang='lat' dir='ltr'>prandendo,</span> <span class='ocrx_word' id='word_1_108' title='bbox 539 1597 614 1660; x_wconf 81' lang='lat' dir='ltr'>siue</span> <span class='ocrx_word' id='word_1_109' title='bbox 637 1595 727 1660; x_wconf 88' lang='lat' dir='ltr'>aliud</span> <span class='ocrx_word' id='word_1_110' title='bbox 744 1594 820 1681; x_wconf 90' lang='lat' dir='ltr'>quid</span> <span class='ocrx_word' id='word_1_111' title='bbox 838 1593 974 1677; x_wconf 90' lang='lat' dir='ltr'>agendo,</span> <span class='ocrx_word' id='word_1_112' title='bbox 994 1593 1101 1657; x_wconf 87' lang='lat' dir='ltr'>Barim</span> <span class='ocrx_word' id='word_1_113' title='bbox 1118 1603 1225 1658; x_wconf 92' lang='lat' dir='ltr'>tamen</span> <span class='ocrx_word' id='word_1_114' title='bbox 1243 1593 1318 1658; x_wconf 85' lang='lat' dir='ltr'>lieet</span> <span class='ocrx_word' id='word_1_115' title='bbox 1333 1581 1502 1680; x_wconf 65' lang='lat' dir='ltr'>perpauci,</span> <span class='ocrx_word' id='word_1_116' title='bbox 1525 1603 1556 1658; x_wconf 92' lang='lat' dir='ltr'>et</span> <span class='ocrx_word' id='word_1_117' title='bbox 1580 1593 1771 1658; x_wconf 89' lang='lat' dir='ltr'>finemtenus</span> <span class='ocrx_word' id='word_1_118' title='bbox 1797 1595 2019 1680; x_wconf 80' lang='lat' dir='ltr'>impugnasse,</span> <span class='ocrx_word' id='word_1_119' title='bbox 2110 1594 2112 1598; x_wconf 76' lang='grc'><strong>’</strong></span> 
     </span>
     <span class='ocr_line' id='line_1_12' title="bbox 327 1698 2019 1788; baseline -0.002 -23"><span class='ocrx_word' id='word_1_120' title='bbox 327 1713 360 1766; x_wconf 91' lang='lat' dir='ltr'>et</span> <span class='ocrx_word' id='word_1_121' title='bbox 391 1725 452 1788; x_wconf 91' lang='lat' dir='ltr'>ope</span> <span class='ocrx_word' id='word_1_122' title='bbox 485 1702 596 1765; x_wconf 91' lang='lat' dir='ltr'>diuina</span> <span class='ocrx_word' id='word_1_123' title='bbox 632 1703 754 1786; x_wconf 91' lang='lat' dir='ltr'>cepisse</span> <span class='ocrx_word' id='word_1_124' title='bbox 779 1711 960 1764; x_wconf 90' lang='lat' dir='ltr'>noscantur.</span> <span class='ocrx_word' id='word_1_125' title='bbox 995 1699 1100 1764; x_wconf 88' lang='lat' dir='ltr'>Vestri</span> <span class='ocrx_word' id='word_1_126' title='bbox 1126 1710 1231 1765; x_wconf 89' lang='lat' dir='ltr'>autem</span> <span class='ocrx_word' id='word_1_127' title='bbox 1258 1701 1340 1764; x_wconf 89' lang='lat' dir='ltr'>siout</span> <span class='ocrx_word' id='word_1_128' title='bbox 1362 1698 1476 1764; x_wconf 83' lang='lat' dir='ltr'>bruchi</span> <span class='ocrx_word' id='word_1_129' title='bbox 1500 1722 1578 1786; x_wconf 91' lang='lat' dir='ltr'>prae</span> <span class='ocrx_word' id='word_1_130' title='bbox 1592 1699 1794 1765; x_wconf 92' lang='lat' dir='ltr'>multitudine</span> <span class='ocrx_word' id='word_1_131' title='bbox 1817 1709 2019 1785; x_wconf 88' lang='lat' dir='ltr'>apparentes,</span> 
     </span>
     <span class='ocr_line' id='line_1_13' title="bbox 327 1804 2018 1892; baseline -0.002 -19"><span class='ocrx_word' id='word_1_132' title='bbox 327 1809 409 1873; x_wconf 89' lang='lat' dir='ltr'>sicut</span> <span class='ocrx_word' id='word_1_133' title='bbox 434 1807 578 1872; x_wconf 90' lang='lat' dir='ltr'>locustae</span> <span class='ocrx_word' id='word_1_134' title='bbox 596 1808 734 1892; x_wconf 90' lang='lat' dir='ltr'>primum</span> <span class='ocrx_word' id='word_1_135' title='bbox 764 1807 917 1891; x_wconf 89' lang='lat' dir='ltr'>impetum</span> <span class='ocrx_word' id='word_1_136' title='bbox 943 1804 1066 1886; x_wconf 89' lang='lat' dir='ltr'>dantes,</span> <span class='ocrx_word' id='word_1_137' title='bbox 1089 1827 1126 1869; x_wconf 92' lang='lat' dir='ltr'>eo</span> <span class='ocrx_word' id='word_1_138' title='bbox 1144 1807 1212 1892; x_wconf 90' lang='lat' dir='ltr'>ipso</span> <span class='ocrx_word' id='word_1_139' title='bbox 1238 1826 1301 1890; x_wconf 93' lang='lat' dir='ltr'>quo</span> <span class='ocrx_word' id='word_1_140' title='bbox 1326 1813 1476 1868; x_wconf 89' lang='lat' dir='ltr'>conatum</span> <span class='ocrx_word' id='word_1_141' title='bbox 1501 1807 1649 1870; x_wconf 89' lang='lat' dir='ltr'>suumin</span> <span class='ocrx_word' id='word_1_142' title='bbox 1677 1806 1784 1890; x_wconf 84' lang='lat' dir='ltr'>prima·</span> <span class='ocrx_word' id='word_1_143' title='bbox 1803 1804 1907 1869; x_wconf 89' lang='lat' dir='ltr'>fronte</span> <span class='ocrx_word' id='word_1_144' title='bbox 1930 1825 2018 1870; x_wconf 91' lang='lat' dir='ltr'>mon·</span> 
     </span>
     <span class='ocr_line' id='line_1_14' title="bbox 327 1907 2018 1997; baseline -0.003 -19"><span class='ocrx_word' id='word_1_145' title='bbox 327 1923 522 1992; x_wconf 83' lang='lat' dir='ltr'>strauerunt,</span> <span class='ocrx_word' id='word_1_146' title='bbox 549 1910 811 1997; x_wconf 84' lang='lat' dir='ltr'>pusillanimitate</span> <span class='ocrx_word' id='word_1_147' title='bbox 836 1912 987 1996; x_wconf 86' lang='lat' dir='ltr'>superati,</span> <span class='ocrx_word' id='word_1_148' title='bbox 1023 1911 1167 1995; x_wconf 90' lang='lat' dir='ltr'>protinus</span> <span class='ocrx_word' id='word_1_149' title='bbox 1191 1908 1343 1972; x_wconf 91' lang='lat' dir='ltr'>infirmati</span> <span class='ocrx_word' id='word_1_150' title='bbox 1371 1917 1462 1991; x_wconf 81' lang='lat' dir='ltr'>sunt3</span> <span class='ocrx_word' id='word_1_151' title='bbox 1487 1918 1519 1972; x_wconf 90' lang='lat' dir='ltr'>et</span> <span class='ocrx_word' id='word_1_152' title='bbox 1539 1931 1629 1974; x_wconf 89' lang='lat' dir='ltr'>more</span> <span class='ocrx_word' id='word_1_153' title='bbox 1657 1907 1852 1973; x_wconf 89' lang='lat' dir='ltr'>locustarum</span> <span class='ocrx_word' id='word_1_154' title='bbox 1884 1918 2018 1996; x_wconf 87' lang='lat' dir='ltr'>repente</span> 
     </span>
     <span class='ocr_line' id='line_1_15' title="bbox 328 2013 2018 2104; baseline -0.002 -22"><span class='ocrx_word' id='word_1_155' title='bbox 328 2017 459 2104; x_wconf 91' lang='lat' dir='ltr'>quidem</span> <span class='ocrx_word' id='word_1_156' title='bbox 484 2016 650 2098; x_wconf 87' lang='lat' dir='ltr'>salierunt,</span> <span class='ocrx_word' id='word_1_157' title='bbox 673 2027 721 2080; x_wconf 91' lang='lat' dir='ltr'>set</span> <span class='ocrx_word' id='word_1_158' title='bbox 755 2014 922 2080; x_wconf 89' lang='lat' dir='ltr'>confestim</span> <span class='ocrx_word' id='word_1_159' title='bbox 956 2013 1090 2100; x_wconf 86' lang='lat' dir='ltr'>fatigati,</span> <span class='ocrx_word' id='word_1_160' title='bbox 1110 2016 1201 2100; x_wconf 87' lang='lat' dir='ltr'>quasi</span> <span class='ocrx_word' id='word_1_161' title='bbox 1229 2013 1396 2079; x_wconf 91' lang='lat' dir='ltr'>anisibus</span> <span class='ocrx_word' id='word_1_162' title='bbox 1421 2013 1552 2079; x_wconf 88' lang='lat' dir='ltr'>volandi</span> <span class='ocrx_word' id='word_1_163' title='bbox 1574 2013 1764 2095; x_wconf 89' lang='lat' dir='ltr'>deciderint,</span> <span class='ocrx_word' id='word_1_164' title='bbox 1795 2037 1834 2078; x_wconf 93' lang='lat' dir='ltr'>ac</span> <span class='ocrx_word' id='word_1_165' title='bbox 1868 2037 1926 2101; x_wconf 90' lang='lat' dir='ltr'>per</span> <span class='ocrx_word' id='word_1_166' title='bbox 1957 2014 2018 2080; x_wconf 93' lang='lat' dir='ltr'>hoc</span> 
     </span>
     <span class='ocr_line' id='line_1_16' title="bbox 328 2117 2019 2209; baseline -0.002 -22"><span class='ocrx_word' id='word_1_167' title='bbox 328 2145 433 2209; x_wconf 89' lang='lat' dir='ltr'>neque</span> <span class='ocrx_word' id='word_1_168' title='bbox 457 2121 620 2204; x_wconf 90' lang='lat' dir='ltr'>intuendo,</span> <span class='ocrx_word' id='word_1_169' title='bbox 645 2141 749 2207; x_wconf 92' lang='lat' dir='ltr'>neque</span> <span class='ocrx_word' id='word_1_170' title='bbox 774 2119 971 2206; x_wconf 90' lang='lat' dir='ltr'>prandendo,</span> <span class='ocrx_word' id='word_1_171' title='bbox 997 2141 1100 2206; x_wconf 90' lang='lat' dir='ltr'>neque</span> <span class='ocrx_word' id='word_1_172' title='bbox 1137 2118 1298 2203; x_wconf 89' lang='lat' dir='ltr'>bellando,</span> <span class='ocrx_word' id='word_1_173' title='bbox 1323 2117 1523 2206; x_wconf 89' lang='lat' dir='ltr'>quibuslibet</span> <span class='ocrx_word' id='word_1_174' title='bbox 1543 2119 1725 2204; x_wconf 86' lang='lat' dir='ltr'>insignibus</span> <span class='ocrx_word' id='word_1_175' title='bbox 1750 2119 1904 2206; x_wconf 92' lang='lat' dir='ltr'>triumphi</span> <span class='ocrx_word' id='word_1_176' title='bbox 1930 2142 2019 2203; x_wconf 89' lang='lat' dir='ltr'>mon·</span> 
     </span>
     <span class='ocr_line' id='line_1_17' title="bbox 331 2224 2017 2310; baseline -0.001 -18"><span class='ocrx_word' id='word_1_177' title='bbox 331 2229 448 2306; x_wconf 88' lang='lat' dir='ltr'>stratis,</span> <span class='ocrx_word' id='word_1_178' title='bbox 490 2237 577 2290; x_wconf 90' lang='lat' dir='ltr'>motu</span> <span class='ocrx_word' id='word_1_179' title='bbox 612 2225 780 2290; x_wconf 88' lang='lat' dir='ltr'>subitaneo</span> <span class='ocrx_word' id='word_1_180' title='bbox 815 2235 847 2290; x_wconf 87' lang='lat' dir='ltr'>et</span> <span class='ocrx_word' id='word_1_181' title='bbox 880 2224 1078 2289; x_wconf 90' lang='lat' dir='ltr'>clandestino</span> <span class='ocrx_word' id='word_1_182' title='bbox 1114 2225 1322 2308; x_wconf 85' lang='lat' dir='ltr'>recesserint,</span> <span class='ocrx_word' id='word_1_183' title='bbox 1358 2233 1389 2288; x_wconf 91' lang='lat' dir='ltr'>et</span> <span class='ocrx_word' id='word_1_184' title='bbox 1424 2225 1632 2310; x_wconf 71' lang='lat' dir='ltr'>inefficaces,</span> <span class='ocrx_word' id='word_1_185' title='bbox 1669 2224 1816 2290; x_wconf 90' lang='lat' dir='ltr'>nonnulli</span> <span class='ocrx_word' id='word_1_186' title='bbox 1851 2236 1883 2290; x_wconf 90' lang='lat' dir='ltr'>et</span> <span class='ocrx_word' id='word_1_187' title='bbox 1905 2236 2017 2290; x_wconf 89' lang='lat' dir='ltr'>contra</span> 
     </span>
    </p>
   </div>
   <div class='ocr_carea' id='block_1_3' title="bbox 219 2318 2018 2416">
    <p class='ocr_par' dir='ltr' id='par_1_4' title="bbox 219 2318 2018 2416">
     <span class='ocr_line' id='line_1_18' title="bbox 219 2318 2018 2416; baseline 0.003 -24"><span class='ocrx_word' id='word_1_188' title='bbox 219 2369 231 2392; x_wconf 51' lang='lat' dir='ltr'>s</span> <span class='ocrx_word' id='word_1_189' title='bbox 330 2330 530 2397; x_wconf 80' lang='lat' dir='ltr'>Christianos</span> <span class='ocrx_word' id='word_1_190' title='bbox 554 2331 753 2396; x_wconf 90' lang='lat' dir='ltr'>solummodo</span> <span class='ocrx_word' id='word_1_191' title='bbox 769 2332 949 2416; x_wconf 87' lang='lat' dir='ltr'>captiuatis,</span> <span class='ocrx_word' id='word_1_192' title='bbox 974 2329 1016 2394; x_wconf 89' lang='lat' dir='ltr'>ad</span> <span class='ocrx_word' id='word_1_193' title='bbox 1040 2332 1168 2416; x_wconf 91' lang='lat' dir='ltr'>propria</span> <span class='ocrx_word' id='word_1_194' title='bbox 1197 2318 1434 2416; x_wconf 83' lang='lat' dir='ltr'>repedarrerint.</span> <span class='ocrx_word' id='word_1_195' title='bbox 1465 2329 1553 2414; x_wconf 79' lang='lat' dir='ltr'>Ergo</span> <span class='ocrx_word' id='word_1_196' title='bbox 1586 2330 1694 2414; x_wconf 90' lang='lat' dir='ltr'>frater,</span> <span class='ocrx_word' id='word_1_197' title='bbox 1724 2330 1787 2395; x_wconf 92' lang='lat' dir='ltr'>noli</span> <span class='ocrx_word' id='word_1_198' title='bbox 1818 2331 1858 2395; x_wconf 92' lang='lat' dir='ltr'>de</span> <span class='ocrx_word' id='word_1_199' title='bbox 1892 2342 2018 2398; x_wconf 89' lang='lat' dir='ltr'>caetero</span> 
     </span>
    </p>
   </div>
   <div class='ocr_carea' id='block_1_4' title="bbox 254 2435 2101 5470">
    <p class='ocr_par' dir='ltr' id='par_1_5' title="bbox 328 2435 2020 2840">
     <span class='ocr_line' id='line_1_19' title="bbox 328 2435 2017 2523; baseline 0.002 -23"><span class='ocrx_word' id='word_1_200' title='bbox 328 2436 475 2501; x_wconf 83' lang='lat' dir='ltr'>Francos</span> <span class='ocrx_word' id='word_1_201' title='bbox 511 2435 628 2518; x_wconf 89' lang='lat' dir='ltr'>ridere,</span> <span class='ocrx_word' id='word_1_202' title='bbox 660 2437 736 2522; x_wconf 88' lang='lat' dir='ltr'>quia</span> <span class='ocrx_word' id='word_1_203' title='bbox 769 2439 864 2512; x_wconf 78' lang='lat' dir='ltr'>etiam</span> <span class='ocrx_word' id='word_1_204' title='bbox 896 2437 979 2498; x_wconf 90' lang='lat' dir='ltr'>inter</span> <span class='ocrx_word' id='word_1_205' title='bbox 1010 2437 1122 2498; x_wconf 88' lang='lat' dir='ltr'>mortis</span> <span class='ocrx_word' id='word_1_206' title='bbox 1152 2436 1259 2499; x_wconf 87' lang='lat' dir='ltr'>vicina</span> <span class='ocrx_word' id='word_1_207' title='bbox 1288 2435 1429 2516; x_wconf 87' lang='lat' dir='ltr'>student,</span> <span class='ocrx_word' id='word_1_208' title='bbox 1456 2435 1644 2523; x_wconf 86' lang='lat' dir='ltr'>etprandia</span> <span class='ocrx_word' id='word_1_209' title='bbox 1668 2447 1700 2502; x_wconf 94' lang='lat' dir='ltr'>et</span> <span class='ocrx_word' id='word_1_210' title='bbox 1721 2439 1827 2502; x_wconf 89' lang='lat' dir='ltr'>omnia</span> <span class='ocrx_word' id='word_1_211' title='bbox 1853 2436 2017 2504; x_wconf 86' lang='lat' dir='ltr'>charitatis</span> 
     </span>
     <span class='ocr_line' id='line_1_20' title="bbox 332 2539 2020 2630; baseline 0.002 -24"><span class='ocrx_word' id='word_1_212' title='bbox 332 2541 453 2606; x_wconf 89' lang='lat' dir='ltr'>indicia</span> <span class='ocrx_word' id='word_1_213' title='bbox 488 2543 644 2627; x_wconf 86' lang='lat' dir='ltr'>proximis</span> <span class='ocrx_word' id='word_1_214' title='bbox 677 2541 806 2624; x_wconf 89' lang='lat' dir='ltr'>habere,</span> <span class='ocrx_word' id='word_1_215' title='bbox 832 2552 863 2606; x_wconf 91' lang='lat' dir='ltr'>et</span> <span class='ocrx_word' id='word_1_216' title='bbox 886 2551 991 2605; x_wconf 90' lang='lat' dir='ltr'>tamen</span> <span class='ocrx_word' id='word_1_217' title='bbox 1016 2564 1035 2604; x_wconf 93' lang='lat' dir='ltr'>a</span> <span class='ocrx_word' id='word_1_218' title='bbox 1059 2542 1221 2627; x_wconf 90' lang='lat' dir='ltr'>proposito</span> <span class='ocrx_word' id='word_1_219' title='bbox 1239 2562 1302 2604; x_wconf 91' lang='lat' dir='ltr'>non</span> <span class='ocrx_word' id='word_1_220' title='bbox 1319 2539 1489 2622; x_wconf 88' lang='lat' dir='ltr'>lacessere,</span> <span class='ocrx_word' id='word_1_221' title='bbox 1514 2543 1664 2627; x_wconf 89' lang='lat' dir='ltr'>quoniam</span> <span class='ocrx_word' id='word_1_222' title='bbox 1689 2541 1865 2608; x_wconf 85' lang='lat' dir='ltr'>secundhm</span> <span class='ocrx_word' id='word_1_223' title='bbox 1882 2541 2020 2630; x_wconf 87' lang='lat' dir='ltr'>Aposto-</span> 
     </span>
     <span class='ocr_line' id='line_1_21' title="bbox 330 2645 2018 2736; baseline 0.002 -24"><span class='ocrx_word' id='word_1_224' title='bbox 330 2646 407 2729; x_wconf 90' lang='lat' dir='ltr'>lum,</span> <span class='ocrx_word' id='word_1_225' title='bbox 442 2649 549 2712; x_wconf 88' lang='lat' dir='ltr'>sciunt</span> <span class='ocrx_word' id='word_1_226' title='bbox 570 2657 602 2710; x_wconf 91' lang='lat' dir='ltr'>et</span> <span class='ocrx_word' id='word_1_227' title='bbox 624 2645 867 2716; x_wconf 80' lang='lat' dir='ltr'>habundareet</span> <span class='ocrx_word' id='word_1_228' title='bbox 891 2647 1057 2732; x_wconf 87' lang='lat' dir='ltr'>penuriam</span> <span class='ocrx_word' id='word_1_229' title='bbox 1091 2649 1167 2733; x_wconf 86' lang='lat' dir='ltr'>pati,</span> <span class='ocrx_word' id='word_1_230' title='bbox 1192 2657 1224 2710; x_wconf 93' lang='lat' dir='ltr'>et</span> <span class='ocrx_word' id='word_1_231' title='bbox 1247 2649 1383 2712; x_wconf 89' lang='lat' dir='ltr'>saturari</span> <span class='ocrx_word' id='word_1_232' title='bbox 1418 2657 1449 2712; x_wconf 92' lang='lat' dir='ltr'>et</span> <span class='ocrx_word' id='word_1_233' title='bbox 1477 2653 1609 2732; x_wconf 89' lang='lat' dir='ltr'>esurire,</span> <span class='ocrx_word' id='word_1_234' title='bbox 1634 2657 1665 2713; x_wconf 90' lang='lat' dir='ltr'>et</span> <span class='ocrx_word' id='word_1_235' title='bbox 1689 2651 1796 2714; x_wconf 88' lang='lat' dir='ltr'>omnia</span> <span class='ocrx_word' id='word_1_236' title='bbox 1830 2660 1965 2736; x_wconf 88' lang='lat' dir='ltr'>possunt</span> <span class='ocrx_word' id='word_1_237' title='bbox 1986 2653 2018 2716; x_wconf 91' lang='lat' dir='ltr'>in</span> 
     </span>
     <span class='ocr_line' id='line_1_22' title="bbox 330 2752 837 2840; baseline -0.004 -24"><span class='ocrx_word' id='word_1_238' title='bbox 330 2752 395 2838; x_wconf 86' lang='lat' dir='ltr'>illo,</span> <span class='ocrx_word' id='word_1_239' title='bbox 417 2755 472 2840; x_wconf 91' lang='lat' dir='ltr'>qui</span> <span class='ocrx_word' id='word_1_240' title='bbox 495 2753 568 2818; x_wconf 90' lang='lat' dir='ltr'>illos</span> <span class='ocrx_word' id='word_1_241' title='bbox 592 2752 758 2818; x_wconf 91' lang='lat' dir='ltr'>confortat.</span> <span class='ocrx_word' id='word_1_242' title='bbox 823 2755 837 2814; x_wconf 65' lang='lat' dir='ltr'><strong>f</strong></span> 
     </span>
    </p>

    <p class='ocr_par' dir='ltr' id='par_1_6' title="bbox 294 2841 2081 4312">
     <span class='ocr_line' id='line_1_23' title="bbox 489 2841 2019 2944; baseline 0.004 -22"><span class='ocrx_word' id='word_1_243' title='bbox 489 2857 540 2922; x_wconf 91' lang='lat' dir='ltr'>De</span> <span class='ocrx_word' id='word_1_244' title='bbox 561 2860 719 2944; x_wconf 88' lang='lat' dir='ltr'>paucitate</span> <span class='ocrx_word' id='word_1_245' title='bbox 743 2880 830 2938; x_wconf 87' lang='lat' dir='ltr'>vero,</span> <span class='ocrx_word' id='word_1_246' title='bbox 848 2857 1080 2943; x_wconf 89' lang='lat' dir='ltr'>quidmiraris,</span> <span class='ocrx_word' id='word_1_247' title='bbox 1099 2857 1124 2920; x_wconf 92' lang='lat' dir='ltr'>si</span> <span class='ocrx_word' id='word_1_248' title='bbox 1143 2858 1237 2942; x_wconf 91' lang='lat' dir='ltr'>pauci</span> <span class='ocrx_word' id='word_1_249' title='bbox 1260 2857 1398 2940; x_wconf 85' lang='lat' dir='ltr'>fuerunt,</span> <span class='ocrx_word' id='word_1_250' title='bbox 1415 2867 1446 2922; x_wconf 87' lang='lat' dir='ltr'>et</span> <span class='ocrx_word' id='word_1_251' title='bbox 1471 2868 1576 2922; x_wconf 89' lang='lat' dir='ltr'>tamen</span> <span class='ocrx_word' id='word_1_252' title='bbox 1594 2857 1695 2924; x_wconf 85' lang='lat' dir='ltr'>multa</span> <span class='ocrx_word' id='word_1_253' title='bbox 1709 2858 1799 2925; x_wconf 89' lang='lat' dir='ltr'>lucra</span> <span class='ocrx_word' id='word_1_254' title='bbox 1822 2841 2019 2928; x_wconf 70' lang='lat' dir='ltr'>detulerint?</span> 
     </span>
     <span class='ocr_line' id='line_1_24' title="bbox 331 2961 2016 3056; baseline 0.005 -30"><span class='ocrx_word' id='word_1_255' title='bbox 331 2963 511 3045; x_wconf 87' lang='lat' dir='ltr'>Praeterea,</span> <span class='ocrx_word' id='word_1_256' title='bbox 536 2963 662 3049; x_wconf 91' lang='lat' dir='ltr'>quade</span> <span class='ocrx_word' id='word_1_257' title='bbox 687 2987 721 3026; x_wconf 89' lang='lat' dir='ltr'>re</span> <span class='ocrx_word' id='word_1_258' title='bbox 746 2965 837 3049; x_wconf 88' lang='lat' dir='ltr'>pauci</span> <span class='ocrx_word' id='word_1_259' title='bbox 862 2963 981 3027; x_wconf 90' lang='lat' dir='ltr'>fuerint</span> <span class='ocrx_word' id='word_1_260' title='bbox 1013 2963 1124 3040; x_wconf 87' lang='lat' dir='ltr'>nostri,</span> <span class='ocrx_word' id='word_1_261' title='bbox 1146 2961 1269 3048; x_wconf 87' lang='lat' dir='ltr'>pridem</span> <span class='ocrx_word' id='word_1_262' title='bbox 1296 2962 1459 3027; x_wconf 87' lang='lat' dir='ltr'>dilectioni</span> <span class='ocrx_word' id='word_1_263' title='bbox 1491 2973 1565 3028; x_wconf 87' lang='lat' dir='ltr'>tuso</span> <span class='ocrx_word' id='word_1_264' title='bbox 1599 2964 1820 3050; x_wconf 88' lang='lat' dir='ltr'>patefecimus.</span> <span class='ocrx_word' id='word_1_265' title='bbox 1855 2965 1911 3032; x_wconf 86' lang='lat' dir='ltr'>Set</span> <span class='ocrx_word' id='word_1_266' title='bbox 1941 2991 2016 3056; x_wconf 92' lang='lat' dir='ltr'>qao·</span> 
     </span>
     <span class='ocr_line' id='line_1_25' title="bbox 329 3067 2017 3154; baseline 0.003 -21"><span class='ocrx_word' id='word_1_267' title='bbox 329 3070 416 3134; x_wconf 88' lang='lat' dir='ltr'>niam</span> <span class='ocrx_word' id='word_1_268' title='bbox 439 3089 496 3132; x_wconf 91' lang='lat' dir='ltr'>nos</span> <span class='ocrx_word' id='word_1_269' title='bbox 520 3090 617 3153; x_wconf 86' lang='lat' dir='ltr'>super</span> <span class='ocrx_word' id='word_1_270' title='bbox 635 3067 696 3132; x_wconf 93' lang='lat' dir='ltr'>hoc</span> <span class='ocrx_word' id='word_1_271' title='bbox 722 3069 853 3154; x_wconf 87' lang='lat' dir='ltr'>pulsasti</span> <span class='ocrx_word' id='word_1_272' title='bbox 879 3067 995 3152; x_wconf 88' lang='lat' dir='ltr'>denuo,</span> <span class='ocrx_word' id='word_1_273' title='bbox 1022 3077 1165 3132; x_wconf 87' lang='lat' dir='ltr'>nostrum</span> <span class='ocrx_word' id='word_1_274' title='bbox 1194 3077 1317 3131; x_wconf 84' lang='lat' dir='ltr'>summe</span> <span class='ocrx_word' id='word_1_275' title='bbox 1339 3089 1539 3153; x_wconf 89' lang='lat' dir='ltr'>responsum.</span> <span class='ocrx_word' id='word_1_276' title='bbox 1558 3067 1639 3133; x_wconf 92' lang='lat' dir='ltr'>Cum</span> <span class='ocrx_word' id='word_1_277' title='bbox 1658 3071 1743 3134; x_wconf 92' lang='lat' dir='ltr'>enim</span> <span class='ocrx_word' id='word_1_278' title='bbox 1760 3071 1814 3136; x_wconf 89' lang='lat' dir='ltr'>diu</span> <span class='ocrx_word' id='word_1_279' title='bbox 1832 3072 2017 3138; x_wconf 89' lang='lat' dir='ltr'>demorante</span> 
     </span>
     <span class='ocr_line' id='line_1_26' title="bbox 331 3172 2017 3263; baseline 0.004 -25"><span class='ocrx_word' id='word_1_280' title='bbox 331 3173 412 3238; x_wconf 90' lang='lat' dir='ltr'>stolo</span> <span class='ocrx_word' id='word_1_281' title='bbox 435 3172 645 3238; x_wconf 88' lang='lat' dir='ltr'>fraternitatis</span> <span class='ocrx_word' id='word_1_282' title='bbox 676 3184 758 3255; x_wconf 89' lang='lat' dir='ltr'>tuae,</span> <span class='ocrx_word' id='word_1_283' title='bbox 789 3173 873 3238; x_wconf 92' lang='lat' dir='ltr'>illius</span> <span class='ocrx_word' id='word_1_284' title='bbox 907 3175 976 3238; x_wconf 90' lang='lat' dir='ltr'>iam.</span> <span class='ocrx_word' id='word_1_285' title='bbox 1000 3174 1130 3237; x_wconf 91' lang='lat' dir='ltr'>minime</span> <span class='ocrx_word' id='word_1_286' title='bbox 1157 3173 1405 3258; x_wconf 91' lang='lat' dir='ltr'>prestolaremur</span> <span class='ocrx_word' id='word_1_287' title='bbox 1436 3173 1619 3253; x_wconf 91' lang='lat' dir='ltr'>aduentum,</span> <span class='ocrx_word' id='word_1_288' title='bbox 1653 3185 1684 3238; x_wconf 89' lang='lat' dir='ltr'>et</span> <span class='ocrx_word' id='word_1_289' title='bbox 1714 3179 1746 3239; x_wconf 94' lang='lat' dir='ltr'>in</span> <span class='ocrx_word' id='word_1_290' title='bbox 1775 3199 1860 3242; x_wconf 91' lang='lat' dir='ltr'>anno</span> <span class='ocrx_word' id='word_1_291' title='bbox 1883 3179 1954 3263; x_wconf 90' lang='lat' dir='ltr'>ipso</span> <span class='ocrx_word' id='word_1_292' title='bbox 1978 3179 2017 3245; x_wconf 88' lang='lat' dir='ltr'>de</span> 
     </span>
     <span class='ocr_line' id='line_1_27' title="bbox 330 3277 2017 3364; baseline 0.003 -22"><span class='ocrx_word' id='word_1_293' title='bbox 330 3277 507 3342; x_wconf 90' lang='lat' dir='ltr'>obsedione</span> <span class='ocrx_word' id='word_1_294' title='bbox 526 3277 619 3342; x_wconf 89' lang='lat' dir='ltr'>Baris</span> <span class='ocrx_word' id='word_1_295' title='bbox 637 3277 859 3342; x_wconf 92' lang='lat' dir='ltr'>nihilomnino</span> <span class='ocrx_word' id='word_1_296' title='bbox 877 3279 945 3342; x_wconf 89' lang='lat' dir='ltr'>lieri</span> <span class='ocrx_word' id='word_1_297' title='bbox 964 3289 1157 3364; x_wconf 90' lang='lat' dir='ltr'>putaremus.</span> <span class='ocrx_word' id='word_1_298' title='bbox 1186 3277 1307 3343; x_wconf 92' lang='lat' dir='ltr'>Omnes</span> <span class='ocrx_word' id='word_1_299' title='bbox 1333 3279 1372 3342; x_wconf 92' lang='lat' dir='ltr'>ad</span> <span class='ocrx_word' id='word_1_300' title='bbox 1398 3301 1455 3342; x_wconf 89' lang='lat' dir='ltr'>sua</span> <span class='ocrx_word' id='word_1_301' title='bbox 1478 3279 1584 3342; x_wconf 88' lang='lat' dir='ltr'>redire</span> <span class='ocrx_word' id='word_1_302' title='bbox 1603 3282 1862 3364; x_wconf 89' lang='lat' dir='ltr'>permiseramus,</span> <span class='ocrx_word' id='word_1_303' title='bbox 1881 3281 1944 3346; x_wconf 92' lang='lat' dir='ltr'>hiis</span> <span class='ocrx_word' id='word_1_304' title='bbox 1969 3305 2017 3348; x_wconf 92' lang='lat' dir='ltr'>so·</span> 
     </span>
     <span class='ocr_line' id='line_1_28' title="bbox 329 3372 2081 3468; baseline 0.005 -22"><span class='ocrx_word' id='word_1_305' title='bbox 329 3372 495 3446; x_wconf 89' lang='lat' dir='ltr'>lummodo</span> <span class='ocrx_word' id='word_1_306' title='bbox 524 3384 666 3463; x_wconf 88' lang='lat' dir='ltr'>retentis,</span> <span class='ocrx_word' id='word_1_307' title='bbox 685 3403 766 3468; x_wconf 90' lang='lat' dir='ltr'>quos</span> <span class='ocrx_word' id='word_1_308' title='bbox 783 3383 823 3446; x_wconf 89' lang='lat' dir='ltr'>ad</span> <span class='ocrx_word' id='word_1_309' title='bbox 845 3383 1090 3468; x_wconf 90' lang='lat' dir='ltr'>prohibitionem</span> <span class='ocrx_word' id='word_1_310' title='bbox 1116 3383 1372 3468; x_wconf 86' lang='lat' dir='ltr'>recipiendorum</span> <span class='ocrx_word' id='word_1_311' title='bbox 1390 3383 1611 3450; x_wconf 90' lang='lat' dir='ltr'>alimentorum</span> <span class='ocrx_word' id='word_1_312' title='bbox 1630 3385 1778 3450; x_wconf 89' lang='lat' dir='ltr'>sufficere</span> <span class='ocrx_word' id='word_1_313' title='bbox 1797 3387 2016 3454; x_wconf 87' lang='lat' dir='ltr'>credebamus.</span> <span class='ocrx_word' id='word_1_314' title='bbox 2078 3376 2081 3380; x_wconf 31' lang='lat'>⁵</span> 
     </span>
     <span class='ocr_line' id='line_1_29' title="bbox 331 3485 2018 3575; baseline 0.004 -23"><span class='ocrx_word' id='word_1_315' title='bbox 331 3485 379 3553; x_wconf 84' lang='lat' dir='ltr'>Et</span> <span class='ocrx_word' id='word_1_316' title='bbox 398 3488 459 3554; x_wconf 90' lang='lat' dir='ltr'>hoc</span> <span class='ocrx_word' id='word_1_317' title='bbox 482 3499 539 3570; x_wconf 88' lang='lat' dir='ltr'>est,</span> <span class='ocrx_word' id='word_1_318' title='bbox 565 3487 650 3575; x_wconf 92' lang='lat' dir='ltr'>quod</span> <span class='ocrx_word' id='word_1_319' title='bbox 675 3487 775 3554; x_wconf 91' lang='lat' dir='ltr'>stolus</span> <span class='ocrx_word' id='word_1_320' title='bbox 807 3486 990 3574; x_wconf 81' lang='lat' dir='ltr'>insperatus</span> <span class='ocrx_word' id='word_1_321' title='bbox 1023 3510 1189 3574; x_wconf 86' lang='lat' dir='ltr'>apparens,</span> <span class='ocrx_word' id='word_1_322' title='bbox 1230 3489 1355 3552; x_wconf 90' lang='lat' dir='ltr'>nonnisi</span> <span class='ocrx_word' id='word_1_323' title='bbox 1381 3511 1501 3574; x_wconf 90' lang='lat' dir='ltr'>paucos</span> <span class='ocrx_word' id='word_1_324' title='bbox 1535 3501 1660 3555; x_wconf 90' lang='lat' dir='ltr'>nostros</span> <span class='ocrx_word' id='word_1_325' title='bbox 1694 3493 1866 3560; x_wconf 84' lang='lat' dir='ltr'>inuenerit.</span> <span class='ocrx_word' id='word_1_326' title='bbox 1898 3493 2018 3559; x_wconf 90' lang='lat' dir='ltr'>Verum</span> 
     </span>
     <span class='ocr_line' id='line_1_30' title="bbox 300 3592 2057 3684; baseline 0.006 -31"><span class='ocrx_word' id='word_1_327' title='bbox 300 3650 302 3653; x_wconf 83' lang='grc'>.</span> <span class='ocrx_word' id='word_1_328' title='bbox 331 3603 438 3658; x_wconf 89' lang='lat' dir='ltr'>tamen</span> <span class='ocrx_word' id='word_1_329' title='bbox 462 3595 514 3658; x_wconf 92' lang='lat' dir='ltr'>isti</span> <span class='ocrx_word' id='word_1_330' title='bbox 540 3595 633 3680; x_wconf 88' lang='lat' dir='ltr'>pauci</span> <span class='ocrx_word' id='word_1_331' title='bbox 658 3605 689 3658; x_wconf 88' lang='lat' dir='ltr'>et</span> <span class='ocrx_word' id='word_1_332' title='bbox 712 3593 817 3657; x_wconf 87' lang='lat' dir='ltr'>adhue</span> <span class='ocrx_word' id='word_1_333' title='bbox 842 3595 1007 3679; x_wconf 88' lang='lat' dir='ltr'>pauciores</span> <span class='ocrx_word' id='word_1_334' title='bbox 1032 3592 1225 3678; x_wconf 88' lang='lat' dir='ltr'>quibusdam</span> <span class='ocrx_word' id='word_1_335' title='bbox 1249 3592 1360 3657; x_wconf 93' lang='lat' dir='ltr'>horum</span> <span class='ocrx_word' id='word_1_336' title='bbox 1393 3593 1521 3658; x_wconf 90' lang='lat' dir='ltr'>diuerso</span> <span class='ocrx_word' id='word_1_337' title='bbox 1547 3593 1699 3680; x_wconf 87' lang='lat' dir='ltr'>languore</span> <span class='ocrx_word' id='word_1_338' title='bbox 1723 3599 1878 3679; x_wconf 84' lang='lat' dir='ltr'>grauatis,</span> <span class='ocrx_word' id='word_1_339' title='bbox 1903 3599 2017 3684; x_wconf 88' lang='lat' dir='ltr'>effecti,</span> <span class='ocrx_word' id='word_1_340' title='bbox 2050 3592 2057 3606; x_wconf 91' lang='grc'><strong><em>’</em></strong></span> 
     </span>
     <span class='ocr_line' id='line_1_31' title="bbox 332 3696 2017 3788; baseline 0.002 -24"><span class='ocrx_word' id='word_1_341' title='bbox 332 3709 504 3785; x_wconf 89' lang='lat' dir='ltr'>antequam</span> <span class='ocrx_word' id='word_1_342' title='bbox 540 3701 632 3764; x_wconf 93' lang='lat' dir='ltr'>Baris</span> <span class='ocrx_word' id='word_1_343' title='bbox 666 3708 844 3784; x_wconf 85' lang='lat' dir='ltr'>caperetur,</span> <span class='ocrx_word' id='word_1_344' title='bbox 879 3707 943 3762; x_wconf 93' lang='lat' dir='ltr'>tres</span> <span class='ocrx_word' id='word_1_345' title='bbox 977 3696 1182 3778; x_wconf 88' lang='lat' dir='ltr'>ammiradas,</span> <span class='ocrx_word' id='word_1_346' title='bbox 1217 3701 1270 3782; x_wconf 93' lang='lat' dir='ltr'>qui</span> <span class='ocrx_word' id='word_1_347' title='bbox 1308 3707 1405 3762; x_wconf 86' lang='lat' dir='ltr'>totam</span> <span class='ocrx_word' id='word_1_348' title='bbox 1439 3697 1623 3764; x_wconf 80' lang='lat' dir='ltr'>Calabriam</span> <span class='ocrx_word' id='word_1_349' title='bbox 1660 3701 1951 3788; x_wconf 90' lang='lat' dir='ltr'>depopulabantur,</span> <span class='ocrx_word' id='word_1_350' title='bbox 1986 3714 2017 3788; x_wconf 86' lang='lat' dir='ltr'>et</span> 
     </span>
     <span class='ocr_line' id='line_1_32' title="bbox 333 3802 2016 3890; baseline 0.004 -22"><span class='ocrx_word' id='word_1_351' title='bbox 333 3825 537 3868; x_wconf 90' lang='lat' dir='ltr'>numerosam</span> <span class='ocrx_word' id='word_1_352' title='bbox 570 3802 806 3867; x_wconf 91' lang='lat' dir='ltr'>multitudinem</span> <span class='ocrx_word' id='word_1_353' title='bbox 838 3803 1071 3867; x_wconf 73' lang='lat' dir='ltr'>¹Saracenorum</span> <span class='ocrx_word' id='word_1_354' title='bbox 1103 3811 1360 3888; x_wconf 88' lang='lat' dir='ltr'>prostrauerunt,</span> <span class='ocrx_word' id='word_1_355' title='bbox 1395 3814 1426 3866; x_wconf 87' lang='lat' dir='ltr'>et</span> <span class='ocrx_word' id='word_1_356' title='bbox 1458 3827 1607 3889; x_wconf 88' lang='lat' dir='ltr'>magnam</span> <span class='ocrx_word' id='word_1_357' title='bbox 1641 3807 1837 3872; x_wconf 85' lang='lat' dir='ltr'>vestratibus</span> <span class='ocrx_word' id='word_1_358' title='bbox 1871 3807 2016 3890; x_wconf 89' lang='lat' dir='ltr'>salutem,</span> 
     </span>
     <span class='ocr_line' id='line_1_33' title="bbox 294 3905 2017 3999; baseline 0.003 -25"><span class='ocrx_word' id='word_1_359' title='bbox 294 3983 297 3991; x_wconf 17' lang='grc' dir='ltr'>Α</span> <span class='ocrx_word' id='word_1_360' title='bbox 334 3909 444 3974; x_wconf 91' lang='lat' dir='ltr'>diuino</span> <span class='ocrx_word' id='word_1_361' title='bbox 479 3907 609 3972; x_wconf 88' lang='lat' dir='ltr'>brachio</span> <span class='ocrx_word' id='word_1_362' title='bbox 637 3907 849 3972; x_wconf 87' lang='lat' dir='ltr'>contulerunt.</span> <span class='ocrx_word' id='word_1_363' title='bbox 884 3907 958 3988; x_wconf 86' lang='lat' dir='ltr'>Qua</span> <span class='ocrx_word' id='word_1_364' title='bbox 984 3931 1017 3973; x_wconf 90' lang='lat' dir='ltr'>re</span> <span class='ocrx_word' id='word_1_365' title='bbox 1041 3931 1104 3971; x_wconf 90' lang='lat' dir='ltr'>non</span> <span class='ocrx_word' id='word_1_366' title='bbox 1129 3905 1231 3972; x_wconf 91' lang='lat' dir='ltr'>solnm</span> <span class='ocrx_word' id='word_1_367' title='bbox 1250 3905 1529 3972; x_wconf 89' lang='lat' dir='ltr'>Calabritanorum</span> <span class='ocrx_word' id='word_1_368' title='bbox 1562 3908 1788 3976; x_wconf 89' lang='lat' dir='ltr'>Hismaelitum</span> <span class='ocrx_word' id='word_1_369' title='bbox 1824 3915 1940 3999; x_wconf 85' lang='lat' dir='ltr'>ingens</span> <span class='ocrx_word' id='word_1_370' title='bbox 1965 3937 2017 3980; x_wconf 85' lang='lat' dir='ltr'>ex·</span> 
     </span>
     <span class='ocr_line' id='line_1_34' title="bbox 334 4012 2017 4104; baseline 0.004 -25"><span class='ocrx_word' id='word_1_371' title='bbox 334 4024 411 4079; x_wconf 92' lang='lat' dir='ltr'>tunc</span> <span class='ocrx_word' id='word_1_372' title='bbox 434 4013 519 4078; x_wconf 88' lang='lat' dir='ltr'>facta</span> <span class='ocrx_word' id='word_1_373' title='bbox 542 4022 590 4077; x_wconf 89' lang='lat' dir='ltr'>est</span> <span class='ocrx_word' id='word_1_374' title='bbox 609 4013 796 4094; x_wconf 89' lang='lat' dir='ltr'>diminutio,</span> <span class='ocrx_word' id='word_1_375' title='bbox 812 4022 860 4077; x_wconf 88' lang='lat' dir='ltr'>set</span> <span class='ocrx_word' id='word_1_376' title='bbox 884 4023 916 4076; x_wconf 90' lang='lat' dir='ltr'>et</span> <span class='ocrx_word' id='word_1_377' title='bbox 936 4012 1124 4077; x_wconf 88' lang='lat' dir='ltr'>Barensium</span> <span class='ocrx_word' id='word_1_378' title='bbox 1145 4019 1327 4098; x_wconf 87' lang='lat' dir='ltr'>potentatus</span> <span class='ocrx_word' id='word_1_379' title='bbox 1345 4013 1528 4078; x_wconf 90' lang='lat' dir='ltr'>omnimodo</span> <span class='ocrx_word' id='word_1_380' title='bbox 1547 4014 1731 4097; x_wconf 89' lang='lat' dir='ltr'>dissolutio,</span> <span class='ocrx_word' id='word_1_381' title='bbox 1758 4016 1817 4082; x_wconf 89' lang='lat' dir='ltr'>hac</span> <span class='ocrx_word' id='word_1_382' title='bbox 1840 4041 1897 4104; x_wconf 88' lang='lat' dir='ltr'>per</span> <span class='ocrx_word' id='word_1_383' title='bbox 1923 4020 1955 4085; x_wconf 92' lang='lat' dir='ltr'>id</span> <span class='ocrx_word' id='word_1_384' title='bbox 1978 4019 2017 4085; x_wconf 85' lang='lat' dir='ltr'>ed</span> 
     </span>
     <span class='ocr_line' id='line_1_35' title="bbox 335 4117 2019 4211; baseline 0.004 -27"><span class='ocrx_word' id='word_1_385' title='bbox 335 4117 526 4206; x_wconf 84' lang='lat' dir='ltr'>capiendum</span> <span class='ocrx_word' id='word_1_386' title='bbox 545 4117 648 4182; x_wconf 90' lang='lat' dir='ltr'>facilis</span> <span class='ocrx_word' id='word_1_387' title='bbox 665 4117 937 4183; x_wconf 87' lang='lat' dir='ltr'>adiuuentionem.</span> <span class='ocrx_word' id='word_1_388' title='bbox 957 4117 1056 4182; x_wconf 87' lang='lat' dir='ltr'>Cuius</span> <span class='ocrx_word' id='word_1_389' title='bbox 1073 4117 1147 4182; x_wconf 88' lang='lat' dir='ltr'>facti</span> <span class='ocrx_word' id='word_1_390' title='bbox 1167 4118 1324 4204; x_wconf 85' lang='lat' dir='ltr'>trophaea.</span> <span class='ocrx_word' id='word_1_391' title='bbox 1332 4128 1456 4182; x_wconf 87' lang='lat' dir='ltr'>vestros</span> <span class='ocrx_word' id='word_1_392' title='bbox 1470 4118 1590 4184; x_wconf 91' lang='lat' dir='ltr'>credim</span> <span class='ocrx_word' id='word_1_393' title='bbox 1598 4143 1634 4186; x_wconf 90' lang='lat' dir='ltr'>us</span> <span class='ocrx_word' id='word_1_394' title='bbox 1648 4132 1702 4187; x_wconf 88' lang='lat' dir='ltr'>tuo</span> <span class='ocrx_word' id='word_1_395' title='bbox 1713 4124 1847 4210; x_wconf 88' lang='lat' dir='ltr'>imperio</span> <span class='ocrx_word' id='word_1_396' title='bbox 1861 4125 2019 4211; x_wconf 87' lang='lat' dir='ltr'>retulisse,</span> 
     </span>
     <span class='ocr_line' id='line_1_36' title="bbox 335 4222 1984 4312; baseline -0.002 -23"><span class='ocrx_word' id='word_1_397' title='bbox 335 4235 367 4290; x_wconf 89' lang='lat' dir='ltr'>ct</span> <span class='ocrx_word' id='word_1_398' title='bbox 389 4246 487 4310; x_wconf 88' lang='lat' dir='ltr'>opera</span> <span class='ocrx_word' id='word_1_399' title='bbox 510 4222 572 4306; x_wconf 89' lang='lat' dir='ltr'>dei,</span> <span class='ocrx_word' id='word_1_400' title='bbox 598 4245 680 4308; x_wconf 88' lang='lat' dir='ltr'>quae</span> <span class='ocrx_word' id='word_1_401' title='bbox 704 4224 801 4287; x_wconf 87' lang='lat' dir='ltr'>taceri</span> <span class='ocrx_word' id='word_1_402' title='bbox 827 4245 887 4290; x_wconf 91' lang='lat' dir='ltr'>non</span> <span class='ocrx_word' id='word_1_403' title='bbox 913 4222 1041 4305; x_wconf 90' lang='lat' dir='ltr'>debent,</span> <span class='ocrx_word' id='word_1_404' title='bbox 1067 4223 1255 4287; x_wconf 87' lang='lat' dir='ltr'>mirabiliter</span> <span class='ocrx_word' id='word_1_405' title='bbox 1281 4245 1457 4289; x_wconf 88' lang='lat' dir='ltr'>enarrasse.</span> <span class='ocrx_word' id='word_1_406' title='bbox 1980 4303 1984 4312; x_wconf 24' lang='grc' dir='ltr'>Ι</span> 
     </span>
    </p>

    <p class='ocr_par' dir='ltr' id='par_1_7' title="bbox 254 4325 2101 4748">
     <span class='ocr_line' id='line_1_37' title="bbox 495 4325 2017 4419; baseline 0.008 -28"><span class='ocrx_word' id='word_1_407' title='bbox 495 4325 664 4393; x_wconf 77' lang='lat' dir='ltr'>Caeterum</span> <span class='ocrx_word' id='word_1_408' title='bbox 686 4327 896 4393; x_wconf 88' lang='lat' dir='ltr'>fraternitatis</span> <span class='ocrx_word' id='word_1_409' title='bbox 915 4338 987 4392; x_wconf 89' lang='lat' dir='ltr'>tuae</span> <span class='ocrx_word' id='word_1_410' title='bbox 1001 4327 1203 4393; x_wconf 87' lang='lat' dir='ltr'>dilectionem</span> <span class='ocrx_word' id='word_1_411' title='bbox 1225 4351 1386 4413; x_wconf 83' lang='lat' dir='ltr'>rogamus,</span> <span class='ocrx_word' id='word_1_412' title='bbox 1404 4329 1522 4394; x_wconf 85' lang='lat' dir='ltr'>nullam</span> <span class='ocrx_word' id='word_1_413' title='bbox 1540 4329 1672 4396; x_wconf 89' lang='lat' dir='ltr'>Nicetae</span> <span class='ocrx_word' id='word_1_414' title='bbox 1689 4337 1822 4419; x_wconf 88' lang='lat' dir='ltr'>patricio</span> <span class='ocrx_word' id='word_1_415' title='bbox 1840 4336 2017 4403; x_wconf 87' lang='lat' dir='ltr'>molestiam</span> 
     </span>
     <span class='ocr_line' id='line_1_38' title="bbox 335 4415 2017 4528; baseline 0.007 -33"><span class='ocrx_word' id='word_1_416' title='bbox 335 4433 490 4514; x_wconf 87' lang='lat' dir='ltr'>irrogare,</span> <span class='ocrx_word' id='word_1_417' title='bbox 515 4455 572 4517; x_wconf 90' lang='lat' dir='ltr'>pro</span> <span class='ocrx_word' id='word_1_418' title='bbox 597 4455 634 4497; x_wconf 91' lang='lat' dir='ltr'>eo</span> <span class='ocrx_word' id='word_1_419' title='bbox 659 4415 758 4518; x_wconf 71' lang='lat' dir='ltr'>quod*</span> <span class='ocrx_word' id='word_1_420' title='bbox 781 4445 922 4522; x_wconf 86' lang='lat' dir='ltr'>nostrum</span> <span class='ocrx_word' id='word_1_421' title='bbox 948 4443 1011 4496; x_wconf 91' lang='lat' dir='ltr'>tam</span> <span class='ocrx_word' id='word_1_422' title='bbox 1054 4432 1227 4497; x_wconf 86' lang='lat' dir='ltr'>insolenter</span> <span class='ocrx_word' id='word_1_423' title='bbox 1251 4433 1419 4498; x_wconf 83' lang='lat' dir='ltr'>offenderit</span> <span class='ocrx_word' id='word_1_424' title='bbox 1450 4436 1602 4516; x_wconf 89' lang='lat' dir='ltr'>animum,</span> <span class='ocrx_word' id='word_1_425' title='bbox 1634 4459 1707 4501; x_wconf 91' lang='lat' dir='ltr'>nam</span> <span class='ocrx_word' id='word_1_426' title='bbox 1739 4438 1813 4504; x_wconf 89' lang='lat' dir='ltr'>licet</span> <span class='ocrx_word' id='word_1_427' title='bbox 1841 4441 1923 4506; x_wconf 87' lang='lat' dir='ltr'>adeo</span> <span class='ocrx_word' id='word_1_428' title='bbox 1948 4465 2017 4528; x_wconf 90' lang='lat' dir='ltr'>pro·</span> 
     </span>
     <span class='ocr_line' id='line_1_39' title="bbox 335 4537 2101 4628; baseline 0.005 -28"><span class='ocrx_word' id='word_1_429' title='bbox 335 4545 445 4608; x_wconf 91' lang='lat' dir='ltr'>teruus</span> <span class='ocrx_word' id='word_1_430' title='bbox 466 4545 498 4601; x_wconf 92' lang='lat' dir='ltr'>et</span> <span class='ocrx_word' id='word_1_431' title='bbox 520 4547 693 4602; x_wconf 84' lang='lat' dir='ltr'>contumax</span> <span class='ocrx_word' id='word_1_432' title='bbox 709 4560 787 4621; x_wconf 89' lang='lat' dir='ltr'>erga</span> <span class='ocrx_word' id='word_1_433' title='bbox 803 4549 944 4602; x_wconf 89' lang='lat' dir='ltr'>nostrum</span> <span class='ocrx_word' id='word_1_434' title='bbox 963 4537 1058 4602; x_wconf 87' lang='lat' dir='ltr'>fuerit</span> <span class='ocrx_word' id='word_1_435' title='bbox 1080 4541 1258 4624; x_wconf 90' lang='lat' dir='ltr'>imperium,</span> <span class='ocrx_word' id='word_1_436' title='bbox 1288 4549 1321 4604; x_wconf 92' lang='lat' dir='ltr'>ut</span> <span class='ocrx_word' id='word_1_437' title='bbox 1344 4537 1486 4604; x_wconf 89' lang='lat' dir='ltr'>fidelium</span> <span class='ocrx_word' id='word_1_438' title='bbox 1504 4563 1631 4628; x_wconf 90' lang='lat' dir='ltr'>quoque</span> <span class='ocrx_word' id='word_1_439' title='bbox 1650 4553 1828 4609; x_wconf 89' lang='lat' dir='ltr'>nostrorum</span> <span class='ocrx_word' id='word_1_440' title='bbox 1848 4569 2018 4613; x_wconf 88' lang='lat' dir='ltr'>numerosa</span> <span class='ocrx_word' id='word_1_441' title='bbox 2094 4599 2101 4608; x_wconf 95' lang='lat'><strong>.</strong></span> 
     </span>
     <span class='ocr_line' id='line_1_40' title="bbox 254 4639 2069 4748; baseline 0.009 -45"><span class='ocrx_word' id='word_1_442' title='bbox 254 4739 262 4748; x_wconf 77' lang='lat'><em>,</em></span> <span class='ocrx_word' id='word_1_443' title='bbox 337 4639 507 4704; x_wconf 87' lang='lat' dir='ltr'>multitudo</span> <span class='ocrx_word' id='word_1_444' title='bbox 528 4643 560 4705; x_wconf 93' lang='lat' dir='ltr'>in</span> <span class='ocrx_word' id='word_1_445' title='bbox 585 4664 656 4705; x_wconf 90' lang='lat' dir='ltr'>eum</span> <span class='ocrx_word' id='word_1_446' title='bbox 682 4645 844 4707; x_wconf 88' lang='lat' dir='ltr'>seueriore</span> <span class='ocrx_word' id='word_1_447' title='bbox 878 4654 983 4707; x_wconf 89' lang='lat' dir='ltr'>mente</span> <span class='ocrx_word' id='word_1_448' title='bbox 1008 4655 1277 4725; x_wconf 89' lang='lat' dir='ltr'>commoneretur,</span> <span class='ocrx_word' id='word_1_449' title='bbox 1302 4647 1364 4708; x_wconf 88' lang='lat' dir='ltr'>nisi</span> <span class='ocrx_word' id='word_1_450' title='bbox 1389 4669 1408 4707; x_wconf 93' lang='lat' dir='ltr'>a</span> <span class='ocrx_word' id='word_1_451' title='bbox 1433 4645 1525 4710; x_wconf 89' lang='lat' dir='ltr'>nobis</span> <span class='ocrx_word' id='word_1_452' title='bbox 1550 4669 1647 4712; x_wconf 89' lang='lat' dir='ltr'>causa</span> <span class='ocrx_word' id='word_1_453' title='bbox 1666 4650 1711 4713; x_wconf 92' lang='lat' dir='ltr'>tui</span> <span class='ocrx_word' id='word_1_454' title='bbox 1737 4648 1866 4715; x_wconf 90' lang='lat' dir='ltr'>honoris</span> <span class='ocrx_word' id='word_1_455' title='bbox 1899 4655 2019 4738; x_wconf 85' lang='lat' dir='ltr'>pariter</span> <span class='ocrx_word' id='word_1_456' title='bbox 2059 4723 2069 4736; x_wconf 57' lang='grc'>,</span> 
     </span>
    </p>

    <p class='ocr_par' dir='ltr' id='par_1_8' title="bbox 276 4747 2069 5044">
     <span class='ocr_line' id='line_1_41' title="bbox 337 4747 2069 4841; baseline 0.009 -32"><span class='ocrx_word' id='word_1_457' title='bbox 337 4754 370 4810; x_wconf 87' lang='lat' dir='ltr'>et</span> <span class='ocrx_word' id='word_1_458' title='bbox 392 4747 510 4809; x_wconf 86' lang='lat' dir='ltr'>amoris</span> <span class='ocrx_word' id='word_1_459' title='bbox 535 4758 710 4831; x_wconf 89' lang='lat' dir='ltr'>praeventa</span> <span class='ocrx_word' id='word_1_460' title='bbox 734 4753 1000 4834; x_wconf 83' lang='lat' dir='ltr'>compesceretur,</span> <span class='ocrx_word' id='word_1_461' title='bbox 1031 4757 1139 4813; x_wconf 88' lang='lat' dir='ltr'>tamen</span> <span class='ocrx_word' id='word_1_462' title='bbox 1166 4748 1282 4813; x_wconf 88' lang='lat' dir='ltr'>malum</span> <span class='ocrx_word' id='word_1_463' title='bbox 1317 4773 1373 4836; x_wconf 93' lang='lat' dir='ltr'>pro</span> <span class='ocrx_word' id='word_1_464' title='bbox 1398 4750 1482 4814; x_wconf 91' lang='lat' dir='ltr'>malo</span> <span class='ocrx_word' id='word_1_465' title='bbox 1506 4751 1684 4818; x_wconf 87' lang='lat' dir='ltr'>retribuere</span> <span class='ocrx_word' id='word_1_466' title='bbox 1709 4775 1771 4818; x_wconf 93' lang='lat' dir='ltr'>non</span> <span class='ocrx_word' id='word_1_467' title='bbox 1796 4755 1935 4841; x_wconf 90' lang='lat' dir='ltr'>tulimus,</span> <span class='ocrx_word' id='word_1_468' title='bbox 1961 4782 2019 4824; x_wconf 88' lang='lat' dir='ltr'>nec</span> <span class='ocrx_word' id='word_1_469' title='bbox 2066 4827 2069 4834; x_wconf 73' lang='grc'><em>,</em></span> 
     </span>
     <span class='ocr_line' id='line_1_42' title="bbox 276 4849 2018 4944; baseline 0.011 -34"><span class='ocrx_word' id='word_1_470' title='bbox 276 4901 280 4910; x_wconf 96' lang='grc'><em>.</em></span> <span class='ocrx_word' id='word_1_471' title='bbox 337 4849 492 4915; x_wconf 91' lang='lat' dir='ltr'>debemus</span> <span class='ocrx_word' id='word_1_472' title='bbox 526 4851 570 4914; x_wconf 84' lang='lat' dir='ltr'>Et</span> <span class='ocrx_word' id='word_1_473' title='bbox 592 4851 711 4916; x_wconf 90' lang='lat' dir='ltr'>idcirco</span> <span class='ocrx_word' id='word_1_474' title='bbox 736 4853 949 4937; x_wconf 88' lang='lat' dir='ltr'>deposcimus,</span> <span class='ocrx_word' id='word_1_475' title='bbox 975 4855 1000 4918; x_wconf 93' lang='lat' dir='ltr'>si</span> <span class='ocrx_word' id='word_1_476' title='bbox 1033 4854 1110 4939; x_wconf 91' lang='lat' dir='ltr'>qaid</span> <span class='ocrx_word' id='word_1_477' title='bbox 1135 4855 1293 4918; x_wconf 88' lang='lat' dir='ltr'>minarum</span> <span class='ocrx_word' id='word_1_478' title='bbox 1319 4875 1414 4939; x_wconf 87' lang='lat' dir='ltr'>super</span> <span class='ocrx_word' id='word_1_479' title='bbox 1438 4857 1546 4941; x_wconf 89' lang='lat' dir='ltr'>ipsum</span> <span class='ocrx_word' id='word_1_480' title='bbox 1573 4861 1738 4944; x_wconf 88' lang='lat' dir='ltr'>potestatis</span> <span class='ocrx_word' id='word_1_481' title='bbox 1765 4872 1839 4925; x_wconf 88' lang='lat' dir='ltr'>tuae</span> <span class='ocrx_word' id='word_1_482' title='bbox 1872 4862 2018 4930; x_wconf 86' lang='lat' dir='ltr'>fortassis</span> 
     </span>
     <span class='ocr_line' id='line_1_43' title="bbox 337 4955 1732 5044; baseline 0.007 -26"><span class='ocrx_word' id='word_1_483' title='bbox 337 4956 491 5038; x_wconf 91' lang='lat' dir='ltr'>imminet,</span> <span class='ocrx_word' id='word_1_484' title='bbox 515 4955 611 5020; x_wconf 86' lang='lat' dir='ltr'>celeri</span> <span class='ocrx_word' id='word_1_485' title='bbox 636 4957 843 5042; x_wconf 86' lang='lat' dir='ltr'>benignitatis</span> <span class='ocrx_word' id='word_1_486' title='bbox 868 4970 940 5022; x_wconf 88' lang='lat' dir='ltr'>tuae</span> <span class='ocrx_word' id='word_1_487' title='bbox 966 4981 1060 5023; x_wconf 89' lang='lat' dir='ltr'>manu</span> <span class='ocrx_word' id='word_1_488' title='bbox 1087 4971 1277 5044; x_wconf 86' lang='lat' dir='ltr'>pronastro</span> <span class='ocrx_word' id='word_1_489' title='bbox 1302 4969 1511 5026; x_wconf 83' lang='lat' dir='ltr'>remoueatur</span> <span class='ocrx_word' id='word_1_490' title='bbox 1534 4985 1652 5028; x_wconf 90' lang='lat' dir='ltr'>amore.</span> <span class='ocrx_word' id='word_1_491' title='bbox 1672 4975 1732 5028; x_wconf 91' lang='lat' dir='ltr'>etc.</span> 
     </span>
    </p>

    <p class='ocr_par' dir='ltr' id='par_1_9' title="bbox 334 5059 2034 5470">
     <span class='ocr_line' id='line_1_44' title="bbox 494 5059 2020 5150; baseline 0.01 -26"><span class='ocrx_word' id='word_1_492' title='bbox 494 5059 537 5124; x_wconf 82' lang='lat' dir='ltr'>Et</span> <span class='ocrx_word' id='word_1_493' title='bbox 559 5061 677 5126; x_wconf 84' lang='lat' dir='ltr'>Niceta</span> <span class='ocrx_word' id='word_1_494' title='bbox 693 5063 822 5148; x_wconf 91' lang='lat' dir='ltr'>quidem</span> <span class='ocrx_word' id='word_1_495' title='bbox 847 5066 1009 5149; x_wconf 73' lang='lat' dir='ltr'>patricius,</span> <span class='ocrx_word' id='word_1_496' title='bbox 1044 5064 1210 5129; x_wconf 89' lang='lat' dir='ltr'>Hadriano</span> <span class='ocrx_word' id='word_1_497' title='bbox 1246 5064 1308 5130; x_wconf 90' lang='lat' dir='ltr'>loci</span> <span class='ocrx_word' id='word_1_498' title='bbox 1344 5079 1517 5150; x_wconf 87' lang='lat' dir='ltr'>seruatore,</span> <span class='ocrx_word' id='word_1_499' title='bbox 1558 5091 1630 5132; x_wconf 92' lang='lat' dir='ltr'>cum</span> <span class='ocrx_word' id='word_1_500' title='bbox 1665 5069 1824 5136; x_wconf 87' lang='lat' dir='ltr'>classibus</span> <span class='ocrx_word' id='word_1_501' title='bbox 1859 5071 2020 5140; x_wconf 86' lang='lat' dir='ltr'>destinato</span> 
     </span>
     <span class='ocr_line' id='line_1_45' title="bbox 336 5167 2019 5262; baseline 0.008 -32"><span class='ocrx_word' id='word_1_502' title='bbox 336 5173 468 5252; x_wconf 85' lang='lat' dir='ltr'>accepta</span> <span class='ocrx_word' id='word_1_503' title='bbox 492 5169 584 5252; x_wconf 91' lang='lat' dir='ltr'>quasi</span> <span class='ocrx_word' id='word_1_504' title='bbox 609 5189 667 5253; x_wconf 92' lang='lat' dir='ltr'>pro</span> <span class='ocrx_word' id='word_1_505' title='bbox 703 5167 884 5233; x_wconf 88' lang='lat' dir='ltr'>huiusmodi</span> <span class='ocrx_word' id='word_1_506' title='bbox 917 5193 951 5233; x_wconf 93' lang='lat' dir='ltr'>re</span> <span class='ocrx_word' id='word_1_507' title='bbox 992 5173 1178 5253; x_wconf 87' lang='lat' dir='ltr'>occasione,</span> <span class='ocrx_word' id='word_1_508' title='bbox 1213 5170 1328 5234; x_wconf 87' lang='lat' dir='ltr'>multas</span> <span class='ocrx_word' id='word_1_509' title='bbox 1357 5172 1494 5258; x_wconf 83' lang='lat' dir='ltr'>praedas</span> <span class='ocrx_word' id='word_1_510' title='bbox 1518 5173 1559 5237; x_wconf 91' lang='lat' dir='ltr'>ab</span> <span class='ocrx_word' id='word_1_511' title='bbox 1584 5176 1661 5260; x_wconf 89' lang='lat' dir='ltr'>ipsis</span> <span class='ocrx_word' id='word_1_512' title='bbox 1685 5174 1852 5240; x_wconf 88' lang='lat' dir='ltr'>Solauenis</span> <span class='ocrx_word' id='word_1_513' title='bbox 1876 5176 2019 5262; x_wconf 89' lang='lat' dir='ltr'>abstulit,</span> 
     </span>
     <span class='ocr_line' id='line_1_46' title="bbox 336 5270 2018 5369; baseline 0.009 -35"><span class='ocrx_word' id='word_1_514' title='bbox 336 5279 368 5334; x_wconf 90' lang='lat' dir='ltr'>et</span> <span class='ocrx_word' id='word_1_515' title='bbox 391 5270 584 5359; x_wconf 87' lang='lat' dir='ltr'>quibusdam</span> <span class='ocrx_word' id='word_1_516' title='bbox 610 5275 724 5335; x_wconf 89' lang='lat' dir='ltr'>castris</span> <span class='ocrx_word' id='word_1_517' title='bbox 749 5271 894 5356; x_wconf 90' lang='lat' dir='ltr'>diruptis,</span> <span class='ocrx_word' id='word_1_518' title='bbox 926 5297 1036 5338; x_wconf 89' lang='lat' dir='ltr'>eorum</span> <span class='ocrx_word' id='word_1_519' title='bbox 1068 5273 1212 5338; x_wconf 89' lang='lat' dir='ltr'>homines</span> <span class='ocrx_word' id='word_1_520' title='bbox 1237 5278 1381 5362; x_wconf 89' lang='lat' dir='ltr'>captiuos</span> <span class='ocrx_word' id='word_1_521' title='bbox 1405 5277 1551 5360; x_wconf 84' lang='lat' dir='ltr'>adduxit,</span> <span class='ocrx_word' id='word_1_522' title='bbox 1569 5302 1628 5344; x_wconf 91' lang='lat' dir='ltr'>nec</span> <span class='ocrx_word' id='word_1_523' title='bbox 1645 5289 1749 5345; x_wconf 89' lang='lat' dir='ltr'>tamen</span> <span class='ocrx_word' id='word_1_524' title='bbox 1775 5303 1858 5367; x_wconf 88' lang='lat' dir='ltr'>quae</span> <span class='ocrx_word' id='word_1_525' title='bbox 1882 5283 2018 5369; x_wconf 89' lang='lat' dir='ltr'>praefati</span> 
     </span>
     <span class='ocr_line' id='line_1_47' title="bbox 334 5372 2034 5470; baseline 0.008 -30"><span class='ocrx_word' id='word_1_526' title='bbox 334 5372 536 5442; x_wconf 69' lang='lat' dir='ltr'>uenerabiles</span> <span class='ocrx_word' id='word_1_527' title='bbox 571 5378 759 5460; x_wconf 88' lang='lat' dir='ltr'>apocrisarii</span> <span class='ocrx_word' id='word_1_528' title='bbox 798 5377 1016 5464; x_wconf 84' lang='lat' dir='ltr'>perdiderunt,</span> <span class='ocrx_word' id='word_1_529' title='bbox 1042 5376 1196 5442; x_wconf 87' lang='lat' dir='ltr'>haetenus</span> <span class='ocrx_word' id='word_1_530' title='bbox 1230 5383 1376 5446; x_wconf 88' lang='lat' dir='ltr'>restituta</span> <span class='ocrx_word' id='word_1_531' title='bbox 1401 5393 1483 5447; x_wconf 91' lang='lat' dir='ltr'>sunt.</span> <span class='ocrx_word' id='word_1_532' title='bbox 1509 5383 1592 5449; x_wconf 88' lang='lat' dir='ltr'>Sane</span> <span class='ocrx_word' id='word_1_533' title='bbox 1615 5383 1789 5470; x_wconf 81' lang='lat' dir='ltr'>spiritalem</span> <span class='ocrx_word' id='word_1_534' title='bbox 1815 5396 1902 5450; x_wconf 89' lang='lat' dir='ltr'>tuam</span> <span class='ocrx_word' id='word_1_535' title='bbox 1929 5388 2034 5454; x_wconf 84' lang='lat' dir='ltr'>nolu·-</span> 
     </span>
    </p>
   </div>
   <div class='ocr_carea' id='block_1_5' title="bbox 0 0 2186 5924">
    <p class='ocr_par' dir='ltr' id='par_1_10' title="bbox 0 0 2186 5924">
     <span class='ocr_line' id='line_1_48' title="bbox 0 0 2186 5924; baseline 0 0"><span class='ocrx_word' id='word_1_536' title='bbox 0 0 2186 5924; x_wconf 95' lang='lat' dir='ltr'> </span> 
     </span>
    </p>
   </div>
  </div>
 </body>
</html>
