4276 5934
1764 388 1826 459 197

151 591 386 655 recordationis
410 591 518 676 Btela)
543 589 704 676 quondam
729 601 823 676 pater
844 599 927 672 tuus,
957 589 1093 654 ecclesie
1117 612 1248 653 romane
1273 588 1419 652 deuotior
1443 589 1558 668 extitit,
1591 595 1678 650 etse
1706 610 1744 650 ac
1778 610 1825 650 re-

145 718 245 778 gnum
271 719 373 778 suurn,
399 699 430 758 in
455 696 542 760 illius
566 697 768 760 necessitatis
793 695 928 760 articulo
953 718 1117 781 exponere
1143 695 1324 760 nullatenus
1348 693 1543 772 formidauit,
1561 715 1624 778 quo
1642 703 1822 756 tumescen-

145 801 232 865 tibus
257 803 534 867 schismaticorum
559 803 721 883 cordibus,
747 804 846 867 nostri
872 803 1040 886 piscatoris
1067 800 1214 864 nauicula
1240 797 1443 863 tumultuosis
1468 798 1619 861 fluctibus
1637 799 1824 862 iactabatur.

145 905 240 970 Unde
264 931 322 971 nos
347 919 378 970 et
402 909 647 992 predecessores
672 917 799 972 nostros
823 917 910 970 tanto
935 905 1073 990 amplius
1096 905 1138 968 ad
1162 905 1245 968 idern
1272 927 1407 987 regnum
1441 902 1636 966 seruandum
1670 905 1701 965 in
1735 914 1818 965 statu

144 1009 307 1076 felicitatis
330 1016 460 1098 antique
485 1014 618 1076 affectas
643 1011 781 1075 hominis
807 1012 966 1076 interioris
991 1010 1127 1089 induxit,
1155 1021 1274 1095 quanto
1299 1010 1459 1072 feruorem
1483 1008 1559 1071 fidei
1577 1019 1608 1071 et
1625 1011 1818 1072 sinceritatis

144 1122 357 1181 constantiam
383 1119 527 1182 eiusdem
553 1120 652 1203 patris
677 1119 722 1180 tui
747 1121 780 1183 in
805 1117 917 1180 maiori
941 1117 1134 1180 necessitate
1151 1115 1369 1200 probauimus,
1389 1136 1449 1176 nee
1466 1113 1622 1176 maculam
1637 1113 1819 1176 inueniinns

144 1222 176 1283 in
201 1245 240 1285 eo
270 1222 420 1308 aliquam,
445 1246 549 1308 noque
574 1245 696 1306 rugam.
721 1221 793 1285 Hoc
814 1223 914 1304 igitur
936 1220 1149 1301 attendentes,
1176 1220 1216 1282 ad
1240 1219 1393 1283 honorem
1418 1219 1599 1281 charissimi
1626 1220 1655 1280 in
1689 1216 1820 1280 Christo

144 1325 201 1388 filii
228 1330 327 1390 nostri
353 1327 547 1410 H(ernerioi)
574 1327 740 1411 Hungarie
765 1329 850 1410 regis
875 1326 1017 1402 illustris,
1042 1349 1081 1389 ae
1105 1337 1204 1403 tuum,
1230 1333 1262 1388 et
1287 1325 1526 1388 reformandam
1551 1325 1633 1386 inter
1651 1345 1707 1386 vos
1725 1324 1819 1408 plene

145 1431 239 1514 pacis
259 1433 475 1512 concordiam,
500 1451 531 1494 et
555 1433 811 1496 conseruandam
836 1430 1065 1495 inuiolabiliter
1090 1431 1305 1512 reformatam,
1331 1439 1419 1492 tanto
1443 1429 1581 1514 amplius
1606 1428 1818 1512 adspiramus,

144 1547 266 1619 quanto
294 1551 463 1622 utrumque
488 1549 629 1601 vostrum
655 1539 731 1602 dicti
758 1539 856 1622 patris
881 1540 926 1600 tui
950 1537 1090 1611 obtentu,
1118 1537 1274 1600 sincerius
1299 1534 1474 1627 diligimus,
1508 1543 1539 1596 et
1570 1555 1678 1616 regern
1713 1535 1817 1616 ipsum

144 1642 268 1704 ratione
293 1643 545 1725 primogenitura
569 1667 606 1704 ae
632 1645 721 1726 regni
747 1644 805 1718 sui,
831 1643 876 1705 tui
901 1643 979 1706 iuris
1003 1641 1171 1725 dispendio
1195 1640 1391 1704 intendimus
1416 1641 1568 1724 precipue
1586 1638 1753 1701 honorare.
1773 1637 1820 1701 Ut

144 1745 245 1828 igitur
270 1757 396 1809 maneat
421 1749 502 1809 inter
527 1770 583 1810 vos
609 1747 749 1810 fraterna
773 1746 912 1836 dilecti0,
937 1748 1043 1824 immo,
1069 1757 1104 1808 ut
1126 1745 1165 1808 de
1189 1746 1241 1808 die
1265 1747 1298 1809 in
1329 1745 1413 1808 diem
1446 1747 1552 1832 potius
1585 1755 1749 1828 augeatur,
1784 1754 1819 1806 ut

142 1863 177 1912 tu
203 1849 307 1912 eidem
325 1853 403 1935 regi,
428 1861 591 1937 tamquam
617 1851 814 1936 precellenti,
838 1851 978 1914 debitam
1005 1851 1160 1914 exhibeas
1184 1852 1406 1931 reuerentiam,
1432 1859 1464 1912 et
1487 1849 1651 1926 honorem,
1680 1859 1716 1912 ut
1746 1851 1815 1933 ipse

143 1953 202 2018 tibi
226 1965 390 2042 tamquam
414 1956 488 2021 duci
512 1981 531 2020 a
554 1957 614 2021 deo
639 1960 747 2036 misse,
773 1956 906 2035 deferat,
931 1965 962 2019 et
985 1955 1084 2019 faciat
1099 1957 1139 2018 ab
1156 1955 1228 2019 aliis
1246 1957 1328 2018 siout
1344 1953 1435 2018 fratri
1452 1955 1592 2030 deferri;
1617 1954 1816 2018 nobilitatem

142 2068 230 2122 tuam
256 2083 417 2144 rogamus,
442 2085 609 2126 monemus
632 2073 663 2125 et
687 2063 897 2126 exhortamur
920 2065 951 2124 in
976 2061 1116 2134 domino,
1140 2084 1178 2124 ac
1203 2084 1259 2146 per
1283 2059 1460 2146 apostolica
1492 2062 1611 2146 scripta
1639 2060 1697 2123 tibi
1728 2082 1815 2124 man-

143 2162 268 2242 damus,
293 2177 451 2250 qnatenus
475 2167 581 2231 taliter
601 2168 640 2231 de
663 2177 769 2231 cetero
794 2169 826 2229 in
851 2166 1005 2230 fidelitate
1028 2169 1130 2250 ipsius
1154 2187 1192 2229 ac
1215 2166 1386 2230 deuotione
1410 2167 1574 2250 persistas,
1599 2175 1634 2228 ut
1663 2166 1818 2229 feruentia

142 2290 182 2332 ac
204 2268 308 2334 fidelis
332 2275 454 2335 seruitii
476 2275 602 2336 nouitas
627 2273 756 2335 aboleat
780 2273 900 2335 offense
934 2274 1086 2357 preterito
1121 2279 1325 2346 vetustatem,
1359 2279 1390 2333 et
1424 2271 1471 2333 sic
1509 2292 1565 2333 vos
1598 2271 1638 2332 ad
1674 2273 1812 2333 inuicem

142 2385 273 2438 mutuus
298 2377 386 2440 uniat
409 2379 551 2441 caritatis
571 2377 715 2458 affectus,
740 2379 825 2442 sicut
848 2378 980 2459 sanguis
1001 2388 1162 2460 paternus,
1199 2387 1230 2439 et
1265 2385 1374 2440 uterus
1410 2383 1573 2439 maternus
1612 2377 1724 2438 nniuit.
1763 2375 1814 2438 Ad

143 2477 203 2542 hec
227 2481 283 2544 tihi
311 2481 487 2546 districtius
513 2483 705 2564 inhibemus,
729 2506 770 2546 ne
793 2485 825 2546 in
849 2506 958 2566 regem
983 2493 1037 2546 aut
1061 2505 1195 2565 regnum
1219 2504 1310 2544 arura
1327 2504 1457 2545 mouere
1481 2503 1657 2565 presumas,
1684 2480 1735 2543 vel
1768 2505 1816 2544 se·

139 2583 295 2648 ditionem
318 2585 458 2672 aliquam
483 2591 649 2668 suscitare,
675 2613 713 2652 ne
737 2589 846 2652 forsan
870 2589 965 2652 amici
990 2601 1020 2652 te
1045 2588 1203 2664 deserant,
1230 2590 1256 2650 si
1281 2587 1414 2651 fratrem
1447 2586 1598 2650 habueris
1634 2588 1809 2666 inimicum,

140 2691 236 2754 etde
261 2691 324 2754 fide
349 2703 404 2756 tua
425 2693 597 2778 desperare
623 2705 786 2776 cogantur,
811 2695 838 2756 si
862 2693 1002 2758 fraterne
1026 2714 1064 2756 ac
1086 2693 1240 2757 naturalis
1265 2694 1354 2776 pacis
1379 2692 1489 2756 federa
1512 2703 1543 2754 te
1568 2695 1727 2756 senserint
1752 2694 1817 2755 vio-

140 2792 225 2877 lare;
250 2799 398 2874 sciturus,
424 2820 481 2860 nos
505 2799 746 2862 venerabilibus
769 2797 924 2862 fratribus
949 2800 1066 2862 nostris
1090 2797 1129 2862 N.
1153 2800 1372 2881 strigoniensi,
1398 2797 1438 2861 N.
1463 2796 1624 2860 colocensi
1658 2797 1813 2883 archiepi-

140 2902 258 2984 scopis,
284 2913 448 2966 eteorum
473 2904 695 2987 suffraganeis,
723 2927 780 2988 per
801 2903 979 2988 apostolica
999 2906 1118 2988 scripta
1150 2903 1295 2967 districte
1321 2903 1533 2987 vprecipiendo
1567 2901 1747 2983 mandasse,
1781 2913 1817 2967 ut

140 3006 167 3066 si
192 3016 304 3068 contra
328 3017 540 3072 memoratum
564 3031 673 3090 regem
694 3029 783 3072 arma
804 2993 943 3090 mouere,
967 3008 1019 3072 vel
1042 3008 1230 3072 seditionem
1264 3010 1407 3072 excitare
1438 3012 1680 3094 presnrnpseris,
1712 3018 1743 3072 te
1775 3031 1813 3072 ao

139 3121 222 3188 tuos,
249 3109 375 3174 sublato
399 3112 623 3196 appellationis
647 3112 823 3196 obstaculo,
847 3115 1189 3178 excommunicationis
1206 3118 1364 3177 sententia
1388 3113 1512 3190 feriant,
1531 3123 1561 3176 et
1581 3123 1679 3176 totam
1696 3123 1814 3176 terram

141 3211 238 3294 tuani,
265 3227 428 3280 eteorum
453 3217 627 3283 subiiciant
646 3220 827 3283 interdicto.
848 3218 969 3282 Datum
993 3219 1144 3282 Laterani
1169 3217 1278 3282 XVII.
1303 3217 1460 3283 kalendas
1483 3221 1574 3282 iunii.

292 3362 414 3419 Katons.
436 3364 508 3418 Hist.
530 3383 568 3422 cr.
592 3367 624 3420 R.
649 3367 743 3437 Hung.
767 3367 802 3425 T.
827 3365 876 3423 IV.
903 3365 975 3423 481.

503 3639 658 3720 CCLX.
687 3641 798 3721 llas,
826 3641 887 3722 22.
916 3642 1128 3742 prosince.
1157 3641 1193 3721 U
1225 3640 1456 3720 Lateranu.

139 3812 299 3870 Iaoceuoio
325 3810 386 3870 III
414 3833 508 3892 popu,
533 3818 696 3889 doaooljaje
718 3820 909 3891 audbtsltupa
927 3819 1104 3894 kolotltomu,
1129 3819 1168 3875 du
1190 3837 1209 3876 u
1226 3823 1378 3876 semestrua
1403 3821 1469 3877 Kcu
1493 3815 1627 3897 (Boresti
1650 3821 1806 3897 ruouostir)

139 3918 230 3974 uoede
252 3919 401 3978 torroutlte
422 3917 497 3978 redu
519 3941 562 3982 su.
586 3921 768 3997 Aupustinu,
789 3926 874 3996 posto
891 3927 924 3996 je
947 3943 1016 3983 crue
1039 3925 1192 3996 taludjcre
1215 3941 1256 3980 su.
1281 3922 1370 3998 Atre,
1395 3925 1423 3983 ia
1453 3925 1551 3983 dolius
1580 3926 1735 3998 ebroruslte,
1754 3944 1811 3997 po-

622 4029 692 4086 rudi
714 4031 836 4100 ajihouu
858 4031 1034 4088 roauaduau
1055 4029 1153 4088 iiuota
1172 4031 1335 4100 protjerua

299 4177 503 4244 Innocentius
527 4184 698 4268 episcopus
721 4191 780 4247 etc.
805 4181 991 4246 Venerabili
1016 4182 1136 4246 fratri.
1160 4231 1168 4247 .
1193 4233 1201 4248 .
1226 4183 1386 4248 colocensi
1404 4183 1653 4269 archiepiscopo,
1673 4183 1808 4248 salutem

138 4294 197 4347 etc.
224 4281 331 4360 Quum
359 4286 450 4349 nohis
474 4285 548 4350 licet
571 4289 739 4351 immeritis
763 4289 795 4350 in
817 4287 992 4372 apostolice
1006 4289 1092 4351 sedis
1110 4289 1241 4372 specula
1258 4290 1508 4354 consistentibus
1525 4293 1567 4353 sit
1581 4293 1805 4354 uniuersarum

137 4387 348 4451 ecclesiarum
366 4387 548 4480 sollicitudo
573 4395 754 4471 commissa,
779 4393 820 4456 de
851 4398 936 4456 statu
967 4391 1092 4456 illarum
1130 4392 1380 4458 sollicitudinem
1417 4417 1474 4458 nos
1510 4397 1660 4459 conuenit
1696 4417 1807 4477 gerere

136 4491 348 4575 dilligentem,
374 4505 406 4557 et
430 4495 598 4578 prouidere
623 4507 752 4577 attente,
779 4507 814 4561 ut
838 4519 894 4582 per
918 4497 1032 4561 fratres
1057 4509 1087 4561 et
1111 4501 1320 4584 coepiscopos
1354 4509 1490 4578 nostros,
1527 4522 1600 4562 curn
1636 4523 1699 4563 non
1738 4523 1809 4585 pos·

136 4599 236 4662 simus
262 4597 380 4684 ubique
405 4612 544 4663 nostram
570 4604 764 4686 presentiam
789 4603 997 4686 corporaliter
1020 4602 1183 4681 exhibere,
1209 4607 1332 4688 possint
1355 4606 1387 4667 in
1415 4603 1530 4667 melius
1553 4605 1731 4668 reformari.
1750 4605 1810 4696 ‘Ex

136 4712 225 4787 parte
242 4715 297 4766 tua
314 4707 432 4768 nostris
448 4715 497 4768 est
512 4707 644 4770 auribus
663 4709 853 4788 intimatum,
872 4709 958 4793 quod
982 4730 1055 4772 cum
1077 4709 1159 4772 bone
1187 4712 1338 4772 memorie
1363 4708 1510 4772 Andreas
1532 4719 1718 4773 antecessor
1735 4721 1807 4774 tuus

137 4811 365 4872 monasterium
390 4811 499 4874 sancti
516 4799 669 4897 Stephani
695 4812 972 4898 prothomartyris,
997 4815 1092 4877 situm
1118 4817 1147 4876 in
1173 4815 1242 4877 loco
1266 4816 1321 4898 qui
1345 4815 1463 4877 dicitur
1487 4813 1569 4893 Keu,
1587 4819 1801 4880 concessisset

136 4914 290 4978 fratribus
314 4916 416 4978 sancti
440 4913 529 4978 Abre
555 4917 594 4980 de
619 4917 702 4982 valle
726 4916 848 4996 Ebron,
874 4917 1040 4982 monachis
1054 4921 1139 5004 nigri
1163 4919 1294 5000 ordinis',
1313 4929 1443 5004 propter
1459 4918 1700 4983 dissolutionem
1719 4943 1809 4984 suam

135 5020 209 5083 inde
232 5023 375 5099 remotis,
397 5029 429 5083 et
451 5020 546 5084 iidem
571 5021 686 5086 fratres
709 5025 810 5087 sancti
833 5021 922 5088 Abra
948 5025 1033 5088 bona
1056 5026 1124 5088 eius
1150 5023 1358 5109 dilapidando
1383 5033 1414 5088 et
1446 5023 1594 5087 ducendo
1629 5027 1728 5086 vitam
1764 5028 1810 5088 ni·

137 5126 236 5188 mium
263 5125 461 5204 dissolutam,
482 5130 586 5212 ipsum
611 5126 823 5192 deduxissent
846 5129 888 5192 ad
913 5133 1044 5194 nimiam
1077 5139 1306 5216 paupertatem,
1345 5129 1428 5192 bone
1464 5131 1616 5192 memorie
1652 5127 1688 5192 C.
1727 5151 1809 5214 papa

140 5230 350 5316 predecessor
374 5243 490 5314 noster,
515 5243 547 5297 et
571 5255 628 5298 nos
653 5236 748 5298 etiam
773 5233 829 5299 tibi
854 5235 1003 5300 dedimus
1028 5237 1061 5298 in
1084 5235 1253 5316 mandatis,
1281 5246 1315 5300 ut
1339 5237 1533 5300 restitutioni
1564 5233 1709 5300 eiusdem
1739 5257 1806 5298 mo-
