4300 5930
1767 447 1830 516 129

146 659 268 718 meum,
301 661 409 702 coram
444 639 494 704 bis
526 638 680 705 testibus:
712 639 826 704 Juriza
856 639 1013 721 anonin,
1049 639 1211 704 Saracenn
1246 637 1428 719 Bescianni,
1464 637 1645 704 Mestichna
1680 639 1825 726 Stupicb,

149 740 324 807 Tomichia
361 745 474 826 Desse,
502 743 644 827 Georgio
676 742 824 831 Scioppe,
861 744 1014 810 Diminna
1050 743 1162 820 Medii,
1199 741 1293 806 Petro
1327 740 1421 825 Cece,
1458 743 1619 810 Domaido
1654 743 1825 827 Briacelle,
1905 771 1907 776 ·

146 844 335 932 crisogono
357 849 464 916 Bitini.

302 1047 407 1102 Metine
429 1064 467 1102 ns
488 1047 651 1120 pergameni
675 1063 693 1102 n
716 1047 815 1102 arkiru
838 1047 1065 1119 gubernijslnom
1089 1065 1106 1102 u
1132 1048 1235 1106 Zadru.
1261 1049 1346 1120 Oaps.
1371 1047 1394 1104 Ι.
1418 1046 1444 1103 b.
1471 1048 1501 1104 5.
1523 1023 1625 1110 muso.
1649 1049 1687 1108 K.

692 1337 899 1420 CLXXV.
928 1337 1038 1422 1184.
1068 1339 1104 1422 U
1132 1339 1287 1422 1411111.

25 1511 31 1522 ’
149 1516 283 1577 Famis
308 1519 501 1588 Konstantia,
525 1519 593 1591 dajr
615 1535 716 1579 svcmn
739 1520 818 1594 stupe·
841 1519 1015 1594 Mtlodrapa
1043 1519 1174 1588 dozvolu,
1207 1519 1247 1578 da
1276 1536 1307 1579 sc
1329 1519 1395 1580 ient
1416 1536 1432 1578 s
1453 1520 1580 1580 Militem
1613 1505 1826 1590 neronom,

467 1642 527 1715 pod
548 1643 685 1716 uvjetom,
707 1642 747 1701 da
769 1659 824 1701 sav
845 1643 947 1715 milton
970 1643 1107 1714 odcjetae
1128 1641 1203 1701 bade
1221 1647 1307 1718 prost
1329 1644 1341 1702 s'
1363 1641 1514 1704 ennoean.

301 1829 337 1894 In
357 1827 479 1894 Christi
502 1832 642 1894 nomine.
668 1829 762 1894 Anno
784 1831 944 1896 dominice
960 1831 1207 1912 incarnacionis,
1228 1828 1407 1907 millesimo,
1424 1833 1609 1912 centesimo
1627 1832 1827 1916 octogesimo

151 1947 281 2019 quarto.
307 1935 468 2021 Tempore
492 1937 617 2000 comitis
642 1933 782 2018 Martini,
807 1947 839 2000 et
862 1939 894 2001 in
919 1937 1093 2000 buccaratu
1117 1934 1173 2000 filii
1198 1934 1397 2015 Maratunne‚
1430 1934 1489 2000 boc
1521 1947 1627 2002 actum
1663 1949 1721 2020 est,
1753 1946 1829 2001 ante

151 2043 350 2124 presentiam
376 2041 532 2105 bonorum
556 2039 730 2116 hominum,
757 2046 887 2106 nomina
911 2064 1047 2128 qnorum
1071 2039 1342 2125 subterleguntur.
1366 2040 1438 2126 Ego
1455 2041 1629 2108 Forminus
1645 2042 1729 2108 filius
1746 2041 1830 2108 Con-

149 2147 294 2224 stantini,
319 2145 359 2210 do
384 2153 573 2231 potestatem
599 2167 694 2209 seruo
718 2169 789 2210 meo
813 2149 941 2211 nomine
966 2145 1147 2230 Milodrago
1169 2146 1348 2232 accipiendi
1372 2145 1472 2211 filiam
1495 2147 1664 2212 Zercanne
1699 2150 1827 2213 nomine

152 2249 283 2314 Milcsm
309 2253 340 2314 in
365 2273 510 2332 uxorem,
534 2249 590 2314 tali
616 2261 718 2338 ponto.
743 2249 865 2336 talique
887 2250 1087 2332 condicione,
1111 2252 1196 2338 qood
1221 2274 1333 2316 omnes
1363 2251 1420 2317 filii
1452 2261 1484 2316 et
1512 2253 1578 2317 filie
1611 2255 1666 2338 qui
1701 2276 1743 2318 ex
1781 2255 1829 2318 eis

149 2357 219 2418 nati
242 2353 368 2437 fuerint,
394 2359 459 2420 sint
481 2354 582 2421 libere
606 2367 638 2422 et
661 2355 777 2440 franci,
800 2369 831 2420 et
855 2379 914 2421 nec
938 2379 998 2441 ego
1020 2379 1080 2421 nec
1103 2357 1159 2422 filii
1185 2358 1246 2421 mei
1272 2358 1396 2442 possint
1427 2379 1482 2420 eos
1512 2359 1678 2444 impetere,
1702 2356 1753 2421 vel
1786 2357 1826 2422 de

149 2462 305 2526 seruitute
329 2460 381 2526 vel
397 2461 437 2526 de
462 2461 619 2542 libertate,
645 2471 676 2527 et
699 2484 826 2527 omnem
852 2465 1031 2548 pecuniam,
1056 2486 1151 2550 quam
1175 2464 1244 2548 ipse
1269 2461 1450 2547 Miledrago
1473 2461 1572 2528 habet
1594 2465 1663 2526 sine
1685 2463 1830 2528 inantea

149 2565 319 2631 babituros
343 2579 399 2648 est,
425 2566 542 2632 habeat
565 2577 754 2654 potestatem
779 2567 876 2632 dandi
901 2570 994 2633 uxori
1030 2590 1087 2632 sue
1111 2579 1142 2632 et
1163 2566 1349 2649 heredibus,
1372 2577 1405 2632 et
1426 2567 1565 2632 faciendi
1590 2567 1675 2654 qnod
1694 2566 1832 2632 voluerit

150 2673 185 2736 in
209 2675 276 2736 vita
299 2685 332 2738 et
355 2675 387 2736 in
411 2683 522 2738 morte.
548 2672 583 2737 Si
607 2695 685 2738 vero
710 2675 881 2759 eontigerit
899 2673 986 2760 quod
1002 2673 1166 2760 predictus
1182 2672 1362 2760 Miledrago
1379 2683 1491 2760 captus
1508 2675 1577 2738 siue
1594 2682 1716 2738 mortus
1732 2672 1830 2738 fuerit

150 2780 185 2842 in
208 2800 266 2842 sno
290 2779 431 2861 seruitio,
456 2801 516 2862 ego
540 2779 713 2843 Furminus
739 2778 790 2844 vel
811 2778 868 2843 filii
893 2781 956 2845 mei
980 2801 1043 2843 non
1067 2780 1194 2864 possint
1215 2779 1292 2844 dare
1308 2777 1449 2865 aliquam
1474 2778 1690 2865 calumpniam
1707 2799 1750 2842 ex
1767 2777 1829 2844 hoc

150 2885 245 2948 uxori
269 2907 326 2948 sue
346 2884 453 2949 Milce·
477 2883 583 2948 Huius
607 2895 712 2948 autem
738 2886 784 2949 rei
801 2886 851 2950 isti
870 2893 944 2949 sunt
961 2893 1069 2950 testes.
1089 2884 1251 2950 Presbiter
1277 2883 1390 2950 Redde
1413 2883 1498 2950 filius
1523 2883 1657 2964 Marcie,
1673 2882 1828 2951 dianonus

150 2986 324 3054 Mattheus.
349 2987 478 3075 Vragns
502 2985 579 3076 (sic)
602 2989 689 3054 filius
712 2989 801 3054 Luce
823 2989 863 3053 de
886 2987 976 3055 Tole.

302 3093 344 3158 Et
367 3116 427 3178 ego
451 3095 607 3178 magister
627 3092 813 3159 Guelterins
838 3097 1016 3160 communis
1040 3097 1183 3160 notarius
1207 3096 1268 3161 hoc
1291 3096 1390 3162 breue
1414 3099 1511 3186 stipsi
1535 3108 1567 3164 et
1590 3105 1700 3166 testor.

300 3217 428 3282 Siara:
453 3219 545 3284 1184.
571 3215 763 3284 Conbactus
787 3217 993 3305 sponsalium
1012 3219 1157 3284 Formini
1182 3218 1240 3284 filii
1263 3218 1477 3286 Constantini.

303 3418 410 3475 Matisa
432 3420 532 3491 pisana
555 3437 592 3474 na
615 3419 737 3490 malenoj
762 3419 934 3491 pergameni,
958 3419 1050 3474 unlazi
1069 3437 1099 3474 se
1121 3437 1139 3474 u
1165 3420 1341 3498 piemohrnni
1363 3420 1513 3493 gubernija
1530 3419 1700 3495 4411414143,
1734 3421 1829 3492 medju

151 3507 232 3580 pirmi
256 3507 403 3579 dignntog
425 3507 579 3562 monastire
601 3524 641 3563 av.
668 3506 829 3577 Dominika,
854 3507 911 3578 pod
935 3505 1042 3578 brojcm
1067 3507 1139 3561 670.

679 3793 910 3883 CLXXVI.
938 3799 1028 3882 (tkn
1056 3797 1155 3898 god.
1184 3800 1298 3882 1184.

304 3973 982 4061 131414111Κοη41114,ἀ4144103441114
1013 3973 1172 4038 4411111111
1204 3975 1378 4038 monastiru
1412 3971 1635 4037 lokrumsknni
1661 3995 1702 4038 na
1734 3973 1826 4039 dcset

152 4082 304 4166 godinab,
327 4105 367 4146 uz
391 4081 540 4168 godibnjn
566 4080 659 4167 planu
682 4080 722 4144 od
747 4090 801 4167 pet
824 4079 948 4156 soldah‚
973 4081 982 4142 i
1008 4080 1089 4144 11414
1114 4079 1154 4142 da
1174 4101 1215 4163 ga
1239 4077 1312 4164 daje
1338 4101 1414 4164 „per
1443 4087 1654 4165 manupresa“
1688 4089 1720 4144 to
1750 4081 1825 4166 jest,

152 4209 188 4251 sa
204 4186 375 4252 donnolom
400 4189 525 4273 sv0j0m
549 4189 559 4250 i
583 4207 686 4271 eroga
708 4186 809 4268 breta,
831 4207 871 4272 po
895 4183 1024 4271 obibeju
1047 4183 1304 4250 dubrovabkom.

302 4386 332 4440 12
356 4385 506 4457 rnkopisa:
530 4385 648 4457 Spoglio
672 4385 746 4440 delle
771 4384 909 4440 Scritture
930 4384 959 4439 di
982 4384 1130 4440 Lecroma.

418 4677 672 4762 cnxxt‘ll.
701 4677 889 4761 1182—4.
917 4677 1004 4760 (ine
1032 4675 1281 4777 13111114.
1311 4676 1347 4758 U
1370 4675 1562 4758 Veletru.

154 4860 251 4921 Lucio
273 4860 345 4924 ΙΙΙ.
367 4877 450 4934 papa
473 4859 587 4928 rimati,
607 4858 672 4932 pise
695 4855 790 4917 Petra
812 4855 1003 4930 ncdbiskupu
1023 4857 1223 4932 spljetskomu,
1238 4857 1277 4916 da
1293 4857 1407 4932 metrop,
1425 4857 1507 4932 kojcp
1521 4871 1571 4916 mu
1586 4857 1655 4930 ovaj
1665 4823 1826 4930 prcpornir'

533 4998 571 5047 aa
595 4977 731 5056 histum,
754 4982 870 5042 nemete
890 4980 1035 5054 potvrds'ti
1052 4981 1164 5054 porads'
1185 4981 1303 5056 ajepovc
1324 4982 1455 5040 storosta'.

301 5169 422 5238 Lucius
445 5171 615 5259 episcopus
641 5192 754 5236 seruus
778 5191 944 5236 seruorum
964 5168 1025 5234 dei.
1052 5167 1238 5235 Venerabili
1261 5168 1351 5234 fratri
1385 5167 1543 5255 spalatino
1570 5166 1824 5255 archiepiscopo,

152 5275 289 5346 salutem
313 5287 345 5343 et
369 5275 576 5366 apostolicam
599 5273 869 5342 benedictionem.
895 5273 932 5341 0.
956 5271 1079 5341 litteras
1105 5297 1185 5362 quas
1202 5273 1295 5340 nobis
1322 5296 1380 5360 per
1394 5271 1449 5338 ·D.
1478 5271 1611 5340 latorem
1630 5274 1827 5359 presentium

1621 5375 1640 5417 s
