4254 5922
285 639 432 706 Joannes
454 639 626 727 episcopus
649 638 808 704 siscianae
830 637 988 704 ecclesiae
1011 638 1189 728 subscripsi
1213 648 1376 730 utsupra.

286 745 468 814 Fabrianus
491 747 661 833 episcopus
685 743 841 811 ecclesiae
865 746 1096 832 epitauritsnae
1119 744 1296 835 subscripsi
1321 760 1354 814 ut
1376 773 1485 840 supra.

288 851 519 919 Constantinus
541 853 714 939 spiscopus
736 850 895 918 eeclesiae
917 850 1162 918 scardonitanae
1185 852 1362 943 subscripsi
1387 868 1551 944 utsupra.

291 957 464 1027 Marcellus
488 960 659 1046 episcopus
682 956 840 1025 ecelesiae
862 960 1072 1024 barunitanae
1095 959 1274 1048 subscripsi
1297 973 1332 1028 ut
1355 985 1463 1052 supra.

287 1065 437 1133 Andreas
459 1068 631 1153 episcopus
653 1063 834 1132 bostrensis
856 1063 1014 1131 ccclesiae
1036 1065 1214 1154 subscripsi
1237 1077 1272 1133 ut
1294 1091 1400 1157 supra.

287 1172 401 1240 Victor
423 1175 594 1261 episeopus
618 1171 775 1239 ecclesiae
798 1172 1026 1238 martaritanus
1053 1172 1231 1260 subscripsi
1256 1184 1420 1265 utsupra.

286 1280 478 1347 Dominicus
500 1278 763 1366 archipresbyter
781 1275 936 1344 ecclesiae
964 1276 1163 1345 salonitanae
1187 1280 1363 1370 subscripsi
1388 1295 1423 1349 ut
1447 1308 1554 1374 supra.

287 1385 452 1454 Barbarus
475 1385 647 1474 presbyter
669 1384 826 1451 ecclesiae
850 1383 1049 1451 salonitanae
1070 1384 1247 1475 subscripsi
1272 1399 1436 1476 utsupra.

274 1494 460 1576 ‚Caesarius
484 1491 654 1581 presbyter
676 1491 855 1579 subscripsi
877 1496 1042 1579 utsupra.

283 1601 454 1668 Heranens
474 1597 645 1687 presbyter
668 1597 847 1686 subscripsi
876 1607 1038 1687 utsupra

284 1707 429 1774 Lucerna
452 1704 624 1794 presbyter
646 1703 804 1771 ecclesiae
827 1703 1024 1772 salonitanae
1047 1704 1225 1795 subscripsi
1249 1718 1411 1799 utsupra.

283 1813 438 1882 Bacauds
460 1811 632 1902 presbyter
654 1820 690 1878 ut
712 1833 818 1900 supra.

284 1920 466 2008 Stephanus
489 1919 660 2008 presbyter
682 1927 847 2006 utsupra.

283 2026 388 2093 Ursus
411 2025 582 2114 presbyter
608 2022 785 2110 subscripsi
809 2033 844 2088 ut
859 2045 965 2110 supra.

284 2134 404 2200 Bassus
421 2130 591 2220 presbyter
605 2129 792 2217 subscripsi,
808 2137 967 2217 utsupra.
1223 2203 1244 2236 ἡ

286 2238 404 2306 Vitalis
428 2238 598 2326 presbyter
621 2237 797 2302 sarniensis
824 2235 980 2303 ecclesiae
1001 2235 1179 2325 subscripsi
1203 2248 1369 2328 utsupra.
1392 2240 1547 2331 Explicit.
1606 2232 1612 2250 ‘

283 2389 388 2447 (lodex.
411 2388 486 2446 Bibl.
509 2387 594 2444 Barb.
615 2387 649 2445 N.
676 2385 769 2442 8481.
793 2404 822 2458 p.
849 2385 1043 2442 rra-116.

468 2620 627 2707 osus.
654 2619 701 2704 u.
728 2619 816 2706 nse.
843 2619 929 2703 uns
957 2621 996 2703 e.
1023 2619 1205 2724 muna
1232 2568 1464 2708 u'ssrrnu.
1516 2616 1519 2626 ·

546 2784 701 2859 aarum
729 2785 862 2859 aaran
885 2783 1050 2858 eram
1081 2784 1172 2844 suaa
1201 2785 1380 2862 arianen.

669 2921 752 2988 Acta
774 2919 902 2988 concilii
925 2921 1058 2987 secundi
1082 2919 1265 2990 salonitani.

279 3093 358 3160 Post
372 3096 488 3158 iterum
503 3100 600 3179 atque
615 3093 731 3157 iterum
747 3089 926 3178 Lampsdii,
950 3099 982 3158 et
1003 3090 1162 3172 floreatis,
1185 3116 1315 3159 sumens
1333 3095 1462 3161 subdia
1479 3118 1563 3161 nona
1580 3099 1691 3180 maias,
1717 3100 1802 3166 facto

119 3201 315 3267 mcardotali
339 3199 484 3281 consilio,
508 3198 657 3265 Andreas
681 3200 732 3263 vir
749 3197 944 3264 venerabilis
968 3197 1145 3264 iadertinae
1160 3197 1317 3265 ecclesiae
1334 3202 1505 3288 episcopus
1523 3202 1624 3268 dixit:
1649 3203 1801 3271 Omnium

7 3350 16 3383 .,,
118 3309 337 3391 sacerdotum,
361 3307 561 3394 fratrumque
584 3328 739 3389 meorum,
767 3327 852 3392 papa
871 3304 1056 3371 beatissime
1079 3327 1256 3392 prosequor
1287 3305 1503 3389 voluntatem,
1536 3310 1614 3395 quia
1642 3320 1730 3376 tantu
1753 3324 1802 3378 est

119 3416 278 3481 bonitatis
301 3412 499 3500 magnitudo,
524 3422 559 3477 ut
583 3435 695 3478 omnes
731 3434 789 3477 nos
813 3412 910 3478 faciat
940 3411 980 3477 de
997 3413 1047 3477 sui
1082 3413 1189 3478 oneris
1213 3411 1373 3477 leuamine
1396 3416 1548 3499 cogitare.
1574 3415 1703 3504 Quippe
1727 3441 1799 3484 cum

20 3505 21 3565 ]
118 3531 250 3608 gratum
275 3520 368 3587 vobis
391 3520 460 3586 fore
483 3519 654 3584 credamus
677 3528 808 3606 propter
838 3519 1053 3585 differentiam
1088 3519 1147 3584 bos
1171 3542 1228 3607 pro
1264 3519 1417 3606 parocbia
1447 3524 1689 3608 consignandae
1713 3525 1800 3610 plebi

117 3651 290 3705 excursus,
314 3626 547 3714 parochiasque
564 3627 769 3714 presbyteros
786 3633 896 3691 vestra
911 3626 1153 3691 consecratione
1169 3636 1331 3691 merentur
1346 3625 1427 3692 alios
1443 3628 1594 3694 ordinare
1618 3631 1798 3716 pontifices.
1823 3676 1825 3681 ι

118 3734 211 3801 Sicut
235 3736 332 3801 etiam
356 3735 389 3798 in
413 3733 564 3798 barcensi
593 3732 741 3814 ecclesia,
767 3731 1015 3818 praedecessore
1047 3740 1154 3797 vestro
1177 3733 1290 3798 beatae
1315 3732 1548 3800 recordationis
1571 3735 1727 3819 Honorio,
1751 3748 1801 3802 est

119 3841 259 3929 prouida
283 3839 475 3921 ordinatum,
508 3842 583 3927 quia
613 3841 646 3904 in
669 3848 757 3903 tanta
791 3839 989 3904 distensione
1011 3837 1155 3904 locorum
1185 3842 1290 3906 rarius
1319 3844 1595 3929 consignationem
1616 3843 1799 3910 chrismatis

120 3947 261 4036 populus
285 3956 416 4012 renatus
438 3945 638 4034 adsequitur.
661 3944 866 4031 Quapropter
891 3944 947 4032 qui
962 3946 1265 4017 omniumnostrum
1282 3950 1465 4035 primatum,
1490 3948 1551 4015 deo
1574 3951 1715 4034 iuuante,
1733 3975 1798 4039 quo

119 4053 298 4143 praesides,
321 4076 429 4119 curam
454 4056 541 4138 geris
564 4051 862 4139 ordinationemque
889 4054 1094 4118 commissam
1116 4062 1254 4135 tuorum,
1286 4076 1418 4119 necesse
1449 4062 1499 4120 est
1530 4056 1717 4141 pontificum
1741 4057 1797 4123 ad·

119 4161 285 4228 miniculie
307 4159 471 4226 relevetis.
492 4159 656 4225 Honorius
681 4158 885 4224 beatissimus
905 4160 957 4224 vir
980 4159 1147 4246 respondit
1161 4159 1439 4247 archiepiscopus:
1463 4159 1536 4246 Ago
1552 4167 1683 4248 gratias,
1707 4165 1794 4250 quod

120 4268 241 4334 talibus
264 4291 316 4333 mc
339 4267 470 4333 creditis
493 4265 616 4333 solatiis
639 4264 858 4348 releuandum,
882 4275 918 4331 ut
940 4276 1106 4332 crescente
1121 4264 1265 4349 fratrum,
1283 4276 1317 4332 et
1331 4269 1595 4354 coepiscoporum
1614 4279 1795 4335 nostrorum

6 4383 15 4459 ξι
120 4397 266 4457 numero,
290 4383 322 4440 et
344 4374 448 4440 leuior
471 4378 527 4441 fiat
551 4374 679 4440 sarcina
706 4371 812 4438 diuisa
833 4371 1031 4460 perplures,
1054 4382 1191 4439 etonus
1215 4383 1353 4459 gratum,
1377 4374 1464 4460 quod
1487 4397 1559 4440 cum
1583 4374 1704 4440 bonore
1728 4399 1795 4441 sus-

6 4466 8 4557 l
120 4485 250 4570 cipitur.
273 4479 382 4568 Atque
404 4480 477 4546 ideo
492 4480 567 4546 talis
592 4479 802 4546 fraternitatis
826 4486 954 4545 vestrae
986 4480 1210 4565 prosecutione
1238 4503 1414 4568 perpensas
1431 4481 1663 4569 parochiasque
1689 4494 1798 4548 nostra

10 4602 11 4616 ¹
120 4587 344 4654 sarciebantur
374 4589 615 4653 consecratione
647 4585 861 4675 presbyteros,
892 4595 937 4651 et·
955 4584 1222 4673 longinquitatem
1254 4588 1304 4652 sui
1335 4589 1552 4653 visitationem
1584 4587 1796 4655 dificillimam

10 4736 12 4763 :
123 4695 339 4762 merebantur.
364 4693 416 4760 Ad
443 4694 696 4760 ordinandorum
714 4696 938 4781 episcoporum
954 4713 1065 4758 curam
1081 4691 1167 4757 facta
1182 4691 1409 4760 distributione
1431 4693 1595 4759 credimus
1619 4696 1796 4780 pertinere,

17 4856 23 4871 ι
122 4803 311 4890 praesertim
336 4823 409 4867 cum
444 4800 524 4867 nihil
556 4803 720 4868 canonicis
750 4802 793 4865 sit
824 4802 1018 4867 contrarium
1053 4802 1244 4884 consulatis,
1274 4803 1349 4888 quia
1372 4823 1433 4867 nec
1455 4800 1649 4890 episcopalis
1670 4802 1797 4869 vilescit

122 4909 305 4991 auctoritas,
329 4930 402 4973 cum
425 4909 459 4973 in
482 4917 572 4974 tanta
594 4906 737 4974 locorum
772 4906 979 4992 distensione,
1003 4915 1050 4973 tot
1073 4906 1233 4996 parochiis
1264 4909 1447 4974 necessario
1480 4917 1709 4995 proponuntur,
1735 4932 1795 4974 neo

123 5014 177 5080 ubi
201 5015 372 5103 presbyter
393 5017 496 5103 possit
518 5014 677 5097 sufficere,
694 5013 883 5081 ordinantur
898 5014 1085 5102 episcopus,
1109 5016 1163 5101 qui
1179 5036 1239 5080 nec
1251 5013 1470 5100 consignandi,
1489 5037 1550 5081 neo
1565 5013 1794 5081 reconciliandi

123 5120 253 5187 licentia
275 5120 369 5188 facile
390 5121 442 5189 dei
466 5119 690 5188 sacerdotibus
712 5130 761 5187 est
777 5141 942 5187 concessa.
959 5119 1022 5187 Pro
1037 5142 1103 5208 qua
1124 5142 1159 5186 re
1182 5118 1278 5186 buius
1300 5119 1512 5187 ordinationis
1535 5119 1629 5187 nobis
1652 5131 1702 5188 est
1721 5145 1793 5210 pro·

14 5272 15 5275 κ
123 5230 193 5294 uisa
214 5229 400 5311 necessitas,
424 5250 465 5295 ne
488 5226 574 5317 quod
597 5229 740 5294 maxima
763 5226 920 5294 ecclesiae
936 5225 1152 5293 sollicitudine
1175 5236 1224 5293 est
1246 5227 1434 5313 gerendum,
1459 5250 1517 5316 pro
1539 5230 1670 5294 raritate
1691 5230 1794 5316 ponti-

123 5334 219 5400 ficum
240 5333 432 5421 negligatur.
457 5333 662 5422 Quapropter
684 5336 750 5422 qui,
774 5333 827 5399 vel
859 5335 891 5400 in
914 5333 1033 5422 quibus
1055 5333 1135 5403 locis
1159 5337 1302 5424 episcopi
1325 5334 1466 5402 debeant
1496 5336 1688 5418 consecrari,
1720 5335 1792 5401 dili·

25 5540 27 5542 *
124 5444 248 5527 gentius
270 5450 514 5530 pertractemus.
538 5441 691 5509 Tractatu
707 5443 815 5530 itaque
831 5441 951 5527 habito,
967 5441 1113 5509 adiectae
1128 5464 1226 5531 quam
1243 5442 1304 5511 boc
1319 5443 1481 5510 communi
1502 5444 1646 5510 noscitur
1669 5441 1793 5511 sedisse
