4292 5926
1753 436 1797 502 ts

119 621 234 686 maiori
258 619 418 688 desiderio
442 625 474 688 iu
498 623 676 710 penetralis
699 623 844 690 cordium
871 635 1049 698 vestrorum
1073 625 1313 692 admiscente
1331 625 1496 712 quofacto
1513 625 1607 692 nobis
1625 626 1797 694 euidenter

122 724 217 792 datur
240 727 388 813 intelligi,
411 741 576 815 quantum,
599 730 685 795 unde
708 730 886 816 gaudemus
911 741 943 796 et
965 733 1177 818 omnipotenti
1201 733 1322 816 gratias
1342 732 1479 818 agimus,
1504 733 1536 797 in
1566 731 1702 799 ecclesie
1726 735 1794 800 uui-

123 843 188 898 tate
213 835 396 920 persistitis,
420 845 453 899 et
474 833 718 902 fundamentum
753 835 829 900 fidei
863 837 999 903 firmiter
1032 839 1187 918 retinetis,
1223 837 1299 901 dum
1335 836 1421 901 beati
1454 837 1541 903 Petri
1575 839 1795 926 apostolorum

121 939 278 1025 principis
300 949 333 1004 et
356 933 562 1006 sacrosancte
585 937 829 1008 mattis'vestre
853 958 985 1008 romane
1008 941 1144 1008 ecclesie
1168 941 1340 1008 deuotione
1360 942 1534 1024 feruentes,
1559 941 1701 1028 legatum
1729 946 1799 1012 eius

119 1045 329 1109 veneratione
352 1043 461 1109 debita
484 1049 683 1132 suscepistis,
708 1057 741 1114 et
763 1047 884 1114 de'crs
907 1049 1009 1134 ipsius
1033 1047 1147 1114 salutis
1171 1049 1302 1130 monita,
1326 1059 1358 1114 et
1382 1049 1517 1117 verbum
1543 1051 1609 1116 vite
1626 1050 1796 1117 studuistis

118 1149 241 1214 audire.
258 1149 352 1216 Unde
364 1149 419 1216 lilii
434 1150 626 1238 (karissimi)
637 1151 780 1240 depenso
793 1152 887 1219 robis
899 1163 1008 1219 nostre
1017 1154 1219 1220 salutationis
1233 1152 1384 1240 alloquio,
1395 1155 1640 1221 uniuersitatem
1654 1165 1796 1222 vestram

116 1253 340 1338 admonemus,
365 1265 398 1321 et
431 1255 640 1322 exhortamur
672 1260 705 1324 in
740 1259 880 1342 domiuo,
909 1275 1075 1345 ‚quatenus
1098 1259 1288 1342 doctrinam,
1315 1261 1512 1346 queminter
1533 1284 1592 1326 vos
1610 1261 1798 1327 idemlilius

117 1369 228 1426 noster
250 1383 293 1426 ex
317 1371 407 1450 parte
425 1362 596 1428 saluatoris
619 1367 720 1430 nostri
757 1366 877 1430 domini
912 1363 993 1431 Jeeu
1017 1363 1140 1431 Christi
1162 1365 1340 1452 proposuit,
1363 1365 1397 1429 in
1429 1365 1585 1431 memoria
1613 1367 1801 1450 retinentes,

116 1465 221 1531 eidem
238 1465 385 1533 doctrine
408 1477 500 1533 actus
524 1478 557 1534 et
578 1471 858 1536 ccnuersatiouem
875 1481 1015 1536 vestram
1033 1472 1150 1557 iugiter
1164 1469 1355 1552 informetis,
1370 1481 1401 1536 et
1415 1493 1477 1536 non
1495 1481 1619 1537 tantum
1633 1473 1797 1538 auditores

116 1571 220 1655 verbi,
245 1571 303 1638 sed
326 1583 359 1638 et
380 1573 520 1640 faetores
544 1577 652 1662 operis
675 1573 834 1659 existatis,
858 1587 894 1642 ut
917 1578 1009 1642 iuxta
1031 1599 1144 1643 vocem
1169 1576 1336 1664 psalmista
1360 1576 1512 1642 mandata
1536 1577 1659 1643 domini
1681 1577 1722 1644 ad
1752 1577 1798 1644 fa·

115 1679 266 1746 ciendum
291 1701 329 1744 ea
352 1681 385 1766 in
409 1683 565 1746 memoria
587 1679 764 1748 videamini
789 1683 938 1748 retinere.
963 1681 1030 1747 Nos
1053 1684 1139 1748 enim
1163 1681 1204 1747 de
1227 1683 1456 1768 omnipotentis
1487 1681 1540 1748 dei
1570 1684 1689 1768 pietate
1724 1705 1798 1748 con·

114 1783 258 1866 fidimus,
282 1785 444 1872 quoniam,
469 1789 496 1850 si
520 1787 607 1873 quod
627 1809 688 1852 nos
712 1797 872 1874 optamus,
898 1809 1001 1875 usque
1024 1787 1065 1852 ad
1088 1787 1185 1852 finem
1204 1788 1237 1852 in
1262 1787 1425 1853 soliditate
1447 1787 1523 1854 fidei
1549 1787 1708 1854 catholice
1724 1811 1795 1876 per·

115 1891 309 1972 manseritis,
334 1901 366 1957 et
389 1911 487 1978 supra
510 1891 587 1958 dicti
611 1891 670 1960 lilii
690 1894 792 1960 nostri
816 1891 995 1960 doctrinam
1020 1893 1085 1958 fide
1118 1901 1208 1958 recta
1241 1901 1273 1958 et
1304 1894 1481 1958 intentione
1515 1915 1597 1980 pura
1631 1893 1798 1960 uolueritis

115 1993 300 2078 obseruare,
325 1998 528 2084 omnipotens
551 1997 640 2080 deus,
664 2000 719 2084 qui
746 1998 833 2085 cepit
855 1999 888 2062 in
912 1997 1006 2063 vobis
1041 2019 1122 2086 opus
1158 1998 1278 2064 bonum
1311 1997 1465 2085 perficiet,
1501 1997 1727 2086 solidabitque,
1761 2021 1802 2064 ac

115 2099 283 2168 beatorum
307 2101 392 2167 Petri
417 2109 449 2166 et
484 2101 577 2167 Pauli
611 2101 902 2170 interuenientibus
935 2104 1059 2170 meritis
1093 2103 1134 2168 ad
1169 2125 1309 2192 surperna
1341 2103 1486 2170 celorum
1521 2103 1642 2188 gaudia
1676 2106 1709 2170 in
1746 2104 1799 2169 die

115 2207 227 2272 iudicii
251 2209 452 2294 pertingetis.
476 2207 522 2273 Ut
544 2210 643 2294 igitur
667 2209 838 2275 demedio
863 2222 1006 2275 restrum
1031 2210 1135 2274 omnis
1158 2209 1308 2275 hesitatie
1330 2209 1506 2292 auferatur,
1543 2219 1576 2275 et
1606 2208 1713 2274 nullus
1745 2211 1796 2292 sit,

114 2315 168 2398 qui
194 2333 253 2378 vos
275 2337 296 2378 a
316 2313 454 2400 predicti
476 2313 535 2379 filii
560 2317 660 2380 nostri
685 2313 832 2380 doctrina
854 2313 963 2380 valeat
984 2337 1161 2397 remouere,
1186 2337 1245 2381 nos
1268 2337 1317 2396 sa,
1343 2337 1406 2402 que
1430 2337 1581 2403 pereum
1605 2317 1797 2381 auctoritate
1835 2327 1838 2336 '

21 2449 22 2454 ¹
115 2428 226 2484 costra
245 2418 419 2485 salubriter
442 2421 604 2487 intervos
627 2423 772 2487 instituta
795 2433 981 2506 noscuntur,
1006 2423 1197 2487 auctoritate
1219 2419 1401 2508 apostolica
1423 2423 1662 2505 confirmamus,
1680 2431 1712 2486 et
1727 2431 1797 2487 rata

115 2511 148 2590 ct
170 2523 363 2590 inconuulsa
385 2547 575 2612 permanere
598 2527 773 2593 sancimus.

265 2629 310 2695 Et
334 2628 496 2710 Quoniam
521 2631 652 2717 longum
677 2643 735 2715 est,
760 2634 878 2715 omnia,
902 2655 965 2720 que
989 2632 1083 2698 vobis
1102 2631 1241 2699 dicanda
1271 2641 1356 2716 suut,
1385 2635 1529 2721 presenti
1560 2632 1796 2701 abbreuiationi

114 2739 325 2818 committere,
350 2736 562 2824 depositionis
586 2748 619 2804 et
641 2737 803 2804 interdicti
827 2740 1020 2804 seutentiam
1044 2739 1085 2804 ab
1116 2759 1155 2804 ec
1187 2739 1220 2803 in
1251 2737 1411 2826 quosdam
1443 2735 1578 2804 fratrum
1610 2749 1793 2805 nostrorum

113 2848 349 2931 episcoporum,
373 2866 431 2930 pro
455 2866 504 2926 ec,
528 2844 614 2931 quod
638 2846 745 2910 vocati
768 2845 809 2909 ad
833 2844 1015 2910 conciliuno
1039 2847 1108 2910 eius
1129 2843 1287 2910 accedere
1310 2853 1580 2931 contempserunt,
1600 2847 1792 2924 auctoritate

114 2961 224 3014 nostra
246 2949 413 3036 prolatam,
433 2973 452 3014 a
473 2949 567 3014 nobis
591 2951 746 3014 noueritis
770 2961 872 3016 ratam
893 2951 1016 3034 haberi,
1041 2949 1252 3038 depositionis
1276 2951 1309 3015 in
1330 2949 1559 3016 dristinensem
1590 2960 1624 3016 et
1654 2949 1791 3016 dulichi·

115 3077 260 3138 oensem,
282 3047 445 3119 interdicti
468 3073 545 3120 vero
567 3055 600 3119 iu
625 3053 894 3139 catharinensem,
927 3057 1271 3122 excommunicationis
1300 3077 1430 3142 ¹quoque
1463 3049 1666 3138 sententiam,
1697 3079 1795 3144 quam

113 3163 147 3224 in
177 3160 434 3225 catharinensem
470 3161 621 3224 comitem
656 3159 888 3247 promulgauit‚
923 3161 1050 3226 firmam
1083 3161 1252 3243 habemus,
1284 3172 1316 3226 et
1336 3161 1449 3226 donec
1480 3161 1668 3248 episcopum
1701 3183 1796 3228 suum

113 3265 250 3331 ecclesie
273 3277 390 3348 vestre,
415 3268 500 3331 sicut
522 3265 628 3348 debet,
653 3266 786 3356 obedire
810 3269 983 3353 permittat,
1008 3265 1050 3332 ab
1076 3268 1286 3332 uniuersitate
1309 3275 1418 3330 vestra
1451 3267 1648 3353 precipimus
1680 3265 1790 3332 obser·

113 3373 193 3437 uari.
229 3370 282 3437 Ad
314 3371 374 3437 hec
397 3371 571 3456 deuotioni,
595 3394 691 3459 quam
716 3375 748 3438 in
772 3372 935 3438 antedicto
958 3373 1024 3438 lilio
1057 3383 1167 3438 nostro
1191 3371 1286 3438 nobis
1309 3369 1512 3454 exhibuistis,
1548 3371 1709 3457 condigne
1744 3393 1794 3438 re·

113 3477 273 3565 spondere
298 3479 453 3560 volentes,
477 3480 608 3544 nuntios
630 3487 766 3558 vestros,
791 3499 969 3565 quoscum
994 3500 1032 3543 eo
1055 3477 1098 3544 ad
1121 3477 1233 3544 sedem
1262 3475 1473 3564 apostolicam
1505 3475 1701 3560 destinastis,
1736 3477 1790 3542 be·

112 3585 209 3670 nigne
235 3587 425 3670 recepimus,
449 3593 482 3649 et
505 3583 546 3648 ad
571 3606 681 3650 eorum
706 3585 892 3671 petitionem
915 3583 1116 3669 sufraganeis
1141 3582 1278 3650 ecclesie
1309 3592 1418 3648 vestre
1447 3581 1683 3666 mandauimus,
1714 3606 1791 3671 qua-

112 3698 206 3755 tenus
231 3690 289 3756 tibi
314 3690 413 3755 frater
436 3688 688 3777 archiepiscope,
713 3691 797 3755 sicut
810 3688 1055 3775 metropolitano
1072 3711 1140 3774 suc,
1157 3689 1309 3756 studeant
1322 3687 1487 3754 humiliter
1504 3688 1647 3756 obedire.
1671 3689 1793 3756 Datum

111 3794 265 3860 Laterani
289 3794 385 3861 VlllI
410 3795 475 3861 kal.
499 3795 658 3863 tannarii.
682 3795 793 3884 (Bulla
817 3795 968 3884 plumbea
992 3796 1159 3862 Anastasii
1183 3795 1247 3861 ΡΡ.
1268 3793 1342 3878 lv.)

271 3994 300 4052 Ia
322 3995 499 4068 rutupiancg
521 3993 645 4066 bulariia
667 3994 870 4068 dubrcradkcg
893 4002 941 4050 atr.
966 3996 994 4052 ὃ.
1020 3995 1129 4052 Koletti
1152 4013 1170 4050 n
1195 3994 1341 4066 illyricum
1362 3993 1477 4052 Sacrum
1501 3995 1540 4054 Τ.
1564 3993 1613 4054 Vl.
1636 4001 1685 4050 etr.
1711 3995 1761 4052 b'b.
1785 3995 1794 4052 l

112 4081 147 4142 Τ.
173 4083 236 4138 VII.
257 4093 307 4142 etr.
333 4084 404 4142 151,
428 4083 538 4156 priobdi
560 4101 639 4140 samo
662 4083 776 4140 ulcmhe
799 4101 891 4156 eroga
915 4085 1092 4158 papinskoga
1114 4084 1213 4156 pisma,
1237 4082 1245 4138 i
1268 4081 1352 4154 Joffe,
1376 4083 1515 4154 apominje
1540 4101 1577 4156 ga
1597 4083 1652 4139 tao
1668 4075 1793 4141 ulomek.

448 4373 609 4460 LXXI.
636 4375 745 4463 1153.
772 4375 962 4478 iutcseca
989 4375 1202 4478 prosince.
1229 4375 1293 4460 Nc
1311 4337 1459 4458 'Krku

379 4553 473 4617 Peter
495 4557 602 4631 resep
623 4557 708 4617 irriti
730 4555 901 4630 clematitis
922 4559 1075 4615 comestos
1096 4571 1139 4618 er.
1164 4553 1333 4616 Berredikta
1353 4572 1394 4615 aa
1406 4555 1515 4615 Μαι.

267 4746 365 4814 Auno
388 4745 554 4812 salutifere
575 4745 815 4812 incarnacionis
839 4743 962 4811 domini
984 4753 1017 4812 et
1038 4742 1210 4810 saluatoris
1234 4745 1334 4810 nostri
1355 4743 1435 4810 Jesu
1459 4740 1580 4810 Christi
1613 4743 1785 4812 millesimo

111 4855 288 4922 centesimo
310 4853 581 4940 quinquagesimo
603 4853 712 4932 tercio,
733 4849 908 4916 indictione
929 4851 1042 4937 prima,
1066 4871 1178 4916 mense
1208 4848 1400 4916 decembris.
1431 4848 1505 4935 Ego
1532 4849 1646 4916 l'etrus
1678 4850 1790 4918 diuina

112 4959 289 5049 opitulante
313 4957 486 5024 elementia
508 4955 668 5024 veclensis
700 4957 881 5044 episcopus,
914 4955 1083 5042 presidens
1113 4977 1178 5020 una
1208 4977 1280 5020 cum
1313 4953 1467 5022 fratribus
1501 4957 1619 5020 nostris
1651 4954 1786 5023 fratrum

112 5066 297 5134 monasterii
322 5065 423 5132 sancti
449 5062 604 5151 Cipriani,
627 5071 660 5127 et
682 5060 851 5128 Benedicti
875 5081 973 5148 super
995 5059 1130 5142 Padum,
1154 5059 1398 5144 religiositatem
1423 5061 1553 5146 viteque
1584 5058 1784 5129 honestatem

112 5181 354 5262 cognoscentes,
374 5179 407 5235 st
425 5191 536 5236 aarum
561 5168 774 5234 sanctissimis
799 5167 979 5254 disciplinis
1001 5175 1126 5232 nostra
1151 5167 1348 5232 monasteria
1375 5166 1497 5230 institui
1533 5174 1566 5232 et
1600 5166 1631 5230 in
1668 5165 1784 5234 melius

111 5277 242 5366 prouehi
264 5278 443 5364 cupientes,
466 5273 593 5340 illorum
618 5275 683 5338 vite
706 5275 899 5355 matimonio,
923 5271 1040 5358 quibus
1064 5271 1194 5338 domino
1217 5270 1352 5340 adorere
1382 5291 1558 5358 meremus,
1590 5293 1690 5356 penes
1723 5295 1783 5341 uos

1578 5377 1602 5440 4
