4310 5918
554 579 802 664 CLXXXV.
830 581 944 666 1076.
971 581 1030 666 21.
1057 583 1239 687 svlbnjs'.
1266 583 1303 666 U
1330 583 1474 685 Rima

302 741 403 818 Grpar
431 704 502 804 Vll.
529 759 616 820 popo
636 743 796 818 podieljuja
819 744 910 804 Petra
930 745 1122 820 nodbtstupu
1144 746 1380 808 dutroooc'tomu
1403 748 1620 822 nodbistapatt
1638 743 1733 822 ptoe'd.

333 916 511 1002 Gregorius
537 917 707 1003 episcopus
732 939 845 983 seruus
878 939 1043 984 seruorum
1068 916 1130 1000 dei,
1155 918 1273 985 dilecto
1304 921 1337 986 in
1370 917 1499 984 Christo
1532 919 1598 984 tilio
1633 919 1725 984 Petro
1749 917 1852 1012 archil-

162 1023 322 1109 episoopo
345 1035 455 1090 sancte
490 1025 683 1110 pitauritane
718 1023 804 1090 sedis
828 1047 870 1090 ex
903 1027 1032 1090 ciuitate
1057 1024 1219 1090 Labusedi
1243 1028 1275 1090 iu
1298 1049 1399 1110 regno
1423 1023 1620 1106 Zachulmie,
1645 1036 1677 1090 et
1700 1023 1851 1090 Sorhulie

162 1138 194 1190 et
219 1127 383 1194 Tribunis
405 1129 457 1193 vel
480 1130 620 1194 ciuitatis
644 1128 770 1214 Catane,
795 1139 827 1194 et
850 1131 997 1197 Antiuari
1018 1154 1073 1197 seu
1098 1131 1227 1214 Uleinii,
1253 1143 1283 1197 et
1306 1131 1461 1211 Driuasti,
1485 1130 1588 1196 Polati
1613 1141 1709 1217 atque
1732 1130 1852 1196 Scodre

21 1237 23 1332 ,
52 1284 55 1290 .
160 1255 235 1310 enm
270 1235 419 1302 ecclesiis
452 1244 548 1322 atque
581 1235 741 1322 parochiis
777 1258 897 1302 earum.
928 1237 961 1304 Si
994 1248 1140 1324 pastores
1175 1240 1282 1304 onium
1320 1236 1387 1302 sole
1417 1236 1558 1323 geluque
1583 1259 1640 1322 pro
1661 1238 1770 1320 gregis
1794 1258 1851 1301 sue

159 1341 313 1408 custodia
337 1343 389 1409 die
412 1367 451 1408 ac
473 1353 566 1408 nocte
590 1345 733 1408 contenti
757 1353 840 1424 sunt,
866 1353 901 1408 ut
923 1367 963 1408 ne
995 1366 1058 1432 qua
1090 1368 1133 1410 ex
1164 1347 1210 1410 eis
1244 1355 1300 1410 aut
1330 1344 1467 1409 errando
1499 1353 1618 1430 pereat,
1651 1351 1707 1406 aut
1738 1341 1851 1408 ferinis

53 1537 54 1542 η
163 1447 290 1514 laniata
317 1447 477 1514 morsibus
500 1452 643 1536 rapiatur
666 1448 768 1515 oeulis
792 1471 920 1536 semper
935 1450 1156 1536 vigilantibus.
1182 1450 1310 1531 Quanto
1334 1449 1461 1530 sudore,
1488 1459 1671 1538 quantaque
1695 1470 1773 1512 cura
1796 1447 1850 1512 de·

21 1765 22 1780 l

21 1909 23 1924 l

146 1551 298 1620 ‘beamus
323 1579 393 1621 esse
417 1555 590 1643 peruigiles
612 1577 677 1637 nos,
703 1558 756 1642 qui
775 1566 920 1644 pastores
942 1558 1121 1622 animarum
1142 1556 1289 1638 dicimur,
1314 1557 1377 1644 (ut)
1402 1555 1605 1622 attendamus
1622 1564 1653 1619 et
1670 1554 1849 1620 subiectum

159 1660 310 1726 officium
327 1661 460 1727 exibere
477 1685 555 1748 erga
579 1662 756 1726 custodiam
788 1662 981 1727 dominicam
1005 1684 1068 1727 non
1094 1684 1266 1744 cessemus,
1292 1686 1332 1728 ne
1355 1665 1387 1726 in
1414 1662 1466 1728 die
1484 1663 1585 1726 diuini
1610 1662 1769 1726 examinis
1789 1682 1849 1748 pro

158 1766 292 1833 desidia
314 1779 425 1833 nostra
448 1777 522 1834 ante
547 1791 707 1836 summum
741 1779 901 1855 pastorem
934 1768 1129 1854 negligentis
1150 1791 1208 1834 nos
1231 1779 1339 1834 reatus
1364 1771 1537 1850 excruciet,
1563 1767 1647 1833 unde
1673 1767 1766 1832 modo
1790 1764 1846 1830 ho·

160 1875 252 1937 noris
270 1876 457 1938 reuerentia
474 1873 678 1938 sublimiores
707 1875 791 1938 inter
807 1884 930 1940 ceteros
949 1875 1137 1940 iudicamur.
1163 1874 1301 1940 Pallium
1325 1886 1431 1940 autem
1454 1897 1496 1940 ex
1513 1897 1601 1938 more
1617 1873 1658 1938 ad
1676 1874 1847 1938 missarum

159 1979 346 2067 solempnia
378 1979 583 2061 celebranda,
616 1980 673 2046 tibi
705 1983 832 2068 tuisque
865 1981 1108 2047 suecessoribus
1132 1981 1287 2046 utendum
1320 1983 1565 2062 transmisimus,
1591 1980 1676 2068 quod
1701 1978 1759 2044 tibi
1784 2001 1848 2043 non

157 2085 266 2168 aliter,
292 2085 433 2152 ecclesie
457 2095 511 2150 tue
538 2086 717 2173 priuilegiis
737 2089 778 2151 in»
795 2111 852 2153 suo
877 2099 962 2154 statu
986 2087 1202 2169 manentibus,
1226 2088 1381 2154 utendum
1406 2087 1621 2170 concedimus,
1646 2085 1707 2152 nisi
1731 2085 1848 2151 solum-

159 2193 257 2258 modo
284 2196 317 2258 in
341 2195 393 2260 die
417 2205 528 2260 sancte
552 2196 783 2259 resurectionis
818 2193 897 2260 Jesu
922 2195 1043 2261 Christi
1066 2195 1187 2260 domini
1218 2197 1329 2277 nostri,
1363 2196 1432 2259 siue
1461 2194 1661 2258 ascensionis
1685 2201 1717 2256 et
1739 2201 1847 2280 pente-

158 2309 284 2381 costen,
321 2323 377 2365 seu
412 2304 445 2364 in
477 2299 631 2365 natalitiis
664 2311 847 2365 sanctorum
870 2300 1096 2390 apostolorum,
1132 2310 1229 2388 atque
1264 2300 1410 2388 Baptista
1441 2299 1587 2379 Joannis,
1623 2322 1684 2364 nec
1718 2321 1781 2362 non
1814 2299 1846 2362 in

158 2409 385 2492 assumptione
409 2417 521 2472 sancte
543 2407 656 2489 Marie,
670 2404 884 2495 similiterque
908 2410 940 2472 in
965 2407 1086 2472 domini
1102 2409 1203 2472 nostri
1220 2405 1300 2472 Jesu
1323 2406 1442 2472 Christi
1468 2406 1530 2488 die,
1555 2427 1667 2470 verum
1692 2405 1787 2469 etiam
1812 2405 1846 2468 in

157 2512 365 2578 ordinatione
402 2514 678 2598 suffraganeorum
710 2524 848 2596 tuorum,
880 2515 962 2578 sicut
992 2538 1012 2578 a
1044 2514 1137 2580 beato
1171 2512 1330 2598 Gregorio
1361 2512 1590 2600 predecessore
1616 2521 1723 2577 nostro
1750 2510 1844 2575 hnius

158 2619 244 2682 alme
271 2618 360 2686 sedis
385 2619 513 2706 presule
540 2621 698 2686 sancitum
718 2629 776 2700 est,
799 2621 832 2684 in
850 2621 1023 2685 secretario
1039 2621 1172 2685 induere
1189 2619 1320 2706 pallium
1335 2618 1467 2700 debent,
1491 2619 1588 2684 etsie
1613 2617 1654 2682 ad
1676 2618 1845 2683 missarum

159 2723 346 2812 solempnia
369 2726 541 2812 proficisci,
563 2737 594 2790 et
624 2725 703 2789 nihil
735 2725 792 2790 tibi
823 2725 962 2811 amplius
985 2725 1080 2791 liceat
1102 2749 1181 2791 ausu
1206 2728 1375 2792 temerarie
1400 2725 1650 2811 presumptionis
1682 2745 1870 2810 arrogare,

158 2855 257 2918 quam
275 2832 466 2898 decessores
482 2855 751 2920 precessoresque
767 2843 839 2896 tuos
857 2855 930 2896 usos
947 2855 1018 2897 esse
1037 2833 1234 2920 incognitum
1253 2855 1316 2896 non
1336 2831 1447 2914 habes,
1465 2854 1506 2896 ne
1529 2831 1604 2896 dum
1630 2831 1662 2894 in
1685 2831 1846 2894 exteriore

159 2937 274 3005 habitu
308 2939 490 3004 inordinate
518 2939 641 3026 aliquid
673 2940 862 3024 arripiatur,
892 2937 1037 3002 ordinate
1069 2939 1176 3018 etiem,
1209 2961 1273 3025 que
1304 2938 1402 3004 licere
1430 2947 1587 3024 poterant,
1611 2929 1843 3000 ammittantur.

160 3045 341 3110 Hortamur
366 3047 482 3132 itaque,
500 3049 536 3112 ut
557 3067 678 3111 morum
696 3055 822 3110 tuorum
838 3056 1027 3109 ornamenta
1055 3044 1130 3109 huic
1146 3045 1349 3126 conueniant,
1371 3047 1522 3132 quoniam
1547 3044 1643 3108 huius
1667 3043 1843 3106 indumenti

159 3149 264 3216 honor
291 3152 436 3218 modesta
459 3164 587 3218 actuum
619 3153 792 3216 vinacitste
827 3151 1006 3216 seruandus
1039 3162 1096 3233 est,
1122 3154 1273 3238 quatinus
1296 3162 1428 3216 auctore
1452 3150 1513 3216 deo
1537 3151 1708 3236 utrobique
1740 3142 1844 3234 possis

158 3280 229 3322 esse
254 3259 459 3345 conspicuus.
485 3258 599 3345 Itaque
616 3259 683 3322 vita
706 3267 761 3322 tua
784 3257 859 3322 filiis
882 3260 944 3322 tuis
969 3259 1010 3322 eit
1033 3257 1154 3342 regula,
1174 3260 1205 3322 in
1224 3263 1294 3344 ipsa
1318 3260 1344 3322 si
1369 3279 1433 3345 qua
1457 3257 1610 3322 fortitudo
1636 3255 1698 3321 illis
1723 3257 1841 3320 iniecta

160 3373 216 3446 est,
241 3365 396 3450 dirigant,
422 3367 453 3430 in
478 3389 516 3428 ea
539 3365 625 3452 quod
649 3367 827 3430 imittentur
849 3365 1016 3450 aspiciant,
1042 3367 1074 3428 in
1100 3366 1170 3451 ipra
1192 3387 1320 3450 semper
1344 3363 1578 3432 considerando
1604 3365 1780 3452 proficiant,
1804 3372 1840 3426 ut

159 3479 249 3536 tuum
275 3471 424 3538 videatur
444 3493 515 3537 esse
540 3481 612 3558 post
635 3471 729 3536 deum
748 3471 830 3536 bene
857 3470 944 3557 quod
962 3472 1113 3536 vixerint.
1136 3468 1201 3535 Cor
1217 3492 1294 3555 ergo
1317 3493 1421 3558 neque
1445 3493 1608 3557 prospera,
1634 3493 1697 3556 que
1719 3479 1839 3556 tempo·

159 3577 270 3642 raliter
294 3577 512 3659 blandiuntur,
537 3576 702 3656 extollant,
728 3599 831 3664 neque
855 3577 993 3642 adversa
1016 3577 1165 3658 deiciant,
1201 3577 1259 3642 sed
1281 3577 1436 3664 quicquid
1468 3563 1545 3642 illud
1578 3578 1682 3658 fuerit,
1718 3578 1835 3640 virtute

158 3685 313 3767 patientie
336 3683 517 3748 dediscant.
543 3683 674 3748 Nullum
698 3683 782 3770 apud
818 3693 849 3746 te
872 3683 947 3748 odia
965 3682 1079 3763 locum,
1103 3681 1225 3748 nullum
1244 3683 1342 3766 fauor¹
1361 3683 1554 3748 indiscretus
1583 3668 1742 3762 inueniat,
1774 3682 1839 3746 dis·

160 3802 281 3856 cretum
309 3803 339 3854 te
364 3790 438 3854 mali
463 3800 668 3876 cognoscant,
693 3791 852 3854 insontem
867 3789 960 3876 ‘apud
991 3799 1024 3852 te
1056 3789 1250 3875 culpabilem
1268 3791 1412 3874 sugestio
1443 3788 1529 3854 mala
1560 3812 1622 3854 non
1648 3789 1753 3868 faciat,
1787 3779 1845 3851 no·'

162 3907 286 3962 centem
312 3885 414 3981 gratia
437 3920 500 3962 non
522 3907 664 3978 excuset,
681 3899 850 3962 remissum
874 3907 905 3960 te
929 3893 1192 3982 delinquentibus
1210 3918 1271 3960 non
1292 3895 1452 3976 ostendas,
1478 3919 1538 3960 nec
1553 3895 1639 3982 quod
1658 3895 1757 3960 ultum
1776 3918 1838 3958 non

161 4002 265 4084 fuerit,
283 4003 460 4088 perpetrari
477 4005 664 4090 permittas;
682 4004 723 4065 sit
745 4003 823 4068 inte
847 4011 879 4064 et
895 4000 968 4066 boni
988 4002 1125 4086 pastoris
1141 4000 1288 4081 dulcedo,
1306 4004 1349 4066 sit
1363 4013 1395 4066 et
1411 4002 1522 4068 iudicii
1540 4025 1654 4068 seuera
1670 4001 1837 4082 districtio,

161 4129 257 4174 unum
282 4107 406 4172 seilicet
429 4109 514 4195 quod
539 4111 726 4174 innocenter
759 4108 921 4172 viuentem
951 4107 1067 4188 foueat,
1091 4106 1177 4172 aliud
1203 4107 1287 4194 quod
1314 4109 1473 4194 inquietos
1497 4107 1705 4192 corrigendos
1723 4132 1742 4169 a
1759 4131 1831 4192 pra·

161 4216 258 4280 nitate
281 4227 475 4300 compescat.
500 4214 563 4279 Sed
588 4215 740 4302 quoniam
765 4235 996 4300 nonnunquam
1021 4215 1256 4298 prepositorum
1279 4212 1378 4295 zelus,
1403 4215 1478 4279 dum
1494 4213 1660 4279 districtus
1678 4213 1836 4278 malorum

163 4321 229 4386 vult
240 4321 363 4386 vindex
376 4324 525 4402 existere,
542 4323 703 4386 transitio
722 4311 944 4384 crudelitatem
962 4322 1178 4402 correctionis,
1192 4321 1271 4386 iram
1292 4324 1324 4386 in
1337 4320 1455 4386 iudicio
1471 4321 1607 4400 relicua,
1624 4331 1656 4384 et
1667 4343 1837 4385 censuram

162 4427 330 4515 discipline
354 4429 401 4492 sic
424 4437 524 4505 utere,
550 4429 636 4492 utin
662 4426 788 4512 eulpam
813 4426 920 4507 ferias,
953 4435 1026 4489 eta
1050 4425 1220 4492 dilectione
1252 4449 1460 4513 personarum
1492 4450 1572 4513 quas
1603 4429 1737 4512 corrigis
1774 4449 1835 4492 non

162 4534 304 4598 recedes.
329 4531 570 4598 Misericordem
588 4545 618 4596 te
643 4543 736 4617 prout
752 4533 853 4596 virtus
870 4533 987 4618 petitur
1004 4534 1035 4596 in
1059 4532 1207 4598 omnibus
1225 4532 1330 4614 exibe,
1350 4535 1490 4618 opressis
1508 4533 1663 4598 deffensio
1678 4545 1731 4598 tus
1754 4535 1836 4597 iuste

164 4639 340 4720 subueniat‚
365 4629 618 4724 opprimentibus
641 4639 798 4703 modestie
815 4641 896 4702 ratio
913 4637 1121 4718 contradicat,
1144 4637 1261 4703 nullius
1278 4639 1393 4704 faeiem
1414 4641 1494 4704 citra
1511 4640 1662 4704 iustitiam
1686 4641 1837 4726 accipias,

165 4745 284 4810 nullum
309 4756 498 4832 querentem
522 4746 675 4810 iustitiam
700 4745 870 4830 despicias,
895 4743 1041 4808 custodia
1064 4745 1096 4808 in
1120 4755 1151 4808 te
1175 4747 1329 4830 equitatis
1361 4743 1508 4824 excellat,
1543 4757 1578 4811 ut
1610 4767 1670 4810 nec
1697 4745 1833 4810 diuitum

166 4853 305 4936 potantia
328 4873 387 4916 sue
404 4851 495 4938 apud
519 4875 577 4916 vos
601 4862 692 4917 extra
716 4851 801 4916 viam
845 4850 979 4915 suadeat
1008 4852 1143 4914 rationis
1166 4851 1289 4932 ardere,
1314 4875 1374 4916 nec
1398 4875 1555 4938 pauperes
1579 4873 1636 4917 sua
1658 4853 1757 4917 faciat
1780 4851 1835 4918 hu·

166 4957 277 5023 militas
307 4957 490 5044 desperare,
526 4960 676 5045 quatinus
707 4958 768 5023 deo
793 4958 966 5022 miserante
990 4955 1062 5022 talis
1086 4959 1189 5042 possis
1214 4959 1363 5041 existere,
1388 4957 1515 5046 qualem
1538 4982 1631 5024 saera
1654 4957 1748 5024 lectio
1766 4982 1834 5045 pre-

165 5065 239 5149 cipit
260 5064 391 5130 dieene:
413 5073 537 5152 oportet
560 5066 747 5150 episcopum
772 5061 1085 5151 irreprehensibilem
1111 5087 1193 5130 esse.
1217 5063 1280 5130 Sed
1305 5065 1354 5130 his
1386 5065 1482 5130 rebus
1506 5067 1552 5129 uti
1577 5063 1748 5130 salubriter
1781 5087 1834 5152 po-

166 5172 246 5251 teris,
271 5173 300 5235 si
325 5171 510 5256 magistram
535 5169 722 5236 charitatem
746 5169 907 5250 habueris,
932 5191 1028 5256 quam
1067 5173 1123 5258 qui
1158 5181 1311 5259 sequutus
1334 5171 1440 5249 fuerit,
1464 5193 1484 5235 a
1507 5181 1594 5236 recto
1612 5173 1738 5236 tramite
1771 5193 1834 5236 non

167 5277 300 5344 recedat.
318 5277 404 5343 Ecce
428 5277 526 5342 frater
549 5276 747 5358 charissime,
771 5277 855 5341 inter
878 5261 1064 5340 multa'alia
1085 5278 1148 5342 ists
1171 5287 1244 5342 sunt
1266 5277 1446 5354 sacerdotii,
1470 5279 1529 5342 iste
1554 5287 1628 5342 sunt
1650 5275 1748 5362 pallii,
1773 5299 1835 5362 que

166 5382 189 5444 si
212 5383 354 5448 studiose
379 5385 571 5466 seruaueris,
595 5383 679 5469 quod
704 5381 782 5447 foris
800 5383 962 5468 accepisse
989 5382 1176 5463 ostenderis,
1195 5384 1280 5446 intus
1297 5381 1438 5448 habebis.
1456 5381 1571 5447 Fidem
1587 5392 1693 5452 autem
1711 5380 1835 5470 (quam)
