4292 5926
322 378 365 444 36

324 569 531 656 molendinis3
555 569 705 654 habendi,
732 563 981 658 possidendique
1005 579 1195 658 potestatem
1220 571 1377 653 obtineas,
1402 571 1447 636 uti
1466 595 1487 635 a
1510 571 1792 653 predecessoribus
1824 575 1917 656 meis,
1942 573 2008 640 co-

322 675 460 758 lomano,
485 674 648 762 Stephano
677 686 709 740 et
732 677 859 741 nouiter
881 700 902 740 a
922 686 1013 762 patre
1037 697 1108 742 meo
1140 675 1229 758 Bela‚
1261 679 1330 741 iure
1362 676 1423 742 fuit
1454 677 1555 762 regali
1587 701 1751 761 concessa,
1783 681 2007 744 annuentibus

324 783 447 846 cunctis
471 782 564 846 nobis
588 783 748 868 episcopis
769 784 838 847 siue
863 781 1061 869 proceribus,
1093 782 1270 868 predictam
1301 776 1534 848 institutionem
1570 785 1757 850 sanctimus.
1793 785 1838 850 Et
1866 787 1894 850 si
1930 788 2007 872 quis

323 898 435 953 centra
457 897 599 952 nostrum
625 886 828 972 priuilegium
852 887 975 974 aliquid
998 887 1147 974 frangere
1182 888 1235 956 vel
1259 889 1444 956 machinare
1477 889 1625 974 voluerit,
1649 892 1768 977 regalis
1792 896 1902 979 gracie
1940 894 2006 979 pri-

324 1003 417 1056 uetur
440 991 606 1058 beneficio.
978 1005 981 1010 '

473 1192 572 1264 Prepis
595 1211 614 1247 u
636 1193 803 1264 sleetelrom
826 1193 936 1252 arhisu.
962 1193 1061 1249 Mensa
1083 1193 1262 1264 episcopalis.

918 1484 990 1566 nr.
1019 1485 1132 1567 1144.
1157 1483 1194 1567 u
1225 1483 1410 1588 spuere.

323 1667 434 1727 Ornoto
450 1683 521 1742 pop,
546 1665 653 1737 dareris
675 1667 848 1722 eomostanu
870 1679 913 1723 so.
935 1663 1104 1723 Benedikta
1126 1662 1295 1743 udpljetu,
1323 1665 1413 1737 metu
1438 1667 1545 1740 acmh'u
1557 1667 1619 1740 ped
1634 1667 1743 1736 Kilona
1759 1684 1794 1727 so
1807 1671 1884 1728 seire
1898 1671 2009 1743 svojira

528 1763 539 1790 ‘
576 1770 729 1830 imutlrom.
752 1770 882 1842 Kassida
904 1771 1026 1842 optsaju
1048 1783 1080 1828 se
1101 1769 1196 1842 medie
1220 1770 1410 1846 dorouanopa
1431 1789 1470 1844 po
1492 1773 1593 1845 saloma
1613 1773 1746 1847 posterla.

478 1960 517 2025 In
537 1942 666 2022 nomine
690 1965 801 2021 sancte
822 1966 855 2022 et
876 1955 1043 2021 indiuiduo
1066 1957 1230 2022 trinitatis.
1254 1956 1350 2023 Anno
1374 1960 1473 2044 igitur
1496 1982 1620 2026 sacram
1645 1971 1814 2050 postquam
1849 1960 2005 2028 Christus

325 2091 453 2134 carnem
479 2066 616 2152 sumpsit
638 2086 681 2128 ex
704 2065 839 2148 uirgine.
862 2063 896 2126 M
910 2061 953 2150 (O
976 2060 1241 2152 quadralgesimo
1265 2063 1303 2129 V.
1327 2063 1403 2151 (IV)
1428 2088 1484 2151 per
1508 2066 1684 2132 indictione
1704 2089 1781 2131 vero
1798 2067 1873 2134 Vll.
1905 2069 2005 2134 'l'em-

321 2175 454 2263 poribus
488 2183 594 2236 autem
626 2179 782 2254 regnante
817 2166 938 2250 Genua,
968 2167 1111 2252 Ungsrie
1145 2191 1239 2254 rege,
1262 2180 1359 2256 atqua
1391 2169 1511 2236 Bellosi
1546 2173 1630 2256 bani,
1667 2176 1700 2237 in
1731 2175 1861 2238 ciuitate
1891 2187 2005 2240 nostre
2063 2213 2066 2216 ·

328 2280 486 2368 spalatina
506 2277 616 2342 sedem
640 2274 726 2340 besti
750 2273 882 2338 Domnii
907 2283 1039 2356 regente
1073 2272 1220 2339 Gaudius
1241 2273 1517 2362 archiepiscopus,
1540 2280 1693 2342 comitatu
1720 2301 1795 2342 vero
1826 2278 1998 2344 obtinente

310 2385 522 2474 t(Oerne)oha
544 2385 641 2471 prior,
663 2379 726 2445 hoc
749 2381 978 2467 conscriptum,
1002 2391 1037 2444 ut
1060 2380 1196 2466 posteris
1219 2379 1261 2444 ad
1285 2383 1472 2446 memoriam
1495 2381 1596 2447 fieret.
1617 2377 1775 2468 Magnum
1792 2395 1841 2448 est
1863 2388 2002 2471 prouisi-

320 2496 391 2560 onis
415 2489 584 2557 consilium
607 2509 683 2552 suas
706 2495 802 2550 antea
830 2484 980 2550 ordinare
1015 2507 1054 2549 ao
1087 2485 1275 2573 dispensare
1311 2486 1508 2571 facultatula,
1542 2488 1618 2574 (sic)
1654 2491 1743 2576 prius
1778 2512 1875 2576 quam
1912 2503 2001 2556 metu

313 2601 434 2666 mortis
455 2585 528 2684 quis
552 2595 654 2680 possit
675 2613 823 2678 arguere.
847 2590 973 2654 Idcirco
997 2611 1058 2674 ego
1082 2587 1216 2656 Girnota
1236 2641 1242 2654 .
1264 2641 1275 2680 .·
1300 2601 1332 2656 et
1352 2592 1438 2678 qued
1462 2614 1526 2658 non
1551 2595 1631 2658 meis
1662 2596 1788 2660 meritis
1822 2595 1881 2661 sed
1912 2597 2001 2662 dono

321 2707 429 2792 gracie
454 2703 585 2788 spiritus
609 2700 711 2763 sancti
732 2696 816 2764 infre
841 2694 1072 2762 sacerdotalem
1097 2719 1265 2762 numerum
1290 2697 1440 2784 dignetur
1468 2697 1627 2784 presbiter
1646 2698 1816 2781 aduocare,
1834 2699 2001 2790 (corpore)

282 2812 433 2896 ⁷‚.ssnus‚
457 2821 489 2874 et
511 2830 589 2872 sana
613 2813 729 2886 mente,
751 2807 942 2889 integroque
966 2801 1109 2885 consilio,
1134 2801 1233 2874 nichil
1254 2805 1285 2866 in
1311 2825 1362 2868 me
1386 2803 1582 2869 infirmitatis
1612 2805 1664 2870 vel
1691 2809 1803 2872 mortis
1825 2806 1999 2889 adhibens,

307 2941 397 2983 snam
421 2916 470 3002 (ut
491 2911 574 2998 dixi)
599 2911 757 2997 superius,
782 2931 879 2974 sanus
903 2919 935 2974 et
957 2929 1036 2972 sana
1059 2919 1173 2982 mente¹
1198 2907 1298 2972 fretus
1322 2908 1432 2973 diuino
1456 2907 1601 2992 consilio,
1624 2909 1711 2996 apud
1740 2921 1860 2977 memet
1893 2915 2001 2999 ipsum

312 3025 466 3104 ¹tructaui²
491 3015 762 3106 quemadmodum
787 3013 904 3079 debeat
926 3012 1102 3078 obseruari.
1127 3009 1397 3101 H(eredita)rium
1419 3036 1496 3078 vero
1520 3023 1667 3080 sanctum
1691 3014 1903 3082 Benedictum
1920 3021 2002 3084 meis

320 3153 378 3197 seu
401 3147 543 3192 meorum
569 3125 751 3208 genitorum
773 3121 940 3207 acquisitis
963 3118 1070 3183 lacere
1094 3117 1248 3204 disposui.
1273 3119 1355 3184 Nem
1378 3141 1437 3206 pro
1460 3119 1603 3185 remedio
1621 3123 1727 3185 anime
1743 3143 1822 3203 mee,
1840 3145 2003 3190 meorum-

320 3259 383 3325 que
407 3233 588 3320 genitorum
612 3221 796 3292 esse'credo
818 3222 974 3310 quicquid
990 3227 1204 3290 sacrosanctis
1219 3226 1425 3310 preuenimus
1441 3227 1596 3296 ecclesiis.
1621 3225 1689 3290 Neo
1704 3224 1820 3292 abesse
1838 3229 2002 3314 existimo,

319 3341 407 3432 quod
430 3336 550 3402 ibidem
575 3356 633 3420 pro
656 3333 742 3397 hona
767 3330 933 3395 voluntate
956 3329 1162 3412 conferimus,
1186 3331 1241 3394 ubi
1262 3352 1320 3395 nos
1343 3331 1376 3394 in
1399 3343 1554 3418 perpetuo
1589 3330 1754 3397 reddimus
1782 3355 2002 3420 possessores.

312 3447 415 3518 Unde
436 3443 499 3508 hoc
521 3439 634 3505 ordine
657 3447 803 3502 sanctum
828 3434 1040 3504 Benedictum
1062 3435 1219 3518 heredito,
1243 3435 1367 3500 seilicet
1390 3435 1578 3520 hereditate,
1602 3461 1666 3524 que
1690 3440 1722 3503 in
1746 3437 1825 3522 loco,
1842 3441 1899 3526 qui
1915 3441 2000 3507 scla-

321 3523 438 3632 uonica
460 3551 572 3634 lingna
596 3546 658 3610 Pot
684 3543 774 3610 Ciloo
798 3546 989 3626 nominatur,
1014 3565 1109 3628 quam
1137 3542 1212 3607 olim
1243 3554 1463 3631 antecessores
1493 3544 1556 3607 mei
1584 3566 1605 3607 a
1639 3545 1706 3609 suis
1740 3547 2003 3612 antecessoribus

317 3637 530 3752 possiderant.
555 3653 704 3737 Denique
728 3672 805 3715 vero
827 3651 889 3737 ipsi
918 3672 977 3736 pro
1008 3652 1075 3734 suis
1104 3649 1275 3714 animabus
1306 3671 1501 3736 suorumque
1534 3648 1757 3715 defunctorum
1788 3652 1821 3714 in
1853 3652 2001 3738 predicto

317 3764 514 3834 monasterio
539 3756 767 3845 perpetualiter
790 3756 1063 3822 condonauerunt.
1088 3754 1160 3840 Ego
1184 3765 1290 3820 autem
1323 3778 1385 3820 non
1418 3763 1540 3819 tantum
1573 3757 1677 3841 ipsum
1706 3758 1903 3822 territorium
1940 3758 2000 3824 sed

318 3875 420 3940 eciam
445 3874 561 3933 cuncta
583 3885 654 3927 mea
678 3861 730 3926 vel
754 3883 897 3924 meorum
921 3864 1102 3945 genitorum
1124 3863 1284 3949 acquisita
1308 3861 1439 3925 mobilia
1463 3871 1495 3926 et
1505 3861 1689 3946 inmobilia,
1714 3871 1823 3948 empta
1853 3885 1912 3928 seu
1943 3863 2000 3930 do-

317 3991 402 4060 nata,
426 3977 548 4049 domos,
572 3988 677 4055 agros,
701 3969 825 4050 vineas,
848 3989 961 4031 aurum
986 3967 1037 4032 vel
1061 3978 1240 4054 argentum,
1264 3970 1333 4034 sine
1356 3966 1541 4049 oruccelles,
1565 3989 1604 4032 ac
1628 3989 1679 4032 me
1704 3969 1807 4054 ipsum
1826 3971 1858 4032 in
1884 3969 2001 4035 eodem

318 4083 512 4152 monasterio
537 4076 637 4158 trado,
662 4085 779 4154 tamem
802 4083 838 4137 ut
860 4073 936 4137 dum
961 4073 1071 4138 diuina
1094 4076 1196 4159 pietas
1220 4073 1280 4138 hae
1304 4075 1336 4138 in
1352 4071 1467 4166 ‚fragili
1492 4075 1558 4137 vita
1589 4074 1700 4138 viuere
1731 4073 1925 4160 permiserit,
1956 4075 2001 4140 de

320 4215 395 4278 sepe
420 4189 506 4251 dicto
530 4182 722 4247 monasterio
746 4178 864 4244 adiutis
898 4179 1050 4262 consiliis,
1082 4179 1212 4243 auxiliis
1247 4189 1279 4244 at
1309 4179 1600 4244 sustentacionibus
1633 4201 1704 4243 esse
1742 4179 1869 4244 debeat
1908 4181 2002 4246 Post·

319 4276 421 4387 quam
437 4316 514 4360 vero
538 4292 644 4354 anima
667 4312 686 4352 a
709 4307 841 4372 corpore
865 4284 1045 4370 egredierit,
1071 4286 1179 4348 omnia
1202 4305 1282 4365 mea,
1306 4283 1359 4349 vel
1383 4305 1527 4349 meorum
1559 4285 1750 4370 genitorum,
1771 4289 1887 4372 quein
1911 4296 2003 4372 pote-

318 4417 399 4472 state
423 4403 491 4464 visa
507 4395 634 4476 fuerint,
648 4395 680 4458 in
694 4393 757 4457 iam
775 4391 860 4456 dicto
879 4393 1070 4455 monasterio
1087 4389 1316 4476 perpetualiter
1331 4399 1549 4476 permaneant.
1573 4389 1709 4476 lnsuper
1723 4401 1829 4454 eutem
1846 4393 2003 4458 omnibus

318 4525 383 4577 tarn
408 4504 570 4588 modernis
594 4523 689 4587 quam
714 4508 746 4562 et
769 4497 885 4562 futuris
909 4495 969 4560 sub
993 4495 1054 4560 hae
1084 4518 1164 4560 voce
1195 4505 1366 4579 contestor,
1398 4495 1484 4582 quod
1513 4497 1546 4560 in
1577 4496 1648 4581 ipso
1679 4497 1839 4562 territorio
1872 4497 2001 4564 nullum

315 4635 461 4682 meorum
487 4607 640 4672 heredum
663 4614 720 4670 aut
744 4613 899 4668 extranea
923 4624 1061 4688 persona
1087 4611 1211 4689 partem
1235 4600 1288 4666 vel
1311 4603 1498 4667 societatem
1530 4601 1637 4684 habet,
1669 4601 1877 4691 sed-absque
1908 4607 2004 4670 omni

318 4717 501 4802 calumpnia
525 4713 658 4776 alicuius
682 4730 819 4795 persone
849 4709 881 4771 in
912 4707 1057 4793 predicto
1088 4709 1282 4773 monasterio
1308 4755 1316 4772 .
1342 4758 1348 4772 .
1373 4709 1453 4773 meis
1483 4707 1753 4791 antecessoribus,
1785 4710 1870 4774 sieut
1900 4733 2006 4797 supra

320 4827 475 4910 scriptum
501 4820 649 4897 continet,
675 4815 826 4878 traditum
851 4835 923 4878 esse
947 4813 1065 4878 sciatis.
1092 4813 1141 4878 Ita
1164 4822 1279 4899 stege
1303 4812 1468 4878 confirmo.
1492 4813 1527 4877 si
1551 4813 1623 4898 quis
1653 4812 1740 4898 quod
1767 4813 1863 4898 absit,
1895 4813 2005 4881 fretus

317 4933 370 4998 vel
394 4927 567 4994 infamatus
591 4919 753 4988 diabolice,
775 4919 898 5005 spiritu,
923 4941 994 4983 cum
1019 4919 1133 4984 fraude
1156 4929 1188 4984 et
1212 4918 1296 4984 malo
1319 4919 1450 5004 ingenio
1472 4918 1577 5004 ipsam
1612 4915 1822 4985 hereditatem
1854 4944 1875 4985 a
1905 4943 2002 5008 sepe·

316 5040 403 5104 dicto
427 5029 621 5096 monasterio
644 5025 808 5090 abstraere
833 5024 981 5108 voluerit,
1006 5048 1044 5090 ac
1067 5025 1219 5111 paginam
1242 5023 1326 5089 hano
1357 5023 1452 5090 huius
1483 5033 1592 5089 nostre
1623 5025 1839 5091 ordinacionis
1871 5025 2003 5095 violare

315 5138 530 5228 temptauerit,
554 5133 672 5197 habeat
693 5133 771 5195 iram
793 5140 909 5195 cuncta
932 5129 1070 5217 potentis
1091 5128 1153 5212 dei,
1176 5132 1210 5196 et
1232 5129 1490 5194 maledictionem
1514 5127 1635 5196 COOX
1658 5138 1690 5195 et
1712 5141 1784 5196 octo
1808 5141 2003 5200 sanctorum

312 5258 440 5338 patrum
465 5253 497 5310 et
520 5240 560 5306 de
582 5238 753 5304 duodecim
775 5235 938 5322 apostolis,
962 5245 1058 5322 atque
1081 5255 1155 5300 cum
1178 5233 1266 5311 Juda
1288 5235 1409 5300 domini
1433 5234 1596 5320 proditore
1619 5237 1653 5300 in
1680 5234 1842 5303 infernum
1873 5243 2005 5305 manci-
