4292 5926
1719 452 1825 554 Ι33

137 635 258 702 fratres
282 633 420 722 nostros,
444 648 539 728 prout
558 639 675 722 decuit,
699 640 938 706 honorauimus.
965 639 1108 706 Pallcum
1134 663 1273 728 quoque,
1310 641 1463 706 videlicet
1496 641 1689 728 pontificalis
1724 641 1823 708 officii

135 742 382 828 plenitudinem,
407 743 597 810 humilitatis
621 755 653 810 et
678 747 798 810 iustitie
822 747 959 830 signum,
984 745 1160 812 secundum
1196 746 1283 832 quod
1306 747 1589 834 predecessoribus
1614 751 1680 812 suis
1702 771 1722 813 a
1745 749 1823 814 sade

134 849 314 934 apostolica
337 869 525 916 concessum
549 860 608 933 est,
633 851 695 916 sibi
720 851 922 916 indulsimus.
948 852 1057 939 Ipsum
1081 855 1189 938 itaque
1212 875 1285 918 cum
1317 855 1423 938 gratia
1458 853 1544 918 sedis
1578 851 1754 940 apostolice
1789 865 1822 919 et

135 953 318 1020 litterarum
341 965 522 1022 nostrarum
547 959 772 1043 prosecutione
792 956 834 1021 ad
866 980 923 1022 vos
959 960 1169 1041 remittentes,
1202 961 1446 1024 uniuersitatem
1482 969 1624 1024 vestram
1660 983 1821 1044 rogamus,

134 1081 315 1141 monemus,
341 1071 373 1126 et
397 1061 556 1127 monendo
581 1063 787 1149 precipimus,
812 1065 963 1150 quatinus
979 1071 1133 1150 tanquam
1150 1073 1273 1150 patrem
1294 1075 1326 1129 et
1342 1073 1503 1152 pastorem
1522 1075 1665 1129 vestrum
1683 1053 1823 1150 benigne

133 1163 321 1258 recipiatis,
337 1166 489 1254 diligatis,
511 1177 543 1234 st
573 1167 750 1251 honoratis,
785 1181 817 1234 ct
851 1169 994 1236 debitam
1030 1171 1059 1235 ei
1090 1170 1307 1236 obedientiam
1342 1180 1374 1236 et
1408 1172 1623 1237 reuerentiam
1658 1169 1822 1236 humiliter

133 1270 328 1338 exhibeatis.

290 1379 339 1444 De
352 1378 608 1446 ordinationibus
623 1379 667 1468 (i)
679 1403 756 1446 vero
774 1380 906 1466 Rogerii
921 1405 940 1445 a
958 1381 1054 1447 Petro
1071 1381 1190 1447 Leonis
1208 1433 1214 1447 .
1233 1433 1240 1446 .
1258 1405 1371 1468 preces
1388 1382 1457 1446 eius
1478 1381 1590 1448 audire
1605 1383 1818 1470 nequinimus,

136 1485 292 1568 quoniam
318 1487 350 1548 in
374 1485 520 1568 concili0,
542 1486 628 1572 quod
652 1488 685 1550 in
710 1485 844 1551 basilica
868 1486 1038 1552 saluatoris
1063 1485 1192 1552 dominc
1216 1488 1399 1574 presidente
1421 1485 1665 1571 celebrauimus',
1690 1488 1819 1552 ordina·

133 1590 241 1652 tiones
265 1587 308 1652 ab
331 1591 411 1676 ipso,
435 1601 467 1655 et
488 1590 561 1656 aliis
584 1591 734 1657 hereticis
759 1603 791 1656 at
812 1593 1004 1658 scismaticis
1032 1591 1146 1674 iactas,
1170 1595 1400 1658 euacuauimus
1435 1602 1467 1658 et
1500 1594 1607 1658 irritas
1642 1615 1713 1658 esse
1745 1615 1818 1656 cen·

132 1697 269 1759 suimus.
294 1694 415 1760 Datum
436 1698 469 1760 in
494 1705 600 1763 monte
622 1696 795 1764 Tiburtino
818 1697 878 1763 Ill.
902 1696 974 1763 idus
997 1697 1099 1765 Junii.

285 1895 315 1949 Ia
335 1895 511 1969 rnkcpianog
534 1895 659 1970 bularija
681 1896 885 1970 dubrnradkcg
901 1905 952 1956 atr.
978 1895 1051 1956 259.

431 2187 605 2270 XLVII.
633 2190 740 2274 1142.
770 2192 828 2282 11.
855 2189 1012 2317 lipuju.
1039 2189 1104 2275 Nu
1130 2189 1246 2275 brdu
1272 2191 1522 2278 'tiburtinu

13 2449 15 2460 Ι
128 2367 289 2428 Iaoceucr'c
312 2367 361 2429 Il.
380 2387 474 2442 popa,
491 2369 607 2443 patilla
626 2367 753 2444 Andriji
773 2344 966 2442 nadtbtup'u
988 2343 1225 2430 dubrooudlromu
1246 2371 1464 2444 muncupata·
1494 2369 1587 2446 plaid,
1606 2371 1815 2445 potvrdjujutr'

618 2473 621 2478 ’
757 2475 927 2549 ,scolastica
949 2477 1070 2550 ujcpooe
1084 2477 1180 2536 ortua

281 2662 491 2728 Innocentius
515 2685 628 2728 seruus
652 2683 819 2729 seruorum
843 2661 905 2744 dei,
929 2661 1109 2728 venerabili
1133 2661 1225 2727 fratri
1254 2661 1385 2728 Andree
1416 2662 1550 2748 Ragusii
1583 2663 1726 2728 ciuitatis
1757 2687 1811 2728 an-

13 2763 15 2834 l
127 2769 233 2842 rituti,
256 2771 391 2856 eiusque
415 2768 657 2834 successoribus
681 2771 834 2834 canonice
861 2768 1091 2856 promouendis
1121 2770 1153 2832 in
1187 2777 1385 2854 perpetuum.
1422 2767 1476 2832 Ex
1511 2770 1684 2834 commisso
1719 2768 1813 2834 nobis

73 2915 83 2936 .
126 2874 328 2960 apostolatus
352 2875 468 2956 officio,
490 2875 643 2940 iratribus
666 2879 784 2940 nostrie
808 2885 872 2940 tam
897 2877 1022 2957 vicinis,
1042 2897 1139 2961 quam
1164 2873 1259 2958 longe
1283 2875 1406 2960 positis,
1431 2885 1564 2960 paterna
1587 2898 1647 2940 nos
1661 2877 1815 2940 conuenit

13 2967 15 3054 f
127 2982 315 3066 prouisione
340 2981 520 3064 consulere,
543 2991 575 3046 et
596 2979 741 3045 ecclesiis
765 2983 797 3046 in
820 2979 938 3068 quibus
967 2981 1099 3045 domino
1131 2978 1269 3045 militare
1305 2989 1491 3062 noscuntur,
1525 3003 1617 3044 suam
1657 2982 1811 3046 iustitiam

127 3109 336 3168 conseruare,
359 3099 395 3151 ut
418 3085 689 3173 quemadmodum
712 3085 903 3172 disponente
928 3084 1058 3150 domino
1081 3084 1197 3150 fratres
1222 3107 1377 3149 vocamur
1399 3087 1433 3156 in
1458 3086 1596 3167 nomine,
1620 3086 1666 3150 ita
1698 3084 1813 3151 nihilo·

13 3247 15 3278 ,
127 3196 237 3258 minus
260 3194 497 3280 conprobemur
521 3196 680 3282 inopere.
707 3194 804 3258 luetis
827 3193 935 3280 itaque
957 3191 1228 3279 postulationibus
1251 3193 1314 3256 tuis
1338 3189 1449 3256 debita
1469 3189 1668 3275 benignitate
1683 3203 1810 3275 gratum

13 3289 15 3314 '
125 3300 349 3384 impertientes
371 3323 550 3382 assensum,
575 3311 719 3364 sanctam
743 3300 967 3384 Raguseorum
991 3297 1171 3380 ecclesiam,
1197 3299 1249 3362 cui
1273 3296 1336 3362 deo
1361 3307 1491 3362 auctore
1513 3320 1643 3383 preesse
1666 3296 1812 3362 dinosce-

13 3399 14 3454 ἒ
126 3407 183 3486 ris,
207 3405 270 3468 sub
293 3405 379 3469 beati
403 3406 489 3470 Petri
513 3417 545 3470 et
569 3417 679 3470 nostra
702 3406 900 3492 protectione
919 3405 1123 3490 suscipimus,
1147 3413 1180 3468 et
1203 3404 1361 3489 presentis
1386 3391 1694 3489 scripti'priuilegio
1726 3426 1810 3468 corn-

13 3559 14 3562 ι
126 3511 304 3574 munimus.
329 3510 414 3575 Sane
437 3533 647 3597 quascunque
673 3509 840 3597 parochias
864 3510 977 3581 eadem
1003 3510 1141 3576 ccclesia
1163 3509 1281 3574 vestris
1301 3508 1500 3591 temporibus
1525 3509 1608 3572 iuste
1624 3508 1808 3594 possedisse

13 3615 14 3628 ¹
124 3615 338 3700 dignoscitur,
358 3616 416 3680 tibi
441 3617 568 3703 tuisque
592 3617 833 3682 successoribus
857 3618 1000 3702 integras
1025 3603 1214 3702 permanere
1250 3615 1431 3696 sancimus3
1463 3613 1587 3679 seilicet
1616 3613 1808 3680 Zachulmie

13 3799 15 3828 Ι
124 3743 274 3806 regnum,
299 3731 330 3787 et
351 3721 658 3806 reguumseruilie,
683 3723 906 3808 Tribuuieque
929 3743 1075 3806 regnum,
1107 3721 1270 3800 ciuitatem
1302 3741 1433 3805 quoquc
1464 3718 1721 3784 catharinensem
1753 3742 1810 3784 seu

13 3839 15 3898 ξ
122 3825 223 3909 Rosa,
247 3838 343 3912 atque
366 3827 610 3892 buduanensam
633 3827 826 3910 Auarorum,
851 3826 1072 3891 ulicinienssm
1097 3835 1194 3910 atque
1217 3824 1435 3906 scodrensem,
1461 3847 1520 3889 nec
1541 3847 1606 3888 non
1629 3824 1809 3891 driuasten-

13 3945 15 4012 ξ
123 3955 194 3996 sem
219 3943 252 3996 et
275 3931 568 4018 polatensemcum
592 3933 741 4014 abbatiis,
766 3932 913 3998 ecclesiis
935 3941 967 3996 et
989 3931 1151 4018 parochiis
1176 3953 1295 3996 aarum.
1330 3929 1481 3996 Preterea
1509 3931 1645 4012 decime,
1683 3953 1810 4017 posses-

13 4023 15 4090 l
123 4040 244 4116 aiones,
268 4039 388 4126 predia,
414 4062 471 4120 seu
495 4048 602 4104 cetera
625 4039 720 4124 bona,
744 4061 808 4126 que
831 4039 902 4123 ipsa
922 4037 1062 4104 ecclesia
1086 4038 1119 4101 in
1139 4036 1295 4118 ecclesiis,
1325 4037 1358 4101 in
1394 4035 1490 4116 villis,
1525 4039 1559 4100 in
1597 4034 1718 4100 colonis
1754 4059 1810 4102 seu

13 4129 14 4168 l
123 4143 312 4224 colonabus,
337 4146 369 4208 in
393 4145 480 4228 agris
504 4155 560 4210 aut
583 4146 686 4231 aquis,
713 4146 783 4208 aiuc
807 4141 880 4208 aliis
915 4141 1022 4224 rebus,
1055 4141 1247 4206 dioecesana
1279 4152 1311 4206 et
1342 4141 1551 4228 proprietario
1584 4140 1806 4227 dispositionis

124 4251 157 4314 in
182 4253 417 4336 presentiarum
441 4252 524 4314 iuste
549 4261 581 4314 et
604 4252 757 4315 canonice
781 4247 934 4336 possidet,
959 4269 1160 4334 quecumque
1176 4247 1273 4311 etiarn
1296 4247 1329 4309 in
1343 4245 1485 4310 futurum
1508 4244 1700 4310 liberalitate
1721 4247 1803 4332 prin·

123 4357 232 4440 cipum
257 4365 290 4420 et
312 4355 475 4420 oblatione
494 4355 639 4421 fidelium
662 4352 908 4420 rationabilibus
931 4353 1036 4418 modis
1060 4353 1177 4440 poterit
1200 4352 1346 4437 adipisci,
1371 4351 1464 4416 firma
1489 4352 1581 4415 vobis
1616 4361 1649 4416 et
1682 4351 1806 4416 illibata

13 4457 15 4502 t
122 4471 304 4526 seruentur.
321 4459 462 4526 'Polliam
485 4484 613 4550 quoquc
637 4455 828 4548 pontificalis
855 4457 1005 4524 videlicet
1023 4457 1120 4524 officii
1145 4456 1387 4544 planitudinem,
1414 4454 1602 4520 humilitatis
1627 4465 1659 4520 et
1684 4457 1802 4520 iustitie

122 4567 264 4652 signum,
290 4565 330 4630 ad
345 4567 525 4640 ‚missarum
550 4565 729 4652 solempnia
752 4565 947 4632 celebranda
972 4565 1031 4631 tibi
1056 4564 1273 4639 concedimus,
1298 4585 1361 4650 quo
1384 4561 1446 4625 hiis
1471 4561 1586 4625 diebus
1617 4563 1662 4625 uti
1696 4561 1806 4624 merni-

13 4673 15 4746 ι
66 4701 69 4706 ’
121 4675 219 4754 neris,
245 4671 363 4758 quibus
386 4697 406 4736 a
429 4671 507 4737 sede
528 4671 705 4760 apostolica
728 4671 1016 4759 predecessoribus
1041 4671 1104 4736 tuis
1127 4691 1318 4734 concessum
1339 4667 1437 4732 luisse
1455 4666 1642 4730 dinoscitur.
1667 4663 1803 4729 Studeat

120 4779 303 4864 itaquetua
325 4777 510 4842 fraternitas
531 4778 731 4866 plenitudine
755 4788 842 4844 tante
874 4777 1040 4864 dignitatis
1070 4783 1219 4862 suscepte
1253 4777 1297 4840 ita
1329 4783 1457 4837 strenue
1488 4782 1606 4837 cuncta
1638 4790 1804 4857 peragere,

13 4915 15 4968 ᾗ
120 4880 273 4971 quatinus
296 4906 420 4948 morum
447 4894 575 4948 tuorum
600 4894 789 4949 ornamenta
812 4883 918 4948 eidem
941 4882 1071 4949 valeant
1092 4882 1276 4947 conuenire.
1300 4879 1350 4945 Sit
1373 4880 1439 4942 vita
1463 4887 1519 4942 tua
1534 4875 1673 4941 subditis
1694 4899 1801 4944 exem-

13 4971 15 4992 ¹
67 5056 70 5060 ,,
122 4989 220 5076 ρΙιιιιι,
241 4999 276 5054 ut
299 5012 341 5054 ex
365 5013 403 5053 ea
426 4999 630 5074 cognoscent,
654 4989 731 5076 quid
756 4989 896 5054 debeant
918 5000 1070 5075 appetere
1093 4997 1125 5053 et
1147 4985 1225 5076 quid
1249 4993 1405 5070 cogantur
1433 4983 1544 5048 vitare.
1571 4981 1655 5048 Cure
1675 4982 1735 5046 tibi
1765 4984 1806 5046 sit

13 5087 15 5132 t
121 5097 226 5179 magis
251 5093 435 5159 hominibus
459 5094 613 5182 prodesse
637 5119 732 5182 quam
759 5119 897 5182 preesse.
923 5091 995 5160 Non
1019 5096 1051 5158 in
1082 5101 1114 5158 te
1142 5101 1332 5179 potestatem
1364 5090 1486 5154 ordinis
1515 5088 1570 5154 sed
1599 5085 1803 5174 equalitatem

121 5210 249 5288 oportet
272 5225 410 5286 pensare
435 5201 638 5268 conditionis.
663 5200 775 5286 Stude,
798 5223 838 5266 ne
863 5203 930 5267 vita
952 5200 1130 5266 doctrinam
1157 5199 1313 5273 destruat,
1338 5219 1398 5260 nec
1422 5217 1548 5260 rursum
1573 5197 1639 5259 vite
1662 5193 1808 5287 doctrina

119 5306 329 5390 contradicat,
353 5317 525 5392 memento,
548 5311 625 5396 quia
647 5331 700 5374 ars
721 5303 774 5375 ¹est
806 5309 922 5377 artium
955 5309 1099 5398 regimen
1133 5307 1328 5372 animarum.
1360 5301 1448 5370 Ecce
1483 5301 1582 5366 frater
1609 5303 1640 5363 in
1676 5294 1805 5365 Christo
1840 5319 1845 5332 ·

1594 5407 1614 5474 3
