4310 5918
1779 331 1841 444 ras

157 573 370 640 incommodis
386 575 498 639 vexari
513 575 593 660 cepi,
607 581 722 640 etcum
739 593 922 660 supremum
940 574 1026 638 vitas
1038 559 1221 638 diem'mihi
1232 573 1398 638 imminere
1415 571 1501 638 haud
1513 570 1630 636 dubius
1647 570 1841 652 existimem,

161 681 242 744 iussi
266 679 418 744 accersiri
450 678 550 746 lilium
576 701 681 744 meum
706 677 871 744 domiuum
899 678 1057 744 Dabrium
1080 678 1231 744 abbatem
1255 679 1358 744 sancti
1382 676 1515 760 Stefani,
1532 677 1681 763 quicum
1698 675 1842 740 venisset

156 807 229 856 curn
254 787 322 850 suis
346 783 513 849 Monachis
533 793 634 868 utme
651 785 813 868 inuiseret,
835 786 979 872 quinimo
1003 794 1038 850 ut
1062 783 1140 849 mihi
1163 782 1298 850 consilia
1320 785 1446 848 animae
1470 781 1638 869 profutura
1661 789 1837 864 sugereret‚
1906 773 1918 831 '-

156 914 270 956 omnes
301 893 422 978 pariter
452 889 626 957 admonere
657 913 709 956 me
733 889 917 978 hortarique
942 898 1126 976 caeperunt,
1152 897 1188 953 ut
1212 886 1399 954 monachale
1431 887 1576 951 habitum
1608 885 1785 967 induerem,
1802 896 1842 951 et

154 999 187 1062 in
212 1019 322 1062 eorum
353 995 615 1074 familianomen
633 996 775 1084 profiteri
792 1018 967 1084 eorumque
984 995 1083 1060 frater
1103 1017 1174 1060 esse
1191 993 1317 1058 vellem.
1336 992 1395 1057 His
1412 990 1647 1058 hortationibus
1667 999 1842 1078 permotus,

65 1137 69 1142 ·
154 1124 284 1170 sacrum
309 1101 396 1167 illum
432 1101 575 1167 habitum
601 1103 732 1188 sunrpsi,
758 1125 852 1189 quem
878 1111 972 1166 antea
997 1101 1038 1166 ob
1062 1125 1134 1165 mea
1158 1099 1280 1173 delicta
1304 1100 1468 1185 suscipere
1492 1097 1679 1180 abnuerem,
1704 1107 1736 1163 et
1758 1120 1844 1162 sum·
1914 1129 1915 1132 ¹
2004 1099 2007 1108 '

154 1231 290 1296 mopere
314 1209 445 1293 gavisus
470 1230 539 1274 sum
564 1231 615 1274 me
640 1207 837 1296 adscriptum
861 1207 960 1273 fuisse
977 1205 1122 1292 catalogo
1147 1227 1314 1270 seruorum
1338 1213 1370 1270 et
1388 1203 1522 1268 fratrum
1539 1204 1641 1268 sancti
1674 1201 1842 1289 Stephani,

154 1313 240 1403 apud
267 1336 363 1402 quem
392 1321 425 1378 ut
449 1335 565 1402 corpus
591 1337 697 1378 meum
721 1313 916 1395 humaretur,
939 1315 1034 1377 etiam
1066 1321 1164 1400 atque
1214 1311 1310 1375 etiam
1335 1311 1434 1374 oraui.
1457 1309 1558 1374 Porro
1578 1309 1662 1374 dono
1685 1305 1843 1396 tradoque

154 1418 231 1484 hnic
248 1415 357 1484 nostro
374 1417 440 1484 filio
458 1428 490 1484 et
512 1417 622 1484 abbati
639 1418 809 1484 ecclesiam
826 1427 955 1484 sanctae
971 1419 1093 1483 Mariae
1117 1417 1157 1482 de
1173 1415 1305 1499 Paluda,
1323 1436 1418 1502 quam
1443 1437 1463 1478 a
1486 1423 1617 1502 parente
1634 1437 1706 1479 meo
1721 1417 1842 1502 accepi,

154 1546 194 1589 ea
217 1546 353 1610 prorsus
383 1525 507 1622 ratiope
532 1547 571 1589 ac
592 1523 739 1606 formula,
764 1546 827 1610 qua
852 1521 929 1586 mihi
960 1523 1079 1588 tradita
1102 1522 1171 1603 fuit,
1196 1543 1259 1585 non
1281 1523 1350 1586 iure
1375 1519 1585 1584 baereditatis
1609 1543 1628 1585 a
1651 1521 1842 1606 consangui-

153 1631 224 1693 neis
249 1631 283 1694 in
316 1638 460 1716 posteros
485 1629 696 1712 deuoluenda,
725 1629 782 1694 sed
804 1631 872 1694 iure
896 1630 1092 1716 possesionis
1126 1625 1279 1693 translate
1315 1628 1347 1690 in
1372 1623 1484 1692 seruos'
1500 1625 1665 1712 deiatque
1682 1626 1842 1712 insupra·

154 1733 277 1800 dictum
300 1735 489 1800 coenobium
507 1737 609 1800 sancti
642 1733 807 1822 Stephani.

315 1839 377 1906 His
408 1843 488 1905 actis
519 1841 732 1906 interfuerunt
752 1840 947 1925 infrascripti
971 1849 1080 1904 testes.
1104 1837 1146 1902 D.
1166 1835 1303 1902 Ioannes
1328 1835 1489 1901 Antaima.
1514 1833 1554 1898 D.
1574 1833 1690 1900 Petrus
1707 1833 1843 1900 Corvus.

154 1945 193 2011 D.
219 1945 420 2012 Benedictus
444 1945 589 2011 Calmon.
615 1945 685 2032 Ego
710 1970 786 2012 vero
810 1945 1000 2011 Theodorus
1024 1943 1195 2032 presbyter
1218 1941 1332 2028 scripsi
1355 1950 1387 2006 et
1405 1941 1495 2004 testis
1518 1937 1632 2022 adfui„

317 2127 426 2183 Farlati
450 2129 528 2200 lllyr.
564 2128 642 2185 Sacr.
665 2087 774 2182 ΤΗΙ.
797 2135 847 2182 str.
874 2127 944 2182 148.
970 2129 1091 2198 prevede
1113 2145 1167 2184 ovu
1194 2125 1291 2181 listinu
1314 2123 1340 2178 iz
1363 2121 1555 2194 talijsnskoga
1587 2119 1712 2192 prevcda
1743 2135 1781 2175 na
1804 2119 1843 2174 la-

155 2215 253 2270 tinshi.
279 2216 320 2271 Za
342 2215 468 2272 izvornih
488 2234 580 2274 neena
601 2234 639 2270 se.

776 2453 901 2536 CXL.
928 2453 1017 2536 Oko
1045 2475 1082 2554 g.
1109 2454 1227 2536 1061.

156 2649 349 2711 Atettaondro
376 2648 418 2710 Il.
437 2667 523 2724 papa
539 2651 693 2724 priobtrv'e
724 2651 826 2724 tratja
848 2651 1039 2710 hroatstromu
1064 2650 1171 2708 isaim
1201 2613 1355 2720 eurupam
1377 2647 1505 2720 njeyooe·
1518 2643 1691 2718 krotjeoina
1709 2643 1841 2716 pererra

155 2772 249 2831 esaya
267 2755 483 2830 praeltermitto
500 2773 582 2829 pape
608 2756 714 2815 Nikole
748 2757 793 2816 11.
809 2757 892 2831 ytede
915 2757 985 2815 oniti
1008 2754 1215 2828 insperatae,
1241 2752 1287 2812 ito
1302 2753 1334 2810 tls
1355 2753 1458 2810 satim
1480 2751 1588 2810 crlroerr
1610 2749 1679 2808 ebor
1700 2747 1844 2821 aptistatt,

532 2879 553 2919 a
574 2861 752 2934 prtautaostt
776 2861 945 2935 popinatoe
963 2861 1126 2933 portunitas
1146 2856 1466 2931 messanensem.

894 2994 1128 3066 (Fragmentum).

138 3083 334 3208 ¹Episcopis
356 3130 387 3185 et
411 3122 479 3204 regi
507 3119 741 3184 Dalmatiarum
774 3119 814 3184 de
837 3121 1025 3184 auctoritate
1060 3117 1218 3182 hlainardi
1244 3117 1385 3204 episcopi
1402 3124 1434 3180 et
1449 3115 1585 3181 Joannis
1601 3113 1844 3200 archiepiscopi.

322 3261 532 3328 Notifioarnus
565 3263 673 3324 omnia
691 3259 837 3346 capitula,
869 3281 931 3346 que
951 3281 1007 3345 per
1029 3257 1207 3322 confratres
1239 3267 1365 3322 nostros
1390 3256 1607 3322 venerabilem
1633 3253 1840 3319 Mainardum

161 3367 289 3432 scilicet
315 3366 531 3431 collateralem
562 3368 748 3452 episcopum
781 3377 934 3446 nostrum,
966 3375 999 3428 et
1017 3363 1177 3428 loannem
1201 3363 1451 3448 archipresulem
1476 3361 1620 3427 nostrum
1644 3363 1677 3426 in
1698 3358 1846 3444 Spaleto,

158 3475 298 3559 aliisque
321 3473 505 3537 ciuitatibus
530 3481 605 3536 sunt
627 3478 767 3534 statuta:
787 3471 899 3534 eadem
923 3471 957 3534 in
978 3491 1116 3534 romana·
1132 3469 1256 3556 synodo
1273 3470 1414 3534 scriatim
1447 3467 1606 3532 referente
1629 3490 1648 3530 a
1671 3465 1765 3529 beate
1782 3485 1845 3527 me-

159 3581 262 3642 morie
275 3577 504 3664 predecessore
517 3583 626 3640 nostro
642 3573 786 3656 Nicolao‚
809 3575 985 3661 apostolica
999 3571 1198 3654 auctoritate,
1223 3583 1256 3640 et
1280 3573 1340 3638 sub
1365 3570 1577 3638 anathematis
1600 3571 1845 3657 interpositione

161 3683 323 3756 roborata,

324 3829 451 3886 Josnnes
472 3827 665 3885 carnotensis.
691 3827 830 3883 Collectio
854 3825 1009 3882 canonum.
1033 3845 1058 3883 c.
1084 3827 1154 3880 139.

772 4119 919 4202 exul.
946 4118 1037 4200 (llio
1062 4141 1099 4218 g.
1128 4117 1241 4200 1061.

164 4319 354 4380 Ateksandro
389 4319 436 4378 ll.
468 4335 551 4391 popa
580 4318 644 4391 pite
680 4317 782 4390 kratjss
815 4317 1006 4374 trvotskoma
1038 4316 1049 4373 s'
1082 4315 1235 4388 bistapom
1269 4313 1494 4372 dalmaticatus
1526 4330 1543 4370 o
1577 4310 1702 4370 sabroni
1735 4308 1847 4368 tenuta

909 4420 1093 4482 emersas.

693 4593 885 4680 ¹Episcopis
909 4600 941 4658 et
963 4593 1032 4677 regi
1057 4589 1302 4654 Dalmatiarum.

323 4771 355 4835 Si
381 4773 452 4856 quis
474 4769 590 4834 amodo
624 4769 804 4854 episcopus,
840 4766 1018 4852 presbyter,
1055 4765 1219 4845 diaconus,
1244 4764 1395 4828 feminam
1421 4731 1581 4850 acceperit
1605 4761 1656 4826 vel
1679 4767 1844 4846 acceptam

166 4877 341 4959 retinuerit,
376 4879 505 4962 proprio
537 4875 639 4962 gradu
673 4873 813 4956 decidat,
852 4896 954 4960 usqne
985 4872 1025 4936 ad
1058 4869 1320 4950 satisfactionem,
1353 4892 1413 4932 nec
1444 4869 1483 4932 in'
1508 4867 1606 4932 choro
1639 4863 1843 4954 psallentium

168 4991 303 5062 maneat,
328 5004 388 5046 neo
411 4980 551 5065 aliquam
576 4981 756 5067 portionem
777 4979 816 5043 de
839 4977 937 5042 rebus
958 4975 1184 5042 ecclesiasticis
1208 4973 1334 5038 habeat.
1358 4981 1418 5038 etc.

326 5127 427 5182 Menai.
450 5127 588 5184 Collectio
611 5126 809 5186 Consiliorum.
833 5126 867 5183 Τ.
889 5125 969 5181 XIX.
985 5143 1012 5198 p.
1038 5123 1110 5178 ott.
