4300 5930
304 364 366 432 rsa
462 351 465 358 '

302 559 366 622 rint
389 558 524 624 salutem
550 562 582 623 in
605 582 653 640 eo,
678 563 731 646 qni
757 571 805 625 est
827 583 905 624 vera
937 561 1034 626 salus.
1078 559 1235 642 Quamuis
1269 561 1426 626 bonorum
1462 562 1633 647 posteritas
1667 561 1809 646 priorum
1845 581 1977 624 snorum

302 663 458 728 bonorum
483 663 633 750 exempla
657 667 783 746 imitari,
808 666 985 731 doctrinam
1011 689 1138 753 qnoque
1162 689 1258 752 opere
1282 667 1471 753 propensius
1497 665 1625 730 studeat
1648 663 1835 750 adimplere,
1868 674 1976 728 tamen

302 769 377 852 quia
400 769 600 853 quorundam
626 769 851 848 modernorum
873 771 913 834 ad
938 769 1057 835 bonum
1084 775 1184 856 pigra,
1215 769 1255 834 ad
1280 770 1397 835 malum
1423 791 1499 835 vero
1531 791 1632 856 prona
1656 767 1828 848 subtilitas,
1863 767 1975 853 prede·

301 895 463 937 sessorum
490 897 618 939 snorum
644 876 726 939 iusta
749 876 866 940 indicia
890 876 1078 940 subuertere
1100 888 1131 940 et
1155 875 1256 939 bonos
1280 885 1370 940 actus
1395 877 1525 940 sinistra
1549 876 1813 960 interpretatione
1846 872 1977 938 molitur

301 979 508 1063 extinguere3
534 977 697 1043 dilectioni
722 991 826 1045 vestre
852 981 1003 1044 duximus
1042 981 1264 1058 intimandum,
1297 981 1383 1067 quod
1419 983 1651 1064 procurationis
1686 989 1797 1044 nostre
1831 987 1976 1064 tempore

300 1083 385 1148 inter
408 1081 488 1148 duos
511 1083 634 1164 ciuiles,
659 1085 783 1148 scilicet
808 1084 978 1150 Descislou
1003 1098 1034 1149 et
1059 1085 1188 1166 Drassa‚
1215 1096 1246 1151 et
1272 1087 1474 1150 Dominioum
1500 1084 1717 1149 venerabilem
1751 1083 1976 1168 aagrabiensis

303 1187 438 1252 ecclesie
463 1191 659 1274 episcopum,
682 1213 739 1274 pro
764 1201 848 1254 terra
872 1191 1038 1254 cniusdam
1064 1191 1166 1277 predii
1191 1194 1319 1278 nomine
1344 1191 1511 1272 Kamenic‚
1535 1199 1605 1255 orta
1629 1200 1678 1254 est
1708 1191 1879 1254 dissensio.
1914 1188 1976 1251 Re·

302 1293 503 1379 quirentibus
527 1297 611 1358 enim
638 1295 788 1381 predictis
813 1295 980 1359 ciuilibus:
1004 1307 1120 1360 terram
1145 1296 1232 1361 illam
1255 1298 1288 1361 in
1309 1298 1473 1382 'presentia
1497 1307 1615 1378 nostra,
1651 1295 1803 1380 episcopo
1835 1313 1975 1379 quoque,

304 1419 507 1480 ncncornm,
532 1399 703 1464 sedanam
728 1423 798 1464 esse
823 1410 1004 1477 asserente,
1030 1424 1087 1466 nos
1120 1425 1249 1466 oausam
1285 1401 1397 1465 ordine
1429 1403 1584 1465 canonico
1618 1399 1814 1478 decidentes,
1846 1397 1974 1462 duobus

300 1505 465 1568 canonicis
489 1519 585 1590 atque
609 1504 844 1571 archidiaconis
864 1504 1085 1589 aagrabicnsis
1109 1506 1254 1587 ecclesie,
1278 1505 1401 1570 scilicet
1417 1505 1544 1570 Ba'rano
1561 1519 1593 1570 et
1609 1505 1785 1590 Timporio,
1802 1502 1975 1588 tribusque

306 1609 481 1674 curialibus
503 1610 683 1689 comitibus,
709 1609 831 1674 scilicet
852 1610 944 1674 Tiwa
967 1611 1006 1674 de
1031 1610 1159 1689 wesen,
1185 1609 1335 1675 Michaeli
1360 1610 1399 1700 de
1431 1611 1632 1692 Dumburou,
1654 1609 1793 1674 Martino
1830 1607 1871 1672 de
1907 1605 1972 1672 Ke-

309 1715 423 1796 menic,
455 1736 554 1800 super
585 1713 655 1796 hoc,
691 1715 775 1800 quod
811 1739 873 1781 non
909 1716 1061 1795 ciuilium,
1087 1717 1143 1780 ssd
1176 1719 1317 1803 episcopi
1352 1726 1437 1781 terra
1468 1726 1563 1796 esset,
1592 1724 1827 1780 sacramentnm
1857 1711 1976 1776 indixi·

306 1841 387 1883 mus.
412 1817 555 1906 Accepto
589 1843 666 1884 vero
701 1821 742 1883 ab
777 1821 823 1885 cis
859 1832 1078 1901 sacramento,
1116 1820 1260 1906 predium
1293 1821 1392 1904 illud,
1424 1818 1547 1886 scilicet
1580 1819 1762 1902 Kemenic,
1794 1841 1814 1882 a
1849 1817 1974 1882 dnobus

300 1926 363 1988 viis
388 1927 566 1991 coniunctis
612 1948 714 2011 usque
751 1919 793 1989 ad
830 1926 969 1991 rinnlum
1013 1927 1068 1992 ubi
1114 1925 1212 1991 habet
1245 1937 1361 1992 meum
1404 1938 1506 2008 terre,
1547 1924 1674 1990 deinde·
1702 1923 1786 1989 ultra
1832 1932 1972 1987 montem

299 2051 401 2114 usque
435 2029 476 2094 ad
511 2029 645 2094 fluuium
681 2033 809 2095 noniine
844 2031 1024 2118 Rogoaice3
1066 2031 1182 2096 deinde
1218 2054 1318 2118 usqne
1362 2031 1404 2096 ad
1442 2029 1540 2096 alium
1581 2029 1714 2094 fluuium
1758 2030 1811 2093 oui
1859 2049 1973 2092 nomen

298 2132 438 2218 Bogooe.
462 2133 491 2198 A
517 2142 661 2226 Bogocca
685 2146 791 2199 autem
828 2153 885 2222 per
918 2147 1056 2202 montem
1089 2139 1143 2223 qui
1175 2135 1280 2200 Trabs
1316 2134 1504 2222 appellatur,
1540 2157 1641 2220 usque
1675 2133 1717 2199 ad
1752 2139 1850 2219 caput
1881 2134 1974 2196 unins

198 2303 204 2318 ,
299 2237 391 2302 vallis
429 2262 491 2324 qne
530 2240 646 2305 dicitur
683 2239 920 2324 J'asconovina,
959 2243 1169 2328 zagrabiensi
1205 2243 1376 2328 episcopo,
1413 2263 1470 2326 per
1510 2263 1623 2305 manns
1663 2238 1798 2304 duorum
1846 2237 1972 2324 pristal-

298 2341 410 2408 dorum
436 2355 627 2426 nostrorum,
652 2343 898 2410 scilicetYsani
924 2347 1054 2412 curialis
1089 2348 1214 2412 comitis
1246 2348 1285 2409 de
1321 2347 1397 2409 Kris
1437 2355 1467 2408 et
1505 2345 1606 2409 Bonci
1642 2341 1974 2428 magnanimus-Ut

298 2449 395 2532 igitur
419 2448 512 2514 huius
536 2451 618 2514 iuste
642 2450 894 2516 examinationis
919 2455 1077 2516 sententia
1102 2463 1254 2538 perpetue
1289 2450 1473 2516 stabilitatis
1506 2451 1621 2515 robore
1653 2449 1815 2530 fulciatur,
1850 2447 1972 2512 litteras

299 2575 396 2639 super
420 2553 479 2619 hoc
503 2554 733 2620 testimoniales
760 2555 856 2640 sigilli
883 2560 983 2621 nostri
1009 2559 1183 2622 munimine
1207 2558 1445 2642 insigniuimus,
1469 2556 1615 2621 volentes
1639 2566 1670 2619 et
1687 2554 1912 2640 precipientes,
1931 2575 1971 2616 ne

297 2660 369 2745 quis
393 2659 467 2724 huic
489 2663 643 2725 canonice
667 2662 887 2726 obseruationi
910 2684 991 2728 ausu
1014 2665 1185 2728 temerario
1209 2672 1374 2748 presumat
1394 2663 1563 2728 contraire.
1589 2659 1623 2724 Si
1647 2662 1720 2746 quis
1740 2669 1848 2725 autem
1866 2659 1973 2724 faeere

296 2767 522 2850 acceptauerit,
540 2769 646 2846 anime
662 2790 719 2830 sne
739 2765 915 2852 periculum
933 2776 964 2832 et
980 2767 1110 2852 dignam
1127 2767 1178 2834 dei
1195 2767 1356 2832 ulcionum
1372 2767 1545 2832 vindictam
1563 2789 1597 2831 se
1612 2767 1737 2831 nouerit
1749 2767 1969 2829 incursurum.

245 2861 247 2868 ¹
445 2869 468 2934 S
489 2894 583 2936 vana.
608 2872 712 2957 Super
736 2871 869 2957 praedio
894 2871 1066 2955 Kemenik,
1089 2875 1180 2938 cuius
1204 2882 1307 2938 metae
1330 2873 1363 2937 in
1385 2871 1555 2937 metalibus
1581 2869 1846 2958 Eppiscopalium
1871 2869 1970 2934 bono-

297 2996 370 3038 rum
396 2975 547 3039 existunt.
600 3003 604 3009 ·
1044 2987 1051 3000 '

448 3173 492 3227 Na
514 3173 685 3245 pergameni,
710 3174 798 3230 dohro
822 3167 984 3246 seduranoj.
1011 3177 1110 3233 Nalazi
1134 3193 1164 3232 se
1186 3194 1205 3232 u
1240 3176 1339 3244 arkiru
1371 3175 1549 3246 nadbisknpa
1582 3174 1804 3248 aagrebadlroga.
1837 3174 1913 3233 Pria.
1948 3174 1971 3232 1.

302 3259 338 3318 N.
362 3259 384 3313 1.
408 3257 454 3318 Gl.
478 3259 607 3316 Tkaltic.
631 3261 813 3318 Monumenta
836 3263 859 3320 I.
882 3269 932 3321 atr.
959 3265 986 3318 6.

956 3555 1179 3639 ccxxvi
1208 3555 1322 3638 1893.

298 3732 413 3804 Kalaa,
438 3735 543 3807 histem
561 3735 734 3809 pecuarias
755 3737 917 3810 apraottelj
940 3735 1074 3794 ltrvctslci
1097 3733 1108 3791 i
1130 3733 1334 3806 dalarctiaslet
1356 3735 1489 3808 dannaia
1510 3732 1682 3801 Domiailtu,
1713 3731 1842 3806 &hapa
1872 3747 1973 3806 accre-

326 3855 477 3932 battoma,
503 3857 637 3918 desetina
660 3875 681 3918 u
703 3859 844 3930 Kranioi,
873 3858 966 3956 Otito
988 3859 1001 3916 i
1022 3859 1182 3932 Podporja,
1208 3860 1279 3930 toja
1294 3860 1328 3930 je
1346 3858 1428 3930 prtia
1443 3858 1526 3916 hirco
1549 3855 1674 3928 cojooda
1696 3855 1767 3914 ciale
1789 3853 1951 3927 Stcooar'gie.

373 4051 375 4056 ’
445 4024 594 4107 Calenus.
611 4043 662 4107 dei
684 4048 789 4126 gratia
810 4046 1159 4135 quinqneeoclesiensis
1182 4048 1354 4132 episcopus
1389 4043 1556 4132 palleatus,
1594 4054 1627 4110 et
1664 4042 1768 4116 totius,
1797 4027 1970 4120 Dalmatis,

296 4156 394 4233 atque
418 4143 569 4210 Obroatis
594 4148 800 4231 gubernator,
833 4153 981 4218 omnibus
1006 4150 1127 4216 Christi
1151 4149 1309 4231 fidelibus,
1334 4149 1375 4214 ad
1406 4170 1627 4236 quoecumque
1658 4145 1719 4213 hec
1750 4169 1884 4234 presens
1917 4169 1968 4232 pa-

296 4253 373 4334 gina
396 4253 587 4334 peruenerit}
613 4252 749 4318 salutem
774 4257 806 4318 in
830 4257 969 4340 dominc.
992 4257 1085 4321 Licet
1108 4279 1219 4320 omnes
1244 4255 1400 4320 catholice
1424 4253 1499 4319 fidei
1524 4253 1732 4342 professores,
1759 4251 1844 4339 quod
1869 4277 1889 4317 a
1916 4256 1968 4338 pio

295 4355 455 4419 saluatore
479 4357 664 4441 precipitur,
690 4358 751 4423 hoc
775 4363 964 4446 propensius
985 4363 1103 4447 exequi
1127 4355 1304 4442 teneantur,
1330 4361 1390 4423 viri
1414 4369 1521 4424 umen
1544 4367 1730 4440 summates,
1755 4379 1835 4443 quos
1856 4357 1966 4422 diuina

298 4463 402 4546 gratia
426 4483 481 4546 pre
506 4463 620 4526 ceteris
644 4463 763 4529 extulit
786 4467 817 4528 in
842 4465 903 4530 hoc
922 4467 1050 4549 mundo,
1082 4488 1146 4530 non
1175 4465 1276 4530 solum
1302 4466 1461 4551 preceptis
1484 4463 1603 4528 diuinis
1638 4484 1696 4528 sua
1731 4462 1853 4528 debent
1887 4462 1968 4527 colla

298 4565 467 4648 subiicere,
493 4567 550 4632 sed
574 4577 607 4632 et
623 4571 731 4654 ipsius
756 4569 889 4636 consilia
913 4573 1074 4636 attentiori
1097 4569 1252 4636 famulatu
1276 4569 1423 4634 deuotins
1447 4569 1636 4655 amplexari,
1665 4575 1701 4634 ut
1733 4577 1765 4633 et
1783 4567 1966 4661 obedientia

295 4694 338 4736 ex
354 4671 577 4737 mandatorum
593 4673 817 4741 obseruatione
834 4679 1025 4762 proueniens
1041 4676 1176 4740 salutem
1193 4676 1271 4760 ipsis
1288 4677 1391 4761 pariat
1416 4676 1653 4760 sempiternam,
1677 4684 1709 4738 et
1732 4673 1857 4738 consilii
1883 4671 1962 4738 salu·

296 4777 373 4840 taris
387 4775 504 4840 deuota
519 4777 689 4864 completio
708 4779 949 4866 multiplicatam
966 4780 1102 4865 gloriam
1119 4779 1263 4846 conferat
1285 4789 1318 4845 et
1333 4779 1524 4846 mercedem.
1543 4779 1623 4869 Inde
1640 4788 1697 4863 est,
1714 4779 1799 4865 quod
1817 4802 1888 4863 ego,
1905 4800 1964 4842 oon

301 4883 432 4966 ignarus
446 4882 521 4946 noui
536 4893 567 4945 et
580 4885 698 4948 veteris
712 4887 904 4966 testamenti,
930 4887 962 4948 in
986 4909 1050 4971 qno
1073 4884 1150 4951 tuba
1167 4885 1254 4952 clara
1279 4888 1411 4968 canitur,
1429 4897 1462 4950 et
1478 4897 1597 4972 aperte,
1614 4883 1701 4972 quod
1717 4885 1821 4949 omnis
1845 4883 1964 4948 decima

297 4987 367 5052 sine
391 4987 478 5050 omni
504 4986 701 5053 mutilatione
725 4989 854 5054 domino
878 4989 1038 5073 offeratur,
1064 5001 1096 5057 et
1119 4989 1200 5057 Cain
1216 5015 1273 5078 per
1286 4991 1423 5070 hominis
1446 4993 1637 5077 passionem,
1666 4992 1784 5078 ¹quem
1803 5011 1861 5076 pro
1877 5011 1964 5055 sacra

459 5183 469 5220 ¹
499 5185 619 5244 staltis
642 5185 715 5242 ima:
738 5187 963 5260 prothomartiris
986 5190 1154 5262 passionem.
