4350 5932
1816 433 1855 498 17

171 620 389 703 praesumatis
427 620 637 686 sacerdotalis
671 621 785 704 officii,
807 645 911 710 neque
935 645 1037 711 usque
1068 624 1110 689 ad
1141 625 1332 710 rescriptum
1363 633 1519 706 nostrum,
1551 610 1593 688 ad
1624 622 1745 688 cultum
1770 625 1857 689 sacri

167 722 279 786 altaris
302 725 468 790 accedere.
495 725 590 807 Quod
608 730 635 792 si
652 738 762 792 contra
779 727 860 794 haec
877 751 974 814 agere
997 731 1286 816 praesumpseritis,
1311 721 1482 822 anathema
1505 728 1598 792 vobis
1623 730 1705 792 sita
1728 729 1799 812 deo,
1824 737 1857 794 ct

166 847 186 889 a
210 827 304 892 beato
330 830 426 896 Petro
444 832 661 917 apostolorum
681 836 836 922 principe,
857 844 892 898 ut
908 835 1184 921 contemplacione
1200 835 1310 900 iudicii
1327 837 1436 909 vestri,
1454 837 1569 900 ceteris
1593 855 1721 920 quoque
1747 833 1855 898 catbo·

166 931 236 998 licis
253 933 381 1000 clericis
399 935 526 1001 ultionis
549 947 677 1003 vestrae
700 939 896 1024 praebeatur
919 940 1114 1027 exemplum.

324 1073 424 1129 uana.
449 1074 595 1132 consata.
621 1077 729 1132 consu.
754 1079 788 1132 r.
812 1079 861 1133 1x.
885 1063 937 1133 aa.
960 1079 1054 1134 1170.

547 1439 550 1458 Ι
636 1335 793 1417 xxr‘l.
821 1335 914 1417 594.
944 1337 1132 1437 mjescea
1158 1321 1382 1466 koluroua.

166 1508 269 1584 Grpar
298 1509 322 1569 l.
345 1529 427 1584 papa
449 1513 598 1586 odgovma
620 1513 758 1573 Mareela
789 1515 963 1584 stolaettlra,
986 1515 1026 1573 da
1049 1517 1163 1576 nemete
1186 1515 1307 1576 aelislutt
1329 1517 1454 1590 ajepooa
1476 1517 1572 1576 motta
1591 1516 1765 1588 patresano
1783 1515 1868 1575 rodi

760 1619 916 1678 Matutino
940 1621 1066 1694 tietapa
1089 1622 1267 1696 salinatore.

714 1788 901 1875 Gregorius,
925 1791 1078 1858 Marcello
1103 1791 1304 1858 scholastico.

325 1946 456 2012 Gloriae
481 1957 608 2013 vestrae
633 1951 749 2014 caritas
782 1951 884 2014 sicin
908 1958 1018 2015 nostro
1043 1949 1140 2019 corde
1159 1973 1286 2037 semper
1308 1949 1465 2035 inuigilat,
1490 1961 1524 2014 ut
1549 1950 1627 2014 nihil
1651 1951 1713 2016 sibi
1737 1973 1848 2037 corpo-

163 2049 243 2116 ralis
267 2051 420 2129 defendat
442 2055 599 2118 absentia.
625 2054 707 2118 Nam
733 2058 882 2140 quamuis
902 2080 922 2120 a
945 2057 1128 2121 carnalibus
1148 2058 1250 2122 oculis
1267 2057 1363 2142 longe
1388 2068 1445 2140 est,
1472 2060 1587 2122 mentis
1611 2069 1717 2122 tamen
1740 2073 1847 2142 aspec-

162 2157 251 2221 tibus
272 2181 436 2243 nunquam
459 2157 559 2224 deest.
581 2159 786 2246 Frequenter
809 2165 893 2225 enirn
919 2185 976 2228 nos
999 2162 1149 2228 voluntas
1165 2162 1205 2226 ad
1223 2161 1430 2226 scribendum
1459 2161 1680 2226 desideranter
1704 2159 1848 2248 impellit,

162 2262 221 2332 sed
246 2267 415 2348 occupatio
437 2287 500 2328 non
526 2269 689 2350 permittit.
726 2267 812 2330 Dum
837 2290 914 2352 ergo
945 2267 1121 2332 nobilitatis
1150 2277 1278 2332 vestrae
1310 2269 1426 2353 peritia
1458 2290 1520 2330 nun
1555 2269 1689 2352 ignoret,
1715 2267 1843 2352 quantis

90 2431 91 2435 ,
162 2371 205 2430 sit
229 2368 318 2432 locus
343 2380 453 2434 noster
476 2370 741 2457 occupationibus
776 2371 947 2456 inuolatus,
972 2373 1058 2460 quod
1090 2399 1108 2437 a
1142 2373 1303 2438 scribendi
1340 2373 1501 2437 interdurn
1533 2395 1696 2437 cessamus
1729 2372 1846 2452 officio,

162 2495 227 2536 non
251 2472 424 2539 voluntatis
448 2476 503 2540 sed
528 2480 729 2542 necessitatis
753 2501 824 2542 esse
857 2479 1047 2544 consideret.
1078 2478 1196 2560 Gloria
1229 2490 1335 2544 autem
1369 2473 1606 2564 vestra,'quod
1639 2477 1764 2541 tardius
1787 2498 1845 2540 sua

161 2600 222 2642 nos
246 2569 382 2664 requirit
405 2582 550 2668 epistola,
573 2607 637 2670 qua
660 2585 762 2670 possit
794 2585 1002 2649 excusatione
1025 2583 1199 2649 defendere
1225 2609 1286 2650 non
1313 2585 1467 2649 videmus.
1500 2585 1538 2648 lu
1562 2583 1623 2647 hoc
1654 2584 1752 2668 igitur
1775 2579 1844 2646 sola

161 2707 213 2748 me
238 2685 335 2749 debui
361 2690 577 2753 taciturnitate
600 2689 783 2770 defendere,
810 2691 866 2754 sed
884 2689 993 2754 feruor
1016 2691 1158 2754 caritatis
1182 2690 1326 2775 linguam
1350 2711 1454 2754 meam
1478 2711 1541 2753 non
1566 2687 1696 2775 pertulit
1719 2686 1838 2751 habere

160 2789 336 2855 silentium.
361 2792 544 2858 Salutantes
565 2797 674 2880 itaque
698 2819 771 2860 curn
796 2798 882 2860 omni
915 2794 1033 2860 affectu
1056 2805 1151 2880 atque
1183 2793 1364 2878 dulcedine,
1396 2793 1575 2859 indicamus
1611 2817 1668 2857 nos
1700 2794 1844 2878 grauiter

159 2899 377 2976 contristatos,
403 2900 489 2985 quod
513 2899 568 2965 illa
592 2927 610 2964 a
633 2901 726 2966 nobis
753 2899 903 2966 voluistis
927 2911 1090 2987 expetere,
1106 2903 1139 2964 in
1156 2900 1273 2987 quibus
1294 2887 1368 2966 dum
1388 2900 1584 2965 voluntatem
1606 2910 1746 2965 vestram
1771 2921 1840 2993 per·

159 3002 268 3076 ficere,
294 3007 370 3088 quia
393 3007 520 3068 obsistit
536 3007 626 3088 ratio,
646 3030 708 3071 non
728 3007 886 3089 valemus,
904 3009 1093 3072 contristare
1110 3029 1179 3087 vos,
1204 3005 1290 3092 quod
1314 3006 1472 3090 nolumus,
1496 3007 1652 3072 ridemur.
1678 3004 1760 3068 Nam
1776 2998 1840 3068 hoc

160 3132 220 3173 nos
243 3112 311 3174 sine
336 3113 534 3175 correctione
559 3111 739 3199 relinquere
771 3113 990 3178 ecclesiastica
1014 3136 1075 3178 non
1107 3115 1183 3177 sinit
1215 3113 1322 3200 aliquo
1355 3113 1449 3178 modo
1481 3112 1670 3199 disciplina;
1695 3134 1756 3176 nec
1780 3133 1839 3176 vos

159 3238 219 3301 pro
244 3215 363 3280 talibus
394 3217 486 3280 decet
515 3228 634 3302 petere,
668 3241 706 3282 ne
731 3241 793 3281 non
825 3219 1009 3284 rectitudini
1033 3219 1089 3282 sed
1106 3218 1400 3306 indisciplinationi,
1425 3219 1512 3306 quod
1535 3221 1628 3302 absit,
1666 3219 1842 3282 videamini

159 3323 354 3387 consentire.
379 3320 503 3388 Caussa
526 3346 604 3388 vero
629 3324 772 3388 eiusdem
799 3324 945 3408 Maximi,
971 3347 1029 3411 pro
1052 3347 1116 3412 quo
1139 3323 1233 3390 nobis
1257 3324 1406 3408 scribitis,
1427 3349 1522 3412 quem
1547 3327 1573 3390 si
1598 3327 1768 3388 missarum
1793 3343 1842 3389 so-

159 3426 269 3494 lennia
284 3428 448 3493 celebrare
466 3431 724 3516 praesumpserit,
753 3431 816 3494 iam
836 3431 920 3495 sacri
937 3432 1081 3517 corporis
1098 3431 1324 3495 communione
1340 3432 1551 3517 priuauimus,
1569 3438 1694 3494 matura
1709 3427 1840 3516 quando

158 3527 347 3620 oportuerit,
372 3535 613 3620 deliberatione,
638 3538 721 3601 sicut
744 3535 804 3600 deo
831 3545 942 3602 nostro
966 3535 1130 3623 placuerit,
1148 3535 1456 3624 iudicabituratque
1474 3535 1671 3624 disponetur.
1697 3536 1837 3602 Oramus

155 3649 264 3705 autem
287 3644 536 3728 omnipotentem
561 3643 735 3724 dominum,
752 3655 787 3708 ut
809 3653 841 3708 et
864 3643 916 3706 hic
932 3665 989 3707 vos
1008 3665 1065 3706 sua
1089 3643 1285 3726 protectione
1309 3641 1476 3724 custodiat,
1500 3653 1531 3707 et
1553 3643 1595 3709 ad
1612 3653 1761 3718 aeternae
1786 3643 1832 3706 vi·

156 3758 211 3812 tae
233 3751 378 3834 praemia
402 3749 564 3835 perducat.
588 3749 701 3815 Mense
727 3749 889 3833 Augusto,
913 3748 1087 3813 indictione
1111 3745 1315 3813 duodecima.

316 3931 416 3987 Manui.
439 3931 577 3988 Gcllectio
602 3931 709 3987 Goncil.
732 3931 766 3988 T.
790 3931 841 3986 IX.
866 3937 915 3986 str.
929 3929 1035 4004 ilua.

481 4191 683 4309 'xxvla
710 4225 801 4310 594.
832 4225 1022 4326 msescca
1043 4222 1254 4324 prosince.
1293 4219 1330 4302 U
1359 4220 1504 4302 Rima.

236 4424 336 4500 Grpar
359 4425 386 4484 1.
403 4441 491 4498 papa
507 4424 575 4496 aare
599 4421 779 4496 Subtabarti
802 4423 935 4496 djalrona
957 4439 975 4479 a
1001 4417 1149 4493 Gortqrod
1170 4419 1240 4478 rodi
1262 4417 1416 4476 Matstma
1439 4417 1566 4489 ttsaapa
1585 4417 1761 4491 soltaetopu.

716 4592 904 4679 Gregorius,
934 4589 1108 4657 Sabiniano
1132 4589 1277 4654 diacono.

314 4769 365 4836 De
389 4791 505 4836 caussa
527 4769 662 4836 Maximi
678 4769 925 4856 preuaricatoris
951 4766 1028 4853 quid
1048 4775 1154 4830 actum
1179 4767 1228 4846 sit,
1253 4762 1444 4847 cognouisti.
1469 4759 1533 4827 Sed
1558 4771 1726 4850 postquam
1751 4786 1835 4829 sere·

153 4879 308 4943 nissimus
344 4877 480 4942 domnus
504 4878 680 4962 imperator
704 4877 861 4940 iussiones
892 4873 1070 4938 transmisit
1089 4882 1124 4937 ut
1147 4871 1288 4936 ordinari
1322 4871 1453 4934 minime
1486 4869 1660 4954 debuisset,
1694 4881 1771 4935 tunc
1793 4871 1833 4934 ad

152 4985 300 5050 altiorem
325 4984 508 5072 superbiam
542 4985 653 5068 erupit.
675 4966 770 5045 'Nam
805 4981 951 5045 homines
982 4978 1114 5063 gloriosi
1139 4979 1199 5042 viri
1230 4978 1357 5064 patricii
1389 4975 1525 5040 Romani
1559 4976 1600 5040 ab
1628 4999 1665 5040 eo
1689 4977 1831 5062 praemia

87 5139 91 5149 ·
152 5101 357 5178 acceperunt,
391 5113 528 5176 eumque
553 5093 597 5154 ita
621 5089 761 5154 ordinari
792 5085 944 5167 fecerunt,
978 5095 1012 5149 ut
1036 5083 1210 5150 Antonium
1241 5083 1473 5148 subdiaconum
1498 5093 1529 5146 et
1553 5093 1709 5146 rectorem
1734 5083 1830 5166 patri·

152 5201 263 5282 monii,
287 5200 349 5264 nisi
372 5197 518 5281 fugisset,
543 5195 735 5260 occiderent.
759 5192 831 5279 Ego
848 5201 954 5257 autem
978 5189 1130 5276 epistolas
1153 5190 1327 5271 transmisi,
1352 5199 1521 5275 postquam
1546 5209 1618 5252 eum
1651 5187 1832 5251 ordinatum

152 5315 266 5372 contra
288 5305 445 5369 rationem
470 5303 617 5388 cognoui,
642 5310 675 5365 et
697 5310 809 5366 contra
841 5299 1117 5382 consuetudinem,
1142 5307 1178 5363 ut
1202 5298 1372 5361 missarum
1408 5294 1553 5360 solennia
1576 5292 1741 5359 celebrare
1764 5316 1828 5358 non

151 5418 382 5504 praesumeret,
407 5411 468 5475 nisi
490 5411 578 5498 prius
597 5431 618 5474 a
640 5407 854 5474 serenissimis
878 5407 1016 5472 dominis
1040 5426 1280 5492 cognoscerem,
1305 5401 1445 5491 quidde
1469 5402 1539 5465 eius
1563 5421 1701 5486 persona
1724 5401 1833 5466 iussis·

1711 5509 1732 5574 2
