4300 5930
283 539 357 624 Ego
380 537 490 602 Rudas
513 536 598 604 tituli
621 560 646 602 s.
671 536 833 604 Praxedis
854 535 962 622 presb.
991 534 1091 604 Carul.
1113 536 1301 622 subscripsi.

283 643 354 728 Ego
377 643 494 708 Petrus
519 641 603 708 tituli
627 665 653 708 s.
678 640 854 707 Clementis
903 689 918 724 „
1015 689 1030 720 ,

283 747 356 834 Ego
380 747 471 814 Bobo
487 746 571 812 tituli
591 749 703 814 sancte
720 746 912 828 Anastasis,
1007 793 1023 830 „

283 853 358 938 Ego
379 852 494 918 Petrus
517 851 624 938 presb.
647 850 744 918 Card.
767 851 848 917 tituli
873 875 897 916 s
922 851 1010 918 Petri
1032 850 1073 914 ad
1097 849 1227 914 vincula
1250 850 1446 936 subscripsi.

282 957 354 1044 Ego
376 956 540 1022 Jordanus
566 1005 581 1036 ,
675 1006 689 1038 „
759 947 869 1023 sancte
892 955 1059 1038 Pudentis,
1084 955 1167 1019 tituli
1192 955 1334 1019 Pastoris
1358 955 1548 1040 subscripsi.

282 1063 355 1148 Ego
378 1061 522 1128 Jacobus
545 1061 701 1126 diaconus
726 1061 898 1126 cardinalis
921 1084 946 1127 s.
971 1061 1073 1126 Maria
1095 1061 1128 1124 in
1152 1058 1328 1125 Cosmedin
1352 1060 1540 1145 subscripsi.

282 1167 352 1254 Ego
377 1166 557 1232 Bracianus
580 1175 763 1231 sanctorum
788 1163 914 1248 Cosme,
939 1177 971 1230 et
993 1165 1146 1230 Damiani
1170 1164 1252 1229 diac.
1277 1163 1374 1230 Card.
1450 1215 1465 1245 ,

281 1272 354 1358 Ego
378 1270 576 1338 Octauianus
600 1281 784 1336 sanctorum
807 1272 910 1357 Sergii
935 1281 968 1336 st
990 1269 1091 1336 Bacbi
1212 1318 1228 1354 „
1323 1319 1337 1350 ,
1451 1317 1464 1345 ,

281 1379 355 1464 Ego
377 1375 555 1476 Gregorius
581 1385 692 1442 sancte
714 1376 849 1442 Maris
840 1399 872 1440 rn
902 1377 1027 1463 porticu
1214 1425 1228 1454 ,
1322 1422 1337 1456 „

280 1483 351 1570 Ego
373 1484 517 1550 Jcannes
540 1483 684 1550 Felixs.
708 1481 875 1549 Eustachii
899 1481 981 1547 diac.
1005 1481 1099 1548 Card.
1123 1482 1215 1546 iuxta
1237 1479 1393 1568 templum
1408 1477 1555 1566 Agrippa
1573 1477 1759 1563 subscripsi.

282 1587 354 1673 Ego
376 1587 519 1654 Joanoes
544 1612 569 1654 s
594 1587 757 1653 Theodori
780 1586 862 1652 diac.
887 1584 984 1651 Cerd.
1003 1584 1191 1672 subscripsi.

282 1693 353 1780 Ego
373 1693 559 1760 Bernardus
583 1718 609 1760 s.
633 1693 736 1760 Maris
755 1715 838 1759 noue
862 1691 944 1758 diac.
969 1689 1067 1758 Card.
1091 1690 1277 1777 subscripsi.

282 1798 354 1886 Ego
378 1797 556 1885 Gregorius
579 1821 605 1865 s.
628 1799 731 1865 Maris
754 1801 787 1863 in
811 1795 935 1884 Aquiro
957 1797 1040 1862 diac.
1065 1794 1162 1861 Carti.
1186 1793 1374 1881 subscripsi.

327 1903 447 1970 Datum
470 1904 623 2004 Ipaterani
646 1925 836 1992 parmenus
860 1903 983 1990 Moysis
1006 1911 1116 1966 sancte
1138 1923 1271 1966 romane
1302 1898 1440 1966 ecclesie
1471 1898 1665 1965 subdiaconi
1699 1901 1805 1964 vicem

127 2007 258 2093 agentis
281 2008 475 2090 cancellarii,
498 2009 670 2075 undecimo
701 2007 766 2076 kal.
794 2007 884 2090 Julii,
915 2007 1090 2072 indictione
1120 2017 1223 2072 sexta.
1258 2005 1496 2072 lucarnationis
1530 2005 1690 2069 dominice
1724 2027 1808 2068 anno

128 2113 305 2180 millesimo
329 2117 503 2182 centesimo
527 2117 748 2201 octuagesimo
771 2125 895 2182 octauo.
920 2112 1130 2178 Pontificatus
1152 2133 1230 2177 vero
1255 2109 1378 2177 domini
1403 2105 1586 2176 Clemehtis
1616 2133 1700 2196 pape
1722 2111 1809 2174 tertii

128 2241 217 2285 anno
238 2243 353 2307 primo.

237 2313 240 2318 Δ
281 2323 353 2412 Ego
384 2325 498 2391 Petrus
528 2325 569 2391 de
600 2323 798 2392 Bonouicino
830 2323 990 2412 presbiter
1019 2333 1052 2389 et
1082 2324 1236 2404 notarius,
1265 2322 1454 2408 ducalisque
1477 2321 1550 2386 aule
1582 2320 1802 2404 cancellarius,

28 2431 29 2434 ’
128 2429 191 2495 hoc
217 2431 401 2517 exemplum
426 2429 608 2518 exemplaui
632 2431 672 2495 de
696 2431 845 2496 mandato
869 2429 989 2494 domiui
1012 2428 1129 2494 Jaccbi
1153 2427 1300 2514 Teupuli,
1333 2427 1385 2493 dci
1417 2429 1522 2512 gratia
1554 2426 1669 2514 inclyti
1701 2426 1806 2492 Vens·

128 2535 246 2599 tiarnm
271 2534 372 2616 ducis,
397 2546 559 2622 sumptum
582 2559 624 2600 ex
647 2537 808 2600 autentico
830 2535 907 2599 dicti
931 2533 1052 2598 domini
1077 2531 1253 2598 Clementis
1286 2554 1368 2620 pape
1392 2533 1488 2614 tertii,
1527 2534 1597 2596 eius
1626 2533 1733 2616 sigillo
1765 2533 1806 2594 si·

128 2639 253 2722 gillato,
278 2663 341 2704 non
364 2641 491 2720 viciato,
515 2663 578 2704 non
602 2640 788 2722 cancellato,
805 2648 953 2704 currente
969 2661 1053 2702 anno
1070 2637 1192 2704 domini
1207 2637 1380 2703 millesimo
1397 2638 1622 2703 ducentesimo
1640 2638 1807 2720 trigesimo

128 2748 278 2831 septimo,
304 2769 413 2810 mense
437 2745 638 2832 septembris,
664 2745 837 2812 indictione
862 2743 1040 2824 uodecIma,
1063 2743 1213 2827 Riucalti,
1237 2745 1270 2827 in
1295 2765 1358 2829 quo
1383 2741 1466 2808 nihil
1498 2745 1640 2807 scienter
1672 2740 1806 2824 addens,

128 2849 180 2915 vel
206 2851 355 2915 minuens
378 2852 464 2938 quod
488 2852 679 2916 seutentiam
704 2861 813 2932 mutet,
839 2851 964 2936 scripsi,
985 2849 1156 2937 compleui,
1181 2859 1213 2914 et
1235 2847 1403 2916 roboraui.

291 3050 319 3104 12
342 3050 477 3122 rukopisa
497 3049 584 3106 Liber
606 3051 756 3106 Paetorum
779 3050 814 3104 T.
837 3049 886 3105 IV.
911 3055 962 3107 etr.
990 3050 1060 3108 102.
1091 3048 1240 3106 Uarkiru
1272 3047 1440 3104 mletaltkom
1469 3049 1524 3102 Dei
1556 3049 1646 3118 Frari,
1679 3050 1689 3103 i
1719 3048 1805 3104 Liber

110 3103 209 3194 'Pact
232 3137 269 3195 T.
294 3137 344 3196 tv.
368 3144 417 3194 atr.
443 3138 493 3196 to.
517 3155 535 3194 u
558 3137 675 3194 bellom
699 3137 848 3193 dvorslsom
872 3137 981 3196 arlivu.
1007 3167 1045 3179 -
1069 3137 1227 3192 Bullatium
1248 3137 1424 3208 Ragusinum
1446 3142 1495 3192 str.
1520 3137 1571 3193 31.

493 3429 696 3512 CXCVII.
725 3429 835 3512 1188.
862 3429 900 3511 8.
928 3427 1154 3530 listopntla.
1182 3427 1218 3510 U
1243 3427 1447 3529 Rovinju.

616 3609 781 3682 Rooirp’ani
801 3609 979 3682 pcauvljrsju
1000 3607 1059 3666 mir
1082 3624 1098 3667 s
1120 3607 1322 3668 Dubrooium'.

278 3797 346 3861 Nos
369 3796 555 3863 bominibus
575 3797 616 3862 de
640 3797 780 3861 Rubinio
800 3795 936 3860 facimus
957 3796 1147 3882 rescriptum
1177 3796 1218 3860 de
1246 3797 1454 3861 renonations
1490 3798 1587 3880 pacis,
1619 3795 1706 3883 quod
1744 3794 1806 3860 fuit

130 3905 213 3968 inter
247 3925 307 3967 nos
341 3913 375 3968 et·
404 3901 591 3968 hominibus
625 3903 768 3986 Ragusii.
811 3902 882 3987 Ego
917 3901 1088 3967 Bertaldus
1119 3899 1278 3987 gastaldio
1309 3900 1394 3964 filins
1424 3899 1534 3986 Sipcn,
1576 3909 1608 3964 et
1636 3899 1804 3964 lohannes

128 4006 214 4072 iilius
236 4007 359 4071 domini
384 4007 552 4086 Scandols,
577 4007 790 4072 etlobannes
812 4009 852 4071 de
875 4009 1045 4090 Antonino,
1076 4017 1108 4071 et
1142 4007 1248 4071 Pcnsu
1283 4005 1369 4070 filius
1406 4005 1597 4070 Dominicus
1634 4003 1803 4086 Caualero,

128 4110 322 4176 Dominicus
340 4111 487 4199 Galiopo,
504 4111 708 4178 'l'alliauento
725 4112 810 4177 filius
826 4112 986 4178 Jobannis
1002 4111 1186 4196 Sigilfredo,
1201 4109 1354 4176 Cesarius
1370 4111 1456 4174 filius
1474 4110 1593 4174 Vitalo.
1611 4110 1668 4174 Isti
1686 4133 1797 4174 omnes

127 4218 317 4302 iurauerunt
339 4217 463 4282 firmam
490 4241 600 4303 pacem
625 4220 656 4281 in
682 4229 869 4304 perpetuum
893 4241 965 4282 cum
991 4217 1174 4282 hominibus
1198 4219 1342 4303 ngusii.
1368 4217 1460 4283 Anno
1485 4216 1605 4281 domini
1631 4214 1801 4280 millesimo

128 4323 304 4386 centesimo
328 4325 541 4406 octogessimo
565 4333 690 4404 octauo,
713 4323 888 4387 indictione
912 4331 1014 4403 sexta,
1039 4333 1152 4386 octauo
1174 4323 1226 4386 die
1250 4325 1388 4386 intrante
1424 4345 1534 4386 mense
1568 4321 1720 4400 octubris,
1751 4323 1803 4386 fir·

128 4437 250 4490 matum
275 4438 324 4490 est
354 4426 416 4492 hoc
447 4426 633 4512 capitulare.
664 4465 704 4476 -
737 4427 807 4512 Ego
841 4428 996 4492 diaconos
1027 4425 1181 4510 Marinus,
1205 4437 1237 4493 et
1271 4429 1452 4493 communis
1491 4429 1634 4491 notarius
1670 4426 1803 4509 Ragusii

126 4531 322 4618 exempleui,
340 4545 545 4618 precurrente
561 4557 645 4598 anno
661 4533 782 4598 domini
804 4534 846 4598 M.
865 4531 900 4598 O.
919 4535 1154 4617 nonagessimo,
1172 4535 1292 4598 mensis
1309 4533 1476 4614 februarii,
1502 4531 1553 4596 die
1571 4533 1674 4596 sancti
1690 4529 1801 4595 Blasii.

278 4655 301 4720 S
325 4677 425 4720 vana:
450 4653 634 4742 Capitulum
658 4655 859 4723 H...arum
884 4657 924 4720 de
948 4656 1066 4720 Ystria.

276 4854 381 4908 Pisano
407 4872 442 4908 na
467 4855 587 4925 malenoj
610 4856 782 4926 pergameni.
805 4837 884 4911 Cura
906 4873 936 4910 se
961 4857 1016 4926 pod
1039 4855 1082 4912 br.
1109 4855 1170 4909 959
1196 4856 1319 4928 Ragusa.
1341 4855 1367 4912 U
1391 4855 1510 4910 becken
1528 4854 1678 4910 d'vorslrom
1695 4855 1803 4908 arlrivu.

126 4943 165 5014 gl.
191 4939 298 5014 Ljubtt
321 4939 415 5028 listioe
438 4941 460 4996 1.
483 4948 536 4999 str.
560 4944 610 5001 14.
