4276 5934
311 351 376 440 184

303 546 532 633 respondebas,
556 553 588 612 et
610 568 708 634 super
730 547 790 613 hec
813 555 936 613 cartem
961 547 1185 614 hostendendc
1209 556 1242 612 et
1257 546 1428 634 quemdam
1444 548 1717 634 Mogorouikium,
1734 552 1813 616 satis
1826 550 1983 635 vetulum,

303 651 430 738 Mergie
449 655 586 736 nomine,
610 660 725 718 testem
747 653 965 740 producebas,
989 655 1046 741 qui
1068 655 1165 719 etiam
1189 675 1245 741 pre
1269 663 1434 720 senectute
1461 656 1570 736 nimia,
1594 655 1723 742 proprio
1759 657 1908 743 priuatus
1939 654 1984 722 lu-

304 758 399 839 mine,
422 770 614 822 memoratas
638 766 740 822 terras
763 757 803 822 de
832 757 906 824 loco
939 758 980 822 ed
1013 759 1118 826 locum
1153 757 1357 839 terminabat,
1392 757 1539 842 dicendo,
1575 761 1662 846 quod
1697 784 1774 826 vere
1805 762 1984 848 prescripta

303 869 388 926 terre
411 884 486 928 cum
509 861 658 928 omnibus
682 865 827 928 terminis
850 886 891 929 ac
911 866 1119 950 pertinenciis
1146 865 1213 930 suis
1238 885 1301 928 non
1331 863 1374 928 ad
1404 862 1513 947 alium,
1545 888 1642 953 quam
1676 865 1719 932 ad
1752 866 1983 930 monasterium

304 967 407 1032 sancti
429 965 589 1034 Jobsnnis
613 967 653 1033 de
677 965 819 1034 Castello
843 979 875 1035 st
898 970 940 1035 ad
965 972 1194 1036 monasterium
1219 978 1402 1035 sanctorum
1422 967 1540 1036 Cosme
1571 980 1604 1036 et
1619 969 1782 1054 Damiaoi,
1799 970 1887 1058 quod
1902 991 1986 1036 nunc

303 1071 413 1158 capud
435 1081 495 1156 est,
518 1075 649 1139 omniuo
674 1076 845 1161 pertinent.
869 1075 1001 1141 Auditis
1029 1077 1129 1160 igitur
1157 1074 1233 1140 binc
1264 1075 1340 1140 inde
1374 1073 1519 1162 partibus
1553 1085 1585 1141 et
1614 1077 1770 1163 inspectis
1801 1077 1986 1142 monasterii

305 1175 433 1259 litteris,
457 1201 496 1243 ac
519 1179 664 1266 ubisque
688 1179 824 1245 testibus
847 1182 1052 1267 percontatio,
1077 1181 1118 1246 de
1141 1181 1284 1245 omnium
1300 1188 1445 1245 nostrum
1466 1181 1628 1246 communi
1649 1179 1814 1246 voluntate
1836 1203 1896 1267 per
1916 1202 1986 1246 seu·

305 1284 444 1348 teuciem
466 1282 692 1366 iudicauimus,
716 1295 752 1350 ut
772 1307 854 1350 unus
878 1285 1108 1352 monachorum
1138 1295 1328 1366 vestrorum,
1361 1285 1484 1351 litteras
1519 1308 1600 1373 quas
1633 1285 1727 1352 nobis
1758 1285 1979 1367 hostendems,

311 1397 344 1452 et
363 1397 488 1478 testem,
513 1411 609 1476 quem
633 1389 844 1476 produxeras,
868 1399 1070 1456 sacramento
1094 1390 1246 1472 firmaret,
1260 1389 1346 1476 quod
1359 1389 1435 1454 dum
1451 1389 1558 1454 facere
1574 1389 1787 1473 decreuisses,
1806 1388 1882 1454 licet
1897 1389 1981 1454 idem

306 1493 412 1558 Petris
437 1504 469 1559 et
489 1493 648 1561 Martinus
671 1517 710 1560 ec
733 1494 915 1582 inrisnus,
941 1498 1044 1583 primo
1068 1495 1241 1582 plurimum
1266 1497 1491 1576 irascerentur,
1523 1495 1565 1559 ad
1597 1493 1744 1560 ultimum
1775 1504 1896 1578 tamen,
1928 1517 1986 1560 uec

306 1609 542 1666 sacramentum
566 1599 624 1665 tibi
648 1601 726 1667 dare
749 1601 931 1684 voluerunt,
955 1601 1014 1667 sed
1037 1600 1118 1667 illud
1139 1600 1233 1666 vobis
1256 1600 1363 1666 facere
1386 1602 1514 1687 penitus
1538 1603 1738 1682 remiserunt,
1770 1599 1862 1686 (b)ac
1886 1601 1983 1685 igitur

305 1706 435 1770 racione
461 1714 495 1770 tu
519 1703 661 1792 prefatus
684 1706 787 1771 abbas
813 1716 845 1772 et
868 1717 958 1772 tuum
980 1707 1210 1772 monasterium
1234 1727 1368 1771 eausam
1391 1707 1559 1792 optinuisti
1582 1716 1614 1771 et
1639 1704 1791 1791 placitum
1816 1708 1850 1770 in
1868 1727 1981 1792 propa·

305 1808 373 1874 tulo
398 1808 557 1894 demsisti,
579 1820 611 1876 et
633 1813 800 1876 memorati
824 1813 886 1876 iuri
911 1813 1104 1876 contrariam
1128 1811 1326 1876 sentenciam
1359 1821 1616 1897 reportauerunt.
1641 1810 1843 1875 Prefatsrum
1876 1820 1983 1874 autem

307 1923 463 1980 terrarum
487 1917 616 1982 termini
640 1926 714 1982 sunt
733 1916 780 1980 hii
804 1926 837 1983 et
859 1919 905 1981 ita
927 1917 1166 2002 distinguntur:
1189 1917 1338 2002 inprimis
1360 1915 1401 1980 ab
1436 1914 1530 1980 alueo
1565 1914 1690 1980 fluuioli
1726 1917 1796 1980 siue
1830 1916 1984 1979 torrentis

306 2019 483 2105 Jassenice,
505 2022 562 2088 ubi
585 2031 635 2088 est
656 2023 711 2088 via
734 2025 827 2106 carri,
851 2023 907 2109 qui
931 2020 1072 2087 sclauice
1093 2019 1199 2087 colnic
1223 2020 1351 2100 dicitur,
1376 2020 1432 2086 ubi
1455 2031 1504 2086 est
1535 2020 1617 2107 lapis
1646 2023 1807 2084 inmersus
1841 2021 1875 2084 in
1911 2041 1980 2105 pro·

307 2127 464 2192 montorio
488 2128 559 2210 riui,
583 2137 616 2192 et
638 2127 679 2191 ab
704 2127 778 2192 inde
802 2149 904 2214 usque
928 2126 970 2191 ad
993 2125 1091 2191 alium
1117 2125 1258 2212 lapidem
1282 2147 1340 2212 pro
1364 2126 1456 2210 signo
1490 2127 1628 2211 positum
1661 2147 1775 2190 versus
1807 2123 1985 2206 meridiem,

306 2230 364 2295 ubi
387 2240 436 2296 est
459 2233 626 2316 congeries
650 2231 803 2319 lapidum,
824 2241 856 2296 et
879 2231 921 2296 ab
945 2230 1021 2296 inde
1045 2253 1159 2296 versus
1190 2240 1337 2295 austrum
1372 2252 1475 2316 usque
1509 2230 1551 2295 ed
1585 2252 1740 2294 aceruum
1776 2227 1921 2315 lapidum
1957 2239 1988 2292 et

241 2397 247 2410 ,
306 2336 433 2421 rupium
457 2345 488 2402 et
506 2335 548 2401 ab
573 2337 647 2402 inde
670 2358 784 2403 versus
809 2339 1021 2403 meridianam
1045 2345 1169 2422 partem
1193 2357 1297 2423 usque
1320 2335 1362 2400 ad
1385 2335 1512 2400 radices
1548 2334 1704 2399 ficulneas
1738 2342 1771 2397 et
1804 2355 1910 2419 usque
1944 2331 1984 2396 ad

306 2439 420 2505 collem
443 2463 570 2507 sursum
595 2441 650 2507 ubi
675 2445 730 2508 vie
753 2445 837 2508 carri
862 2443 1008 2523 hebetur,
1032 2453 1064 2506 et
1086 2441 1128 2506 ab
1153 2440 1230 2506 inde
1252 2451 1341 2506 recto
1365 2443 1493 2506 tramite
1517 2443 1549 2504 in
1574 2443 1687 2506 curina
1707 2461 1810 2526 usque
1827 2437 1985 2503 edulium

306 2567 453 2630 campum
478 2548 512 2611 in
536 2547 689 2613 Draciani
713 2555 746 2613 et
767 2571 869 2635 usque
890 2547 931 2613 ad
956 2556 1082 2612 montes
1105 2547 1267 2610 maximos
1291 2545 1445 2633 quicquid
1480 2545 1586 2611 excoli
1621 2555 1737 2632 potest,
1771 2553 1803 2609 et
1835 2543 1877 2608 ab
1909 2542 1984 2608 inde

308 2672 420 2716 versus
443 2661 587 2717 austrum
609 2675 712 2738 usque
735 2652 777 2718 ad
801 2663 904 2718 terres
929 2655 1032 2719 sancti
1053 2653 1196 2728 Dimitri,
1221 2651 1277 2717 ubi
1312 2653 1435 2739 lepidos
1472 2655 1615 2717 immersi
1648 2661 1732 2736 sunt,
1768 2660 1801 2715 et
1830 2651 1872 2716 ab
1907 2651 1986 2736 ipsis

306 2757 407 2841 signis
430 2757 593 2823 tendendo
618 2781 731 2824 versus
755 2757 939 2846 aquilonem
963 2781 1064 2846 usque
1092 2759 1135 2824 ad
1157 2757 1279 2824 vellem
1304 2767 1336 2823 et
1357 2779 1460 2845 usque
1483 2757 1525 2822 ad
1549 2755 1689 2822 Blattam
1714 2765 1801 2822 recto
1823 2754 1915 2834 calla,
1932 2755 1986 2820 ubi
2084 2771 2118 2840 ,ξ

307 2870 451 2927 certast
474 2874 586 2950 aperta
609 2866 702 2951 signa
725 2864 868 2951 lapidum
893 2865 1102 2952 positasuut,
1126 2863 1223 2929 eteb
1255 2863 1331 2928 inde
1363 2865 1479 2928 iterum
1515 2885 1628 2928 versus
1662 2860 1866 2927 occidentem
1896 2869 1983 2925 recto

308 2967 390 3032 calle
412 2968 503 3034 iuxta
526 2969 665 3035 Blattam
691 2971 856 3057 usquead
880 2970 1039 3057 prefatum
1062 2969 1316 3057 promontorium
1341 2967 1435 3051 aluei,
1459 2967 1514 3034 ubi
1539 2966 1620 3054 lapis
1644 2969 1803 3032 inmersus
1828 2967 1979 3046 cernitur,

308 3081 340 3136 et
362 3094 466 3158 usque
489 3096 616 3139 sursum
639 3075 681 3140 ad
704 3084 840 3160 montes,
864 3075 1018 3163 quicquid
1041 3074 1126 3140 infra
1149 3076 1254 3140 estin
1276 3075 1370 3139 terris
1395 3081 1427 3139 et
1449 3074 1579 3160 pascuis
1596 3095 1636 3137 ac
1657 3073 1750 3157 aquis
1773 3080 1806 3136 et
1836 3069 1985 3136 omnibus

308 3199 371 3264 que
394 3177 440 3242 ibi
463 3187 547 3262 suut,
570 3179 612 3244 ad
633 3183 697 3244 iam
722 3177 842 3246 dictum
867 3181 1097 3247 monasterium
1121 3179 1268 3266 pertinet,
1293 3179 1377 3244 sieut
1399 3201 1442 3244 ex
1461 3177 1644 3242 ostensione
1659 3176 1822 3264 prenotati
1844 3174 1985 3259 Mergeri

308 3293 341 3348 et
363 3282 502 3369 plurium
518 3283 654 3350 aliorum
670 3287 863 3372 accepimns,
881 3308 962 3372 quas
976 3287 1072 3352 etiam
1088 3294 1120 3350 et
1134 3285 1293 3372 qui(dem)
1309 3291 1397 3349 tauto
1413 3282 1534 3371 pluries
1552 3283 1855 3358 circumcinximus;
1873 3289 1907 3346 et
1923 3279 1982 3346 boo

310 3389 496 3455 memoriale
520 3391 674 3476 scriptum
698 3412 756 3476 per
778 3393 880 3456 nostri
903 3393 1019 3457 notarii
1043 3411 1158 3456 manus
1181 3389 1251 3454 lieri
1274 3391 1427 3455 iussimus
1458 3397 1613 3474 perpetuo
1648 3407 1908 3471 permansurum.
1943 3383 1985 3448 Ilt

309 3515 369 3580 ego
393 3493 532 3575 Blasius,
557 3503 667 3560 sancte
691 3493 864 3560 Anastasie
887 3496 1043 3560 diaconus
1067 3503 1099 3560 et
1121 3494 1279 3560 iadertiue
1302 3496 1392 3560 curie
1415 3517 1454 3560 ac
1470 3494 1610 3559 ciuitatis
1626 3493 1781 3574 notarius,
1807 3493 1899 3554 iussu
1916 3511 1982 3576 pre-

309 3601 420 3686 scripti
444 3601 570 3665 comitis
593 3610 625 3664 et
645 3600 761 3667 iudicis
785 3609 1032 3688 ceterorumque
1055 3600 1212 3666 nobilium
1233 3598 1318 3664 banc
1339 3599 1451 3664 iudicii
1481 3607 1612 3680 cartam,
1643 3606 1679 3662 ut
1708 3595 1830 3678 audiui,
1861 3595 1984 3681 scripsi,

309 3704 458 3770 roboraui
484 3715 515 3770 et
538 3707 631 3792 signo
655 3716 807 3772 consueto
832 3708 959 3793 signaui
981 3729 1021 3772 ao
1042 3704 1132 3772 bulla
1154 3703 1324 3792 principali
1347 3705 1507 3791 impressi.

459 3904 649 3961 Polichorion.
671 3905 698 3962 U
720 3905 822 3960 arkivu
847 3904 998 3979 gubernija
1020 3904 1189 3976 nsdarskog.

625 4151 865 4279 ooxuvn.
893 4197 1005 4280 nor.
1032 4195 1095 4279 rs.
1122 4196 1276 4298 npnso.
1305 4195 1342 4278 u
1371 4191 1671 4277 nuurovnuu.

447 4373 650 4437 Datroootta
666 4377 771 4437 obtine
792 4375 884 4435 orado
906 4375 999 4434 etro
1019 4391 1062 4436 su.
1086 4374 1203 4448 Mariis
1225 4374 1263 4434 od
1284 4374 1404 4434 Bocota
1425 4374 1600 4431 smmstanu
1622 4369 1853 4428 lotrumstoma.

459 4564 497 4628 In
520 4585 604 4630 anno
630 4563 791 4640 dominice
814 4563 1049 4628 Incsrnetionis
1070 4561 1241 4627 millesimo
1265 4561 1440 4625 centesimo
1464 4557 1677 4640 nonagesimo
1701 4555 1850 4641 septimo,
1864 4553 1979 4620 mensis

310 4669 400 4734 Junii
424 4669 477 4734 die
497 4679 682 4736 sanctorum
706 4668 926 4756 apostolorum
949 4668 1037 4733 Petri
1058 4677 1090 4731 et
1112 4666 1215 4732 Pauli.
1239 4665 1336 4745 Quod
1370 4665 1514 4749 Regusio
1542 4671 1650 4727 actum
1681 4681 1791 4725 eorem
1822 4659 1981 4745 presentis

311 4775 433 4840 domini
457 4777 582 4840 comitis
604 4774 723 4841 Lucari
748 4785 780 4840 et
802 4775 945 4840 omnium
968 4774 1217 4858 Ragusinorum,
1239 4773 1274 4836 in
1291 4769 1428 4836 ecclesia
1443 4777 1553 4834 sancte
1576 4767 1704 4834 Mario.
1724 4816 1732 4832 .
1750 4815 1758 4833 .
1775 4764 1981 4831 declaratum.

311 4881 400 4946 Dum
422 4879 524 4946 abbas
547 4881 697 4947 stancius
720 4881 974 4946 lacromonensis
997 4879 1183 4944 monasterii
1204 4879 1237 4942 in
1261 4878 1331 4962 ipsa
1353 4884 1456 4940 matre
1478 4875 1610 4939 missam
1634 4871 1830 4950 celebrabat,
1848 4881 1882 4935 et
1898 4869 1977 4932 facto

218 5071 220 5076 Ι
311 4988 441 5054 silentio
462 4993 636 5075 antequam
658 4985 864 5072 euangelium
888 4987 1097 5070 pronuntiare
1122 5031 1130 5048 .
1154 5033 1161 5048 .
1185 5032 1193 5048 .
1219 4982 1366 5068 querenti
1388 4980 1432 5046 ad
1454 4981 1605 5044 comitem
1628 4987 1661 5044 et
1683 4999 1813 5042 omnem
1830 4973 1978 5062 populum

315 5094 355 5160 de
377 5094 516 5162 ecclesia
538 5103 650 5160 sencte
666 5095 767 5159 Maris
783 5092 824 5158 de
839 5092 970 5174 Reeata,
995 5089 1154 5177 quomodo
1166 5087 1174 5150 “.
1188 5135 1196 5153 .
1211 5087 1385 5153 ,memorie
1405 5107 1511 5150 comes
1524 5085 1668 5169 Sanigus
1681 5080 1863 5169 (Gundula)
1877 5099 1978 5162 sump-

319 5199 405 5268 tibus
424 5202 491 5267 suis
515 5198 629 5265 feeerit
652 5250 660 5267 .
686 5249 694 5264 .
718 5245 727 5263 .
750 5197 843 5281 forst,
865 5206 897 5262 et
919 5196 1006 5284 quod
1026 5195 1256 5260 monasterinm
1279 5192 1480 5258 Lacromone
1503 5190 1636 5272 scilicet,
1660 5209 1735 5254 cum
1750 5184 1902 5253 omnibus
1916 5183 1979 5250 suis
