4310 5918
305 397 349 464 80

304 589 482 676 praemissa
504 586 625 666 fecerit,
647 607 666 648 a
687 595 797 652 nostro
829 585 1201 672 collegio-excludatur.
1234 583 1331 664 Quod
1367 586 1395 647 si
1429 583 1533 648 dictus
1573 583 1717 650 Licinius
1748 606 1809 650 nec
1840 583 1991 670 legaliter

304 696 336 759 in
361 716 419 759 sua
442 687 580 756 ecclesia
603 691 779 776 perstiterit
800 689 931 773 haeres,
957 690 1014 755 sed
1036 699 1204 756 euentatns
1240 699 1276 754 nt
1298 697 1470 754 extraneus
1493 689 1660 764 accedens,
1683 699 1715 753 et
1737 690 1769 754 in
1794 711 1854 755 sua
1878 687 1992 752 mallet

304 801 408 885 prima
430 796 607 863 adhaerere
630 795 777 877 ecclesia,
804 806 838 860 ut
866 796 1036 882 presbyter
1060 804 1256 881 permaneat.

464 901 508 966 X.
532 899 578 966 Ut
601 899 724 964 nullum
748 902 921 988 episcopus
945 911 1074 966 nostrae
1106 901 1291 988 prouinciae
1315 899 1433 964 audeat
1455 899 1487 964 in
1511 898 1656 985 quolibet
1679 899 1784 984 gradu
1812 897 1994 963 sclaninica

306 1009 416 1093 lingua
439 1005 648 1093 promoueri,¹
689 1013 756 1068 tam
794 1006 826 1068 in
859 1004 1012 1070 clerIcatu
1045 1015 1079 1070 et
1109 1004 1298 1070 monachatu
1334 1002 1394 1068 deo
1420 1004 1593 1070 deser-nire.
1618 1003 1688 1070 Nec
1709 1007 1743 1070 in
1767 1027 1827 1070 sua
1850 1003 1992 1070 ecclesia

303 1116 388 1180 sinat
410 1134 483 1178 eum
509 1111 639 1174 missam
652 1107 811 1174 ¹facere·
806 1119 956 1196 ,praeter
972 1111 999 1174 si
1016 1111 1239 1174 necessitatem
1257 1107 1436 1172 sacerdota
1433 1133 1458 1169 ιι
1477 1107 1623 1190 haberet,
1644 1132 1701 1195 per
1717 1110 1990 1195 supplicationem

303 1243 326 1285 a
345 1239 479 1285 romano
503 1214 654 1302 pontifice
679 1212 891 1278 licentiam
863 1239 893 1277 er
918 1213 1128 1280 sacerdotalis
1152 1215 1322 1295 ministerii
1346 1212 1476 1276 tribuat.

220 1307 227 1322 ⁸
462 1319 521 1384 XI.
544 1319 590 1384 Ut
613 1319 783 1405 episcopus
808 1315 1009 1398 croatorum,
1034 1323 1116 1384 sicut
1139 1342 1199 1384 nos
1224 1341 1346 1400 omnes,
1371 1327 1499 1383 nostras
1534 1285 1690 1384 ecclesiae
1721 1317 1991 1404 metropolitanas

304 1428 439 1496 subesse
456 1448 491 1492 se
514 1426 605 1490 sciat.

461 1530 539 1596 XII.
564 1527 660 1607 Quod
684 1529 794 1607 sirex
816 1538 849 1592 et
871 1550 1022 1614 proceres
1046 1526 1236 1592 croatorum
1262 1551 1373 1593 omnes
1396 1527 1562 1594 dioceseos
1586 1530 1838 1615 episcoporum¹
1869 1527 1991 1592 limitas

304 1647 432 1706 nostrae
457 1633 722 1720 metropolitanae
739 1655 796 1697 ιιιο
814 1635 947 1719 cupiunt
967 1633 1135 1698 vindicare
1151 1635 1301 1720 pontifici,
1319 1632 1425 1698 nullus
1448 1657 1491 1699 ex
1513 1634 1632 1697 nostris
1657 1657 1714 1720 per
1737 1633 1893 1698 omnem⁴
1917 1654 1991 1718 pro·

303 1745 443 1810 vinciam
463 1761 574 1803 eorum
598 1759 701 1823 neqnc
736 1739 1016 1824 regenecrationes
1040 1737 1146 1818 faciat,
1171 1759 1274 1824 neque
1298 1735 1450 1802 ecclesias
1482 1737 1534 1802 vel
1562 1738 1771 1824 presbyteros
1803 1747 1986 1818 consecret,
2064 1751 2069 1756 “

303 1850 395 1914 tam¹
416 1847 449 1910 in
483 1845 549 1908 suis
580 1842 711 1908 sedibus
732 1842 1005 1908 commorantibus
1034 1865 1090 1928 pro
1111 1844 1237 1908 animae
1254 1865 1344 1928 opus.
1362 1841 1518 1928 Quisquis
1534 1843 1575 1906 ad
1592 1864 1650 1906 nos
1666 1846 1841 1908 accesserit
1859 1857 2002 1907 consen

303 1955 384 2034 uari,
408 1950 602 2035 regenerari,
627 1946 825 2012 chrismam¹
855 1947 916 2012 sibi
950 1947 1019 2012 dari
1044 1949 1236 2034 poposcerit,
1260 1947 1383 2033 absque
1407 1947 1557 2034 scrupulo
1589 1949 1676 2012 omni
1700 1971 1758 2034 per
1789 1958 1889 2013 totam
1914 1970 1989 2033 pro·

304 2058 444 2126 uinciam
470 2057 540 2140 ipsa
564 2054 716 2118 tribuant.
742 2052 792 2117 De
816 2061 945 2118 caetero
968 2062 1074 2116 antem
1097 2075 1171 2118 cum
1193 2074 1251 2117 sno
1273 2057 1351 2138 pont
1338 2053 1423 2118 tifics
1447 2052 1508 2118 deo
1532 2052 1670 2116 reddant
1692 2055 1850 2118 rationem
1873 2051 1915 2116 de
1939 2051 1991 2116 his

304 2161 463 2242 omnibns,
488 2179 570 2252 qnae
594 2161 625 2222 in
650 2159 696 2220 eis
710 2155 903 2222 christianae
920 2157 1086 2241 religionis
1105 2158 1223 2242 dogma
1238 2157 1385 2238 defuerit,
1403 2167 1514 2222 nostra
1549 2179 1657 2222 coram
1681 2157 1743 2222 deo
1766 2157 1992 2223 conscientia⁷

304 2263 461 2334 absoluta.

463 2366 556 2434 XIII.
589 2365 672 2431 Ut
663 2389 696 2430 ιιι
729 2364 865 2432 ecclesia
895 2365 950 2430 ubi
986 2365 1157 2452 presbyter
1188 2367 1313 2430 occisus
1345 2375 1403 2448 est,
1436 2375 1510 2432 ante
1540 2366 1820 2432 satisfactionem'
1812 2367 1912 2452 ipsius
1937 2365 1991 2430 vel

304 2475 419 2563 plebi⁸
442 2487 477 2539 ιιι
498 2494 675 2559 congruum
705 2472 766 2556 ipsi
798 2472 949 2556 episcopo
974 2469 1110 2552 videtur,
1135 2470 1242 2546 nullus
1266 2473 1396 2536 missam
1421 2471 1528 2552 lacIat,
1560 2481 1592 2536 et
1614 2479 1649 2536 ut
1671 2493 1692 2534 a
1712 2470 1913 2558 presbyteris
1937 2494 1991 2536 res

304 2581 461 2648 ecclesiae
483 2601 545 2644 non
577 2577 792 2656 destruantur,
827 2597 932 2661 neque
967 2574 1065 2640 semel
1097 2585 1247 2661 suscepta
1278 2574 1415 2640 ecclesia
1447 2577 1516 2642 sine
1539 2597 1637 2642 causa
1659 2575 1868 2661 relinquatur.
1892 2575 1990 2656 Quod

225 2703 232 2714 ”
305 2689 332 2754 si
356 2686 450 2752 aliter
469 2685 590 2763 fecerit,
611 2681 715 2748 donec
738 2679 866 2766 perdita
888 2681 1043 2762 restituat,
1069 2690 1100 2744 et
1119 2679 1256 2746 ecelesia
1280 2684 1409 2767 propria
1432 2683 1575 2766 recipiat,
1591 2685 1606 2722 ¹
1625 2683 1937 2746 excommunicetur.
1980 2767 1986 2772 -

461 2787 554 2854 XIV.
586 2786 631 2852 Ut
661 2807 779 2852 uxores
813 2789 962 2872 propriae
985 2786 1136 2872 deinceps
1169 2807 1233 2850 non
1264 2786 1461 2868 dimitantur,
1485 2787 1546 2850 nisi
1570 2796 1703 2872 propter
1724 2785 1991 2868 fornicationem

305 2895 391 2986 quod
416 2895 538 2980 siquis
563 2892 731 2973 dimiserit,
754 2893 1041 2977 sic.per1naneat;
1065 2901 1097 2954 ct
1120 2902 1154 2955 ut
1179 2889 1334 2962 haeredes
1365 2914 1449 2970 suos,
1476 2913 1588 2956 seruos
1612 2913 1688 2956 suos
1709 2891 1851 2956 litterate
1871 2891 1991 2958 studiis

303 3001 441 3083 tradant,
476 3001 670 3085 quicumque
694 2996 959 3062 christianitatem
985 2995 1158 3080 perfectam
1184 2995 1302 3076 hahere
1326 2997 1467 3082 cupiunt,
1505 3006 1541 3060 ιιι
1571 2995 1618 3060 illi
1652 3018 1707 3060 eos
1738 2998 2004 3074 iactanter-cora

303 3109 432 3193 ripiant,
457 3105 519 3190 ipsi
543 3125 598 3168 eos
613 3103 641 3141 ¹¹
664 3102 803 3167 libenter
825 3099 1011 3182 exaudiant,
1048 3124 1111 3165 non
1135 3111 1170 3166 ut
1193 3101 1389 3187 peregrinos,
1414 3101 1471 3166 sed
1495 3112 1530 3166 ut
1550 3102 1708 3187 proprios.

254 3287 256 3291 Ι
462 3207 539 3274 XV.
565 3205 659 3287 Quod
685 3207 713 3270 si
742 3204 894 3270 sacerdos
910 3206 935 3242 ¹¹
952 3206 1187 3271 incontinenter
1205 3217 1333 3292 propter
1352 3209 1454 3291 ipsam
1472 3206 1703 3270 continentiam
1723 3207 1871 3292 primam,
1889 3227 1988 3292 quam

303 3318 435 3384 sortitus
455 3325 513 3396 est,
538 3321 706 3399 separatur
720 3312 747 3350 ¹¹
769 3333 790 3376 a
813 3311 972 3376 consortio
996 3308 1107 3394 cellae,
1124 3321 1232 3375 teneat
1257 3333 1401 3392 uxorem,
1426 3313 1452 3376 si
1476 3333 1554 3376 vero
1569 3311 1666 3376 aliam
1682 3311 1823 3392 duxerit,
1855 3333 1989 3376 excom·

304 3423 497 3489 municetur.

414 3595 420 3604 ¹
461 3523 533 3588 Hac
556 3523 601 3586 ita
632 3520 742 3586 hahita
771 3519 1012 3602 deliberatione,
1040 3543 1123 3607 quoe
1154 3522 1372 3608 suprascripta
1388 3522 1602 3605 continentur,
1619 3532 1736 3586 cuncta
1759 3545 1817 3608 per
1839 3523 2005 3594 ordinem.

304 3642 415 3700 sancte
430 3631 458 3669 ¹³
491 3626 636 3716 synodus
669 3647 803 3690 romano
827 3625 972 3712 pontifici
997 3625 1216 3692 confirmanda
1252 3649 1309 3712 per
1343 3626 1446 3690 dictos
1481 3615 1559 3692 suos
1592 3627 1715 3712 legatos
1750 3631 1932 3715 episcopos,
1957 3639 1990 3694 et

303 3737 434 3816 Petrum
459 3733 683 3822 presbyterum
709 3729 935 3815 spalatensem,
967 3731 1095 3794 insertis
1119 3729 1234 3793 litteris
1265 3731 1417 3794 nunciare
1448 3729 1599 3795 decreuit.
1626 3731 1792 3811 Quatenus
1826 3731 1987 3798 diuinitus

303 3843 454 3928 antiquae
471 3837 637 3921 religionis
653 3834 802 3918 dogma
795 3857 826 3898 ιιι
844 3833 988 3899 ecclesiis
1006 3833 1240 3897 Dalmatiarum
1259 3833 1393 3930 arbitris>
1410 3837 1526 3898 summi
1543 3837 1704 3920 pontilicis
1721 3839 1878 3902 uniuersa
1896 3861 1991 3925 prae·

303 3945 404 4010 libata
427 3944 627 4008 sortirentur.
650 3937 716 4002 Sed
740 3961 812 4003 cum
837 3941 1010 4004 terminare
1043 3949 1158 4002 cuncta
1182 3937 1325 4022 legitime
1349 3923 1480 4024 antiquo
1509 3962 1597 4004 more
1620 3939 1903 4026 praestolaremur,
1927 3943 1989 4008 fuit

282 4051 284 4054 ’
301 4050 410 4115 fratris
426 4048 527 4113 nostri
552 4045 695 4131 episcopi
712 4045 875 4125 nonensis,
893 4065 947 4130 qur
939 4043 1024 4107 sibi
1042 4043 1208 4108 vindicare
1227 4045 1359 4130 cupiens
1373 4047 1543 4130 primatum
1560 4044 1621 4108 Dal
1625 4047 1839 4132 matianornm
1856 4047 1884 4085 ¹⁴
1907 4050 1990 4135 epis·

303 4176 467 4242 coporum,
499 4150 561 4215 hoc
591 4147 678 4235 quod
709 4171 771 4212 non
804 4146 999 4234 expediebat
1030 4156 1141 4212 contra
1171 4146 1288 4212 dictam
1321 4147 1489 4234 synodum,
1514 4150 1545 4212 in
1570 4149 1702 4214 auribus
1729 4139 1918 4236 apostolicis
1943 4156 1990 4218 in·

301 4261 419 4324 iustum
438 4256 549 4322 iniecit
564 4253 748 4318 certamine.
762 4254 791 4293 ¹¹
813 4252 919 4332 Quam
936 4252 977 4317 ob
994 4274 1061 4317 rem
1076 4251 1239 4320 diuersa¹¹
1261 4276 1280 4317 a
1311 4255 1436 4318 nunciis
1454 4254 1663 4320 recitantibus
1679 4255 1720 4320 de
1734 4255 1785 4322 his
1801 4257 1950 4344 partibus
1963 4259 1993 4300 ¹¹

303 4373 335 4430 et
357 4363 473 4429 litteris
497 4359 682 4448 patentibus
705 4380 769 4423 non
793 4357 944 4444 aequalia
970 4357 1164 4443 ambiguitas
1187 4380 1339 4422 romanae
1357 4357 1514 4423 ecclesiae
1538 4357 1632 4442 facta,
1657 4383 1721 4424 non
1746 4359 1927 4427 dillinita¹¹
1946 4365 1989 4430 ad

303 4493 362 4536 nos
386 4479 418 4534 et
439 4465 581 4534 finienda
605 4463 712 4529 adhuc
734 4461 872 4548 epistola
895 4486 915 4526 a
938 4463 1123 4528 beatissimo
1138 4463 1166 4502 ¹¹
1189 4486 1272 4550 papa
1294 4463 1420 4528 Joanne
1439 4485 1496 4549 per
1515 4461 1655 4548 legatum
1681 4477 1825 4532 nostrum
1853 4470 1991 4536 remissa

304 4583 372 4656 est,
384 4575 475 4638 cuius
498 4592 575 4634 vero
599 4567 753 4655 epistolae
777 4577 870 4633 tenor
892 4575 977 4632 tecta
1010 4565 1062 4631 hic
1093 4567 1190 4632 est¹⁰.

460 4675 603 4742 Joannes
616 4675 785 4760 episcopus
799 4693 912 4738 seruus
925 4693 1093 4737 seruorum
1103 4671 1153 4737 dei
1162 4671 1431 4737 reuerendissimo
1444 4680 1476 4736 et
1494 4674 1696 4738 sanctissimo
1709 4673 1863 4742 confratri
1876 4681 1989 4744 nostro

302 4783 421 4852 Joanni
437 4788 567 4846 sanctae
587 4777 782 4845 salonitanae
808 4776 963 4843 ecclcsiae
982 4777 1235 4864 archiepiscopo,
1251 4778 1463 4865 omnibusque
1487 4779 1553 4844 suis
1579 4779 1792 4864 suffraganeis
1816 4783 1989 4871 episcopis.

304 4958 568 4981 -.,.........

414 5048 770 5110 1Ριιἰ1ιιιὶ;ιοΙιιιιίιιίι-ιιιι
798 5050 922 5120 liugnam
952 5057 1127 5120 promouere.
1156 5043 1217 5104 ΩΡ.
1240 5049 1347 5104 missas.
1383 5043 1446 5103 ³F.
1472 5043 1557 5105 infra.
1589 5039 1653 5107 ⁴1³.
1676 5047 1810 5108 omnium.
1840 5045 1904 5108 ὅΡ.
1921 5059 1992 5110 tam.

304 5143 368 5206 ¹F.
392 5143 521 5200 chrisma.
559 5134 619 5195 7Ρ.
642 5143 694 5194 est.
723 5133 778 5191 ¹F.
802 5136 901 5207 plebis.
941 5131 1002 5192 ¹¹F.
1025 5136 1154 5206 accipiat.
1183 5129 1254 5190 ¹⁰F.
1298 5143 1327 5192 st
1356 5136 1411 5207 ipsi
1433 5153 1490 5192 eos.
1526 5131 1601 5191 ¹¹F.
1633 5136 1803 5193 sacerdotes.
1840 5134 1869 5172 ¹¹¹
1885 5140 1991 5197 Pisano

304 5232 454 5307 pogricino
477 5227 608 5299 separati.
656 5217 858 5280 13Ρ.ιιιιιοιιι.
893 5217 968 5278 ¹¹F
991 5222 1196 5280 dalmatiarum.
1233 5219 1307 5279 ¹¹¹F.
1331 5231 1481 5278 certamen.
1510 5217 1585 5278 ¹¹¹F.
1610 5229 1648 5278 et.
1679 5217 1755 5284 17Ρ.
1779 5228 1989 5298 praesentibus.

311 5315 387 5382 ¹⁸F.
409 5315 535 5374 definito.
564 5309 638 5369 ¹¹¹F.
659 5311 904 5373 reuerendissimo.
930 5305 1012 5367 ὀΡ.
1036 5317 1118 5366 tenor
1138 5310 1184 5366 hic
1208 5318 1267 5368 est:
