4350 5932
605 687 848 772 LXXVIII.
866 688 955 773 879.
976 689 1034 771 14.
1052 687 1207 790 llpnjtt.
1236 685 1272 769 U
1290 686 1435 768 Rimu.

173 886 251 945 Iaca
281 886 375 946 VIII.
393 895 480 962 popa
496 887 596 961 jcvljo
618 884 812 959 Sootoplukra
844 886 920 944 kalne
936 888 970 960 je
993 887 1046 946 duo
1066 885 1116 980 da·
1130 886 1232 960 ujepov
1255 883 1423 956 aadbisleup
1447 881 1577 941 Metodio
1593 881 1677 956 uJ'eru
1693 882 1858 944 lrrdc'unslru

421 993 507 1052 acuti
523 1009 565 1066 1³0
590 992 694 1052 aouku
716 992 865 1063 rtmstom,
888 992 900 1049 a·
923 993 964 1051 do
983 1011 1024 1067 oo
1040 993 1070 1063 je
1092 995 1158 1050 acto
1174 989 1272 1063 produ
1295 1005 1325 1048 se
1343 1003 1457 1060 poauoo
1480 1004 1501 1045 u
1523 987 1603 1047 Rim.

791 1163 984 1249 Zvuenlapu
1008 1162 1047 1228 de
1072 1161 1239 1228 Marauna.

332 1337 423 1404 Scire
445 1361 503 1404 vos
520 1337 678 1420 volumus,
699 1339 775 1423 quia
800 1361 868 1419 nos,
886 1340 940 1424 qui
960 1361 1017 1424 per
1033 1338 1084 1402 dci
1101 1339 1249 1422 gratiam,
1267 1337 1353 1402 beati
1371 1335 1457 1400 Petri
1470 1334 1685 1422 apostolorum
1704 1335 1857 1422 principis

172 1442 277 1505 vicem
302 1453 459 1524 tenemus,
493 1447 545 1530 pio
576 1466 684 1508 amore
718 1465 785 1522 vos,
815 1445 906 1528 quasi
925 1443 1116 1508 karissimos
1131 1442 1213 1510 filios
1230 1441 1462 1528 amplectimur,
1480 1454 1512 1505 ct
1528 1451 1661 1527 paterna
1685 1438 1857 1506 dilectione

173 1543 331 1629 amanus3
364 1550 546 1634 nostrisque
584 1548 724 1614 assiduis
756 1547 906 1634 precibus
939 1571 997 1632 vos
1021 1571 1131 1614 omnes
1156 1547 1251 1614 lbrsu
1276 1545 1405 1614 Christo
1429 1547 1559 1610 domino
1583 1546 1857 1610 commendamus.
1897 1535 1900 1542 ¹

173 1649 315 1716 Orantes
337 1673 466 1738 semper
489 1675 547 1739 pro
572 1654 676 1734 vobis,
702 1657 738 1718 ut
761 1653 841 1718 deus
864 1655 1076 1739 omnipotens,
1095 1655 1149 1739 qui
1166 1651 1264 1718 corda
1288 1663 1396 1716 vestra
1421 1651 1634 1730 inluminauit,
1659 1661 1691 1714 et
1714 1651 1857 1716 adriam

173 1759 504 1844 veritatis-perduxit,
529 1760 561 1822 in
586 1757 679 1822 bonis
704 1757 856 1842 operibus
871 1757 1049 1838 confirmet,
1076 1769 1108 1820 ‹t
1130 1779 1230 1842 usque
1255 1757 1414 1823 adfinem
1441 1759 1472 1820 in
1498 1743 1586 1820 recta
1607 1755 1681 1837 fide,
1707 1756 1856 1842 bonaque

172 1864 302 1928 actione
335 1863 503 1928 decoratos
537 1885 605 1946 vos,
637 1873 732 1948 atque
765 1861 941 1926 incolumes
975 1861 1126 1947 dignetur
1160 1862 1349 1948 perducere.
1375 1861 1469 1942 Quod
1494 1884 1577 1942 cum,
1602 1863 1685 1926 sicut
1707 1860 1857 1926 Johanne

161 1967 365 2054 ,presbytero
387 1980 505 2050 vestro,
529 1990 624 2053 quem
660 1967 753 2034 nobis
776 1969 918 2050 misistis,
943 1967 1102 2036 referente
1133 1967 1315 2052 didicimus,
1336 1970 1369 2032 in
1393 1977 1481 2032 recta
1503 1968 1566 2034 fide
1593 1967 1756 2033 dubitetis.
1790 1968 1857 2032 Mo·

174 2096 288 2138 nemus
314 2073 519 2138 dilectionem
551 2083 702 2154 vestram,
735 2082 770 2136 ut
793 2075 839 2138 sic
864 2075 1016 2154 teneatis,
1034 2075 1081 2137 sic
1112 2073 1260 2156 credatis,
1296 2077 1380 2139 sicut
1411 2083 1522 2138 sancta
1553 2096 1685 2138 romana
1717 2073 1855 2139 ecclesia
1886 2105 1892 2114 ·

177 2180 217 2244 ab
241 2181 314 2265 ipso
339 2179 557 2266 apostolorum
583 2180 727 2264 principe
751 2177 872 2261 didicit,
895 2180 1004 2258 tenuit,
1029 2190 1061 2242 et
1077 2200 1178 2264 usque
1207 2179 1248 2243 ad
1270 2182 1367 2246 finem
1387 2178 1568 2264 seculorum
1593 2180 1723 2243 tenebit.
1747 2178 1856 2266 Atque

178 2307 234 2370 per
257 2295 360 2349 totum
385 2285 538 2352 mundum
572 2283 694 2348 cotidie
726 2292 857 2348 sauctae
881 2281 958 2347 fidei
981 2283 1091 2363 verba,
1123 2291 1294 2370 rectaeque
1319 2283 1566 2370 praedicationis
1602 2285 1726 2348 semina
1750 2285 1855 2350 mittit.

60 2422 63 2430 ·
175 2388 217 2454 Et
242 2392 330 2481 sicut
360 2401 581 2456 antecessores
616 2400 751 2472 nostros,
787 2399 917 2454 sanctae
952 2388 1104 2454 videlicet
1136 2389 1223 2454 sedis
1261 2388 1456 2474 spostolicae
1497 2387 1671 2474 praesules,
1707 2398 1856 2475 parentes

176 2508 310 2576 vestros,
334 2495 376 2560 ab
400 2497 491 2560 initio
515 2495 646 2560 docuise
681 2496 885 2580 cognoscitis.
911 2493 944 2558 Si
968 2504 1076 2559 autem
1108 2495 1225 2581 aliquis
1250 2496 1352 2576 vobis,
1378 2493 1427 2560 vel
1454 2495 1624 2580 spiscopus
1662 2504 1780 2577 vester,
1805 2495 1858 2561 vel

175 2600 312 2686 quilibet
336 2601 487 2666 sacerdos
511 2599 604 2666 aliter
626 2601 834 2683 adnunciare,
857 2609 913 2665 aut
937 2599 1124 2686 praedicare
1142 2601 1403 2686 praesumpserit,
1424 2599 1492 2664 zelo
1516 2600 1568 2664 dei
1593 2602 1722 2666 accensi
1747 2623 1858 2666 omues

176 2728 254 2772 unos
274 2707 394 2787 animo,
412 2729 539 2793 unaque
556 2706 720 2772 voluntate
742 2706 918 2771 doctrinam
954 2705 1068 2770 falsam
1105 2707 1243 2801 abicite,
1261 2717 1381 2772 stantes
1414 2717 1445 2770 et
1476 2716 1620 2772 tenentes
1651 2707 1856 2772 traditionem

176 2811 491 2899 sedisapostolicae.
524 2812 611 2893 Quia
633 2835 710 2878 vero
743 2812 934 2894 audiuimus,
959 2814 1035 2898 quia
1057 2811 1252 2892 Methodius,
1274 2821 1383 2876 vester
1406 2811 1745 2898 archiepiscopus‚ab
1768 2823 1856 2878 ante·
1937 2839 1942 2851 ·

175 2941 302 2984 sessore
330 2927 439 2982 nostro
473 2917 617 2982 Adriano
660 2915 784 2982 scilicet
819 2940 900 3004 papa
932 2917 1108 2998 arctatus,
1141 2917 1297 3002 vobisque
1322 2916 1472 2997 directus,
1495 2917 1588 2982 aliter
1612 2917 1735 3000 doceat,
1759 2940 1857 3004 quam

175 3047 283 3088 coram
307 3023 384 3088 sede
407 3021 584 3109 apostolica
609 3046 643 3088 se
667 3021 798 3088 credere
831 3023 939 3087 verbis
956 3033 988 3087 ct
1012 3023 1125 3086 litteris
1152 3021 1315 3107 professus
1339 3033 1396 3104 est,
1421 3021 1515 3085 valde
1540 3024 1702 3087 miramur.
1729 3022 1856 3088 Tamen

177 3139 307 3216 propter
331 3128 392 3194 boc
416 3127 595 3192 direximus
616 3127 670 3209 illi,
697 3139 730 3192 ut
752 3129 875 3214 absque
910 3130 996 3192 omni
1020 3129 1188 3192 occasione
1212 3127 1253 3192 ad
1278 3149 1336 3190 nos
1361 3127 1470 3192 venire
1496 3137 1654 3212 procuret.
1687 3127 1856 3208 Quatenus

177 3259 218 3300 ex
240 3258 297 3300 ore
321 3237 392 3300 eius
412 3233 592 3316 audiamus,
616 3244 721 3298 utrum
747 3235 792 3300 sic
815 3243 932 3312 teneat,
957 3243 989 3298 et
1012 3233 1132 3314 credat,
1157 3234 1240 3298 sicut
1255 3234 1418 3318 promisit,
1441 3241 1497 3296 aut
1520 3255 1593 3298 non.
1618 3232 1705 3297 Data
1726 3232 1856 3298 XVIII.

178 3339 334 3406 kalendas
356 3339 446 3406 Julii.
471 3338 653 3404 Indictione
677 3339 752 3406 XII.

335 3497 364 3552 Ia
387 3496 594 3606 vatilrapskoga
614 3497 748 3567 rukopiss
770 3495 821 3550 XI.
844 3495 936 3550 ricla.
955 3495 1102 3566 Epistolae
1124 3496 1168 3552 Jo.
1193 3493 1271 3551 v111.
1295 3494 1386 3566 Epist.
1410 3495 1483 3550 201.
1506 3501 1555 3550 str.
1582 3495 1631 3550 77.

600 3803 804 3928 uxum.
838 3843 923 3929 cra
954 3843 1014 3926 14.
1042 3841 1196 3948 npnra.
1224 3841 1262 3928 u
1292 3842 1437 3978 armo.

181 4043 257 4104 Iaca
286 4039 334 4102 VI
336 4037 381 4104 II.
400 4061 485 4118 popu
511 4043 689 4116 saoroajuje
719 4043 976 4116 upotrtebljs‘ranje
993 4009 1096 4116 julita
1128 4043 1330 4116 stovjenstoya
1350 4061 1370 4101 u
1390 4045 1480 4113 crkor‘,
1503 4045 1643 4119 ipostou
1662 4061 1705 4104 so.
1729 4045 1853 4105 Metoda

958 4166 978 4206 u
1001 4149 1078 4207 Rim.

432 4321 706 4387 Reuerentissimo
726 4321 901 4402 Methodio,
926 4320 1168 4406 archiepiscopo
1192 4320 1422 4407 pannoniensis
1445 4322 1611 4389 ecclesiae.
1729 4417 1730 4420 Ἴ

337 4497 590 4564 Praedicationis
615 4507 689 4564 tuae
713 4497 868 4562 doctrinis
903 4495 1056 4582 populum
1092 4495 1212 4562 domini
1247 4495 1305 4561 tibi
1334 4499 1426 4582 quasi
1457 4497 1591 4584 spiritali
1623 4501 1744 4584 pastori
1771 4521 1855 4564 ccm-

180 4610 312 4671 missum
340 4605 468 4670 saluare
504 4606 728 4691 instruereque
752 4627 823 4668 curn
842 4603 978 4679 debeas,
992 4603 1210 4667 audiuiuimus
1227 4602 1312 4689 quod
1338 4627 1400 4668 non
1425 4628 1463 4670 ea
1486 4627 1569 4691 quae
1591 4617 1703 4672 sancta
1724 4629 1857 4672 romana

178 4712 314 4778 ecclesia
334 4710 376 4776 ab
395 4711 465 4796 Ipso
488 4709 704 4796 apostolorum
731 4710 875 4796 principe
899 4708 1019 4786 didicit,
1043 4719 1075 4774 ct
1098 4709 1227 4774 cottidie
1250 4708 1425 4796 praedicat,
1450 4720 1483 4774 tu
1507 4709 1652 4778 docendo
1676 4711 1802 4796 doceas,
1826 4721 1858 4778 et

179 4821 282 4904 ipsum
303 4814 456 4902 populum
482 4817 515 4880 in
540 4837 679 4878 errorem
705 4817 823 4879 mittas.
862 4813 955 4878 Unde
979 4812 1028 4878 his
1052 4814 1249 4899 apostolatus
1274 4817 1375 4880 nostri
1407 4813 1520 4880 litteris
1552 4817 1610 4882 tibi
1641 4816 1858 4901 iubemus,‘ut
1916 4829 1922 4842 ²

164 4926 263 4990 'omni
289 4923 459 4986 occasione
481 4921 666 5005 postposita,
691 4919 732 4982 nd
756 4943 813 4984 nos
839 4918 879 4983 de
904 4921 1064 5006 praesenti
1086 4924 1197 4984 venire
1221 4943 1385 5006 procures,
1410 4931 1443 4986 ut
1467 4944 1509 4986 ex
1532 4943 1585 4987 ore
1608 4933 1662 4987 tuo
1686 4923 1855 4988 audiamus

180 5039 211 5094 et
241 5049 486 5113 cognoscamus,
519 5037 624 5089 utrum
657 5027 703 5090 sic
738 5036 857 5106 teneas,
887 5033 919 5089 et
949 5026 996 5089 sic
1027 5025 1203 5112 praedices,
1233 5027 1318 5090 sicut
1352 5026 1461 5091 verbis
1485 5036 1517 5091 et
1539 5026 1655 5092 litteris
1666 5036 1708 5092 „te
1726 5035 1857 5092 sanctam

180 5155 331 5200 romanae
355 5131 510 5198 ecclesiae
535 5131 666 5197 credere
691 5131 876 5216 promisisti,
892 5141 947 5194 aut
971 5153 1043 5213 non,
1067 5139 1102 5194 ut
1122 5132 1280 5196 veraciter
1305 5152 1537 5214 cognoscamus
1554 5131 1732 5196 doctrinam
1756 5141 1854 5197 tuam.

180 5237 373 5304 ‘Audiuimus
385 5237 491 5319 etiam,
509 5237 594 5323 quod
609 5238 724 5300 missas
738 5243 847 5302 cantes
864 5237 895 5298 in
909 5234 1057 5317 barbara,
1070 5233 1131 5302 hoc
1146 5237 1239 5300 estin
1253 5234 1532 5320 sclauinalingua.
1550 5235 1645 5302 Unde
1662 5239 1724 5301 iam
1739 5236 1852 5320 litteris

179 5345 295 5418 uostris
320 5364 377 5442 per
400 5340 534 5406 Paulum
560 5343 745 5438 episcopum
781 5341 1006 5406 anconitanum
1026 5340 1096 5412 ,tibi
1129 5340 1259 5406 directis
1298 5339 1530 5436 prohibuimus,
1560 5364 1600 5408 ne
1623 5343 1655 5407 in
1680 5365 1718 5408 ca
1741 5341 1853 5442 lingua
