<?xml version="1.0" encoding="UTF-8"?>
<!DOCTYPE html PUBLIC "-//W3C//DTD XHTML 1.0 Transitional//EN"
    "http://www.w3.org/TR/xhtml1/DTD/xhtml1-transitional.dtd">
<html xmlns="http://www.w3.org/1999/xhtml" xml:lang="en" lang="en">
 <head>
  <title>
</title>
<meta http-equiv="Content-Type" content="text/html;charset=utf-8" />
  <meta name='ocr-system' content='tesseract 3.04.00' />
  <meta name='ocr-capabilities' content='ocr_page ocr_carea ocr_par ocr_line ocrx_word'/>
</head>
<body>
  <div class='ocr_page' id='page_1' title='image "./codexdiplomatic00unkngoog_0244.png"; bbox 0 0 4254 5922; ppageno 0'>
   <div class='ocr_carea' id='block_1_1' title="bbox 282 595 1971 1326">
    <p class='ocr_par' dir='ltr' id='par_1_1' title="bbox 282 595 1971 1326">
     <span class='ocr_line' id='line_1_1' title="bbox 283 595 1964 690; baseline 0.004 -28"><span class='ocrx_word' id='word_1_1' title='bbox 283 605 392 662; x_wconf 87' lang='lat' dir='ltr'><strong>monte</strong></span> <span class='ocrx_word' id='word_1_2' title='bbox 418 595 530 662; x_wconf 80' lang='lat' dir='ltr'><strong>Forest</strong></span> <span class='ocrx_word' id='word_1_3' title='bbox 546 596 641 678; x_wconf 89' lang='lat' dir='ltr'><strong>dioto,</strong></span> <span class='ocrx_word' id='word_1_4' title='bbox 663 596 751 684; x_wconf 88' lang='lat' dir='ltr'><strong>ligna</strong></span> <span class='ocrx_word' id='word_1_5' title='bbox 767 619 894 685; x_wconf 90' lang='lat' dir='ltr'><strong>quoque</strong></span> <span class='ocrx_word' id='word_1_6' title='bbox 912 598 1053 664; x_wconf 87' lang='lat' dir='ltr'><strong>secanda</strong></span> <span class='ocrx_word' id='word_1_7' title='bbox 1069 598 1109 662; x_wconf 86' lang='lat' dir='ltr'><strong>sd</strong></span> <span class='ocrx_word' id='word_1_8' title='bbox 1127 598 1295 664; x_wconf 88' lang='lat' dir='ltr'><strong>eeclesiam</strong></span> <span class='ocrx_word' id='word_1_9' title='bbox 1313 607 1346 666; x_wconf 89' lang='lat' dir='ltr'><strong>et</strong></span> <span class='ocrx_word' id='word_1_10' title='bbox 1367 601 1408 664; x_wconf 91' lang='lat' dir='ltr'><strong>ad</strong></span> <span class='ocrx_word' id='word_1_11' title='bbox 1432 600 1520 666; x_wconf 91' lang='lat' dir='ltr'><strong>aliud</strong></span> <span class='ocrx_word' id='word_1_12' title='bbox 1545 603 1711 666; x_wconf 71' lang='lat' dir='ltr'><strong>seruitium</strong></span> <span class='ocrx_word' id='word_1_13' title='bbox 1736 604 1878 690; x_wconf 73' lang='lat' dir='ltr'><strong>episcopi</strong></span> <span class='ocrx_word' id='word_1_14' title='bbox 1902 613 1964 668; x_wconf 90' lang='lat' dir='ltr'><strong>tam</strong></span> 
     </span>
     <span class='ocr_line' id='line_1_2' title="bbox 284 703 1965 791; baseline 0.004 -25"><span class='ocrx_word' id='word_1_15' title='bbox 284 703 316 768; x_wconf 89' lang='lat' dir='ltr'><strong>in</strong></span> <span class='ocrx_word' id='word_1_16' title='bbox 344 705 414 789; x_wconf 89' lang='lat' dir='ltr'><strong>ipso</strong></span> <span class='ocrx_word' id='word_1_17' title='bbox 446 713 561 784; x_wconf 90' lang='lat' dir='ltr'><strong>monte,</strong></span> <span class='ocrx_word' id='word_1_18' title='bbox 593 727 689 791; x_wconf 90' lang='lat' dir='ltr'><strong>quam</strong></span> <span class='ocrx_word' id='word_1_19' title='bbox 723 707 754 768; x_wconf 90' lang='lat' dir='ltr'><strong>in</strong></span> <span class='ocrx_word' id='word_1_20' title='bbox 785 704 858 768; x_wconf 90' lang='lat' dir='ltr'><strong>aliis</strong></span> <span class='ocrx_word' id='word_1_21' title='bbox 891 703 1039 771; x_wconf 90' lang='lat' dir='ltr'><strong>omnihus</strong></span> <span class='ocrx_word' id='word_1_22' title='bbox 1073 706 1233 770; x_wconf 90' lang='lat' dir='ltr'><strong>montibus</strong></span> <span class='ocrx_word' id='word_1_23' title='bbox 1269 705 1442 787; x_wconf 89' lang='lat' dir='ltr'><strong>firmamus,</strong></span> <span class='ocrx_word' id='word_1_24' title='bbox 1464 718 1495 772; x_wconf 91' lang='lat' dir='ltr'><strong>et</strong></span> <span class='ocrx_word' id='word_1_25' title='bbox 1519 729 1614 772; x_wconf 89' lang='lat' dir='ltr'><strong>unam</strong></span> <span class='ocrx_word' id='word_1_26' title='bbox 1639 707 1758 772; x_wconf 88' lang='lat' dir='ltr'><strong>fossam</strong></span> <span class='ocrx_word' id='word_1_27' title='bbox 1784 709 1910 774; x_wconf 88' lang='lat' dir='ltr'><strong>ruderis</strong></span> <span class='ocrx_word' id='word_1_28' title='bbox 1933 711 1965 774; x_wconf 89' lang='lat' dir='ltr'><strong>in</strong></span> 
     </span>
     <span class='ocr_line' id='line_1_3' title="bbox 284 805 1962 899; baseline 0.002 -25"><span class='ocrx_word' id='word_1_29' title='bbox 284 805 390 874; x_wconf 87' lang='lat' dir='ltr'><strong>monte</strong></span> <span class='ocrx_word' id='word_1_30' title='bbox 420 809 603 876; x_wconf 84' lang='lat' dir='ltr'><strong>Gamanara</strong></span> <span class='ocrx_word' id='word_1_31' title='bbox 626 833 753 898; x_wconf 80' lang='lat' dir='ltr'>semper</span> <span class='ocrx_word' id='word_1_32' title='bbox 769 834 825 898; x_wconf 87' lang='lat' dir='ltr'><strong>per</strong></span> <span class='ocrx_word' id='word_1_33' title='bbox 840 820 939 877; x_wconf 89' lang='lat' dir='ltr'><strong>totum</strong></span> <span class='ocrx_word' id='word_1_34' title='bbox 957 835 1073 876; x_wconf 88' lang='lat' dir='ltr'><strong>annum</strong></span> <span class='ocrx_word' id='word_1_35' title='bbox 1093 811 1282 880; x_wconf 82' lang='lat' dir='ltr'><strong>habendam.</strong></span> <span class='ocrx_word' id='word_1_36' title='bbox 1300 811 1352 876; x_wconf 81' lang='lat' dir='ltr'><strong>Ad</strong></span> <span class='ocrx_word' id='word_1_37' title='bbox 1368 810 1540 878; x_wconf 83' lang='lat' dir='ltr'><strong>Gurcinam</strong></span> <span class='ocrx_word' id='word_1_38' title='bbox 1556 811 1748 878; x_wconf 85' lang='lat' dir='ltr'><strong>beneficium</strong></span> <span class='ocrx_word' id='word_1_39' title='bbox 1764 813 1962 899; x_wconf 84' lang='lat' dir='ltr'><strong>Engilbaldi,</strong></span> 
     </span>
     <span class='ocr_line' id='line_1_4' title="bbox 282 913 1962 1007; baseline 0.002 -27"><span class='ocrx_word' id='word_1_40' title='bbox 282 915 327 982; x_wconf 88' lang='lat' dir='ltr'><strong>ad</strong></span> <span class='ocrx_word' id='word_1_41' title='bbox 350 913 564 981; x_wconf 80' lang='lat' dir='ltr'><strong>Caraotanam</strong></span> <span class='ocrx_word' id='word_1_42' title='bbox 588 917 757 982; x_wconf 86' lang='lat' dir='ltr'><strong>ecclesiam</strong></span> <span class='ocrx_word' id='word_1_43' title='bbox 774 927 903 982; x_wconf 88' lang='lat' dir='ltr'><strong>sanctae</strong></span> <span class='ocrx_word' id='word_1_44' title='bbox 928 919 1048 984; x_wconf 87' lang='lat' dir='ltr'><strong>Mariae</strong></span> <span class='ocrx_word' id='word_1_45' title='bbox 1065 941 1137 982; x_wconf 83' lang='lat' dir='ltr'><strong>curn</strong></span> <span class='ocrx_word' id='word_1_46' title='bbox 1170 917 1295 982; x_wconf 87' lang='lat' dir='ltr'><strong>decima</strong></span> <span class='ocrx_word' id='word_1_47' title='bbox 1317 920 1400 984; x_wconf 89' lang='lat' dir='ltr'><strong>sicut</strong></span> <span class='ocrx_word' id='word_1_48' title='bbox 1433 917 1670 986; x_wconf 88' lang='lat' dir='ltr'><strong>ecclesiasticus</strong></span> <span class='ocrx_word' id='word_1_49' title='bbox 1702 922 1859 1007; x_wconf 79' lang='lat' dir='ltr'><strong>praecipit</strong></span> <span class='ocrx_word' id='word_1_50' title='bbox 1882 921 1962 985; x_wconf 90' lang='lat' dir='ltr'><strong>ordo</strong></span> 
     </span>
     <span class='ocr_line' id='line_1_5' title="bbox 284 1015 1971 1114; baseline 0.004 -28"><span class='ocrx_word' id='word_1_51' title='bbox 284 1019 324 1086; x_wconf 89' lang='lat' dir='ltr'><strong>de</strong></span> <span class='ocrx_word' id='word_1_52' title='bbox 340 1022 494 1104; x_wconf 89' lang='lat' dir='ltr'><strong>curtibus,</strong></span> <span class='ocrx_word' id='word_1_53' title='bbox 524 1045 605 1109; x_wconf 86' lang='lat' dir='ltr'><strong>quac</strong></span> <span class='ocrx_word' id='word_1_54' title='bbox 629 1023 827 1111; x_wconf 79' lang='lat' dir='ltr'><strong>temporibus</strong></span> <span class='ocrx_word' id='word_1_55' title='bbox 843 1015 1080 1089; x_wconf 84' lang='lat' dir='ltr'><strong>antecessorum</strong></span> <span class='ocrx_word' id='word_1_56' title='bbox 1098 1033 1277 1112; x_wconf 84' lang='lat' dir='ltr'><strong>nostrorum</strong></span> <span class='ocrx_word' id='word_1_57' title='bbox 1299 1025 1338 1090; x_wconf 92' lang='lat' dir='ltr'><strong>ed</strong></span> <span class='ocrx_word' id='word_1_58' title='bbox 1356 1024 1568 1092; x_wconf 68' lang='lat' dir='ltr'><strong>carantanam</strong></span> <span class='ocrx_word' id='word_1_59' title='bbox 1590 1027 1751 1090; x_wconf 88' lang='lat' dir='ltr'><strong>ciuitatem</strong></span> <span class='ocrx_word' id='word_1_60' title='bbox 1764 1025 1971 1114; x_wconf 80' lang='lat' dir='ltr'><strong>pertinebant</strong></span> 
     </span>
     <span class='ocr_line' id='line_1_6' title="bbox 282 1127 1955 1220; baseline 0.002 -27"><span class='ocrx_word' id='word_1_61' title='bbox 282 1139 315 1193; x_wconf 88' lang='lat' dir='ltr'><strong>st</strong></span> <span class='ocrx_word' id='word_1_62' title='bbox 337 1127 443 1194; x_wconf 90' lang='lat' dir='ltr'><strong>adhuc</strong></span> <span class='ocrx_word' id='word_1_63' title='bbox 460 1132 626 1216; x_wconf 83' lang='lat' dir='ltr'><strong>pertinent,</strong></span> <span class='ocrx_word' id='word_1_64' title='bbox 645 1153 681 1194; x_wconf 87' lang='lat' dir='ltr'><strong>ea</strong></span> <span class='ocrx_word' id='word_1_65' title='bbox 701 1131 770 1217; x_wconf 90' lang='lat' dir='ltr'><strong>lege</strong></span> <span class='ocrx_word' id='word_1_66' title='bbox 783 1155 821 1196; x_wconf 89' lang='lat' dir='ltr'><strong>ec</strong></span> <span class='ocrx_word' id='word_1_67' title='bbox 844 1133 981 1210; x_wconf 86' lang='lat' dir='ltr'><strong>racione,</strong></span> <span class='ocrx_word' id='word_1_68' title='bbox 1007 1143 1040 1196; x_wconf 90' lang='lat' dir='ltr'><strong>ut</strong></span> <span class='ocrx_word' id='word_1_69' title='bbox 1063 1132 1215 1214; x_wconf 81' lang='lat' dir='ltr'><strong>deinceps</strong></span> <span class='ocrx_word' id='word_1_70' title='bbox 1234 1131 1414 1218; x_wconf 84' lang='lat' dir='ltr'><strong>praedictae</strong></span> <span class='ocrx_word' id='word_1_71' title='bbox 1431 1132 1539 1198; x_wconf 57' lang='lat' dir='ltr'><strong>res‘ad</strong></span> <span class='ocrx_word' id='word_1_72' title='bbox 1556 1135 1829 1220; x_wconf 84' lang='lat' dir='ltr'><strong>praenominatam</strong></span> <span class='ocrx_word' id='word_1_73' title='bbox 1854 1135 1955 1199; x_wconf 83' lang='lat' dir='ltr'><strong>sancti</strong></span> 
     </span>
     <span class='ocr_line' id='line_1_7' title="bbox 284 1235 1965 1326; baseline 0.002 -27"><span class='ocrx_word' id='word_1_74' title='bbox 284 1235 369 1314; x_wconf 87' lang='lat' dir='ltr'><strong>Petri</strong></span> <span class='ocrx_word' id='word_1_75' title='bbox 393 1239 560 1322; x_wconf 86' lang='lat' dir='ltr'><strong>sanctique</strong></span> <span class='ocrx_word' id='word_1_76' title='bbox 584 1236 761 1302; x_wconf 82' lang='lat' dir='ltr'><strong>Roudberti</strong></span> <span class='ocrx_word' id='word_1_77' title='bbox 798 1239 866 1302; x_wconf 90' lang='lat' dir='ltr'><strong>iure</strong></span> <span class='ocrx_word' id='word_1_78' title='bbox 898 1247 1051 1324; x_wconf 86' lang='lat' dir='ltr'><strong>perpetuo</strong></span> <span class='ocrx_word' id='word_1_79' title='bbox 1082 1247 1292 1322; x_wconf 90' lang='lat' dir='ltr'><strong>permaneant</strong></span> <span class='ocrx_word' id='word_1_80' title='bbox 1322 1237 1504 1322; x_wconf 87' lang='lat' dir='ltr'><strong>ecclesiam,</strong></span> <span class='ocrx_word' id='word_1_81' title='bbox 1536 1237 1658 1326; x_wconf 85' lang='lat' dir='ltr'><strong>absque</strong></span> <span class='ocrx_word' id='word_1_82' title='bbox 1692 1238 1789 1304; x_wconf 88' lang='lat' dir='ltr'><strong>ullius</strong></span> <span class='ocrx_word' id='word_1_83' title='bbox 1824 1237 1965 1304; x_wconf 87' lang='lat' dir='ltr'><strong>hominis</strong></span> 
     </span>
    </p>
   </div>
   <div class='ocr_carea' id='block_1_2' title="bbox 23 1325 1958 1432">
    <p class='ocr_par' dir='ltr' id='par_1_2' title="bbox 23 1325 1958 1432">
     <span class='ocr_line' id='line_1_8' title="bbox 23 1325 1958 1432; baseline 0.001 -25"><span class='ocrx_word' id='word_1_84' title='bbox 23 1325 47 1337; x_wconf 56' lang='grc'>’</span> <span class='ocrx_word' id='word_1_85' title='bbox 83 1349 97 1380; x_wconf 63' lang='lat'><strong>⁵</strong></span> <span class='ocrx_word' id='word_1_86' title='bbox 129 1389 132 1398; x_wconf 33' lang='grc' dir='ltr'>ι</span> <span class='ocrx_word' id='word_1_87' title='bbox 219 1391 220 1394; x_wconf 63' lang='lat'><strong>,</strong></span> <span class='ocrx_word' id='word_1_88' title='bbox 253 1369 255 1374; x_wconf 57' lang='lat'><strong><em>¹</em></strong></span> <span class='ocrx_word' id='word_1_89' title='bbox 284 1343 545 1413; x_wconf 80' lang='lat' dir='ltr'><strong>contradictione.</strong></span> <span class='ocrx_word' id='word_1_90' title='bbox 567 1343 611 1408; x_wconf 83' lang='lat' dir='ltr'><strong>Et</strong></span> <span class='ocrx_word' id='word_1_91' title='bbox 635 1353 669 1408; x_wconf 91' lang='lat' dir='ltr'><strong>ut</strong></span> <span class='ocrx_word' id='word_1_92' title='bbox 692 1343 771 1408; x_wconf 89' lang='lat' dir='ltr'><strong>haec</strong></span> <span class='ocrx_word' id='word_1_93' title='bbox 793 1347 966 1410; x_wconf 87' lang='lat' dir='ltr'><strong>auctoritas</strong></span> <span class='ocrx_word' id='word_1_94' title='bbox 998 1355 1124 1410; x_wconf 88' lang='lat' dir='ltr'><strong>nostrae</strong></span> <span class='ocrx_word' id='word_1_95' title='bbox 1148 1344 1405 1410; x_wconf 90' lang='lat' dir='ltr'><strong>confirmacionis</strong></span> <span class='ocrx_word' id='word_1_96' title='bbox 1428 1345 1549 1410; x_wconf 84' lang='lat' dir='ltr'><strong>tirmior</strong></span> <span class='ocrx_word' id='word_1_97' title='bbox 1573 1343 1737 1427; x_wconf 85' lang='lat' dir='ltr'><strong>habeatur,</strong></span> <span class='ocrx_word' id='word_1_98' title='bbox 1773 1353 1805 1410; x_wconf 90' lang='lat' dir='ltr'><strong>et</strong></span> <span class='ocrx_word' id='word_1_99' title='bbox 1829 1367 1886 1432; x_wconf 89' lang='lat' dir='ltr'><strong>par</strong></span> <span class='ocrx_word' id='word_1_100' title='bbox 1911 1343 1926 1406; x_wconf 85' lang='lat' dir='ltr'><strong>l</strong></span> <span class='ocrx_word' id='word_1_101' title='bbox 1949 1381 1958 1390; x_wconf 93' lang='lat'>-</span> 
     </span>
    </p>
   </div>
   <div class='ocr_carea' id='block_1_3' title="bbox 0 3 8 3043">
    <p class='ocr_par' dir='ltr' id='par_1_3' title="bbox 0 3 8 3043">
     <span class='ocr_line' id='line_1_9' title="bbox 0 3 8 3043; baseline 0 0"><span class='ocrx_word' id='word_1_102' title='bbox 0 3 8 3043; x_wconf 95' lang='lat' dir='ltr'><strong> </strong></span> 
     </span>
    </p>
   </div>
   <div class='ocr_carea' id='block_1_4' title="bbox 258 1451 1968 2050">
    <p class='ocr_par' dir='ltr' id='par_1_4' title="bbox 283 1451 1965 1646">
     <span class='ocr_line' id='line_1_10' title="bbox 284 1451 1965 1540; baseline 0.002 -27"><span class='ocrx_word' id='word_1_103' title='bbox 284 1459 356 1516; x_wconf 86' lang='lat' dir='ltr'><strong>tura</strong></span> <span class='ocrx_word' id='word_1_104' title='bbox 378 1459 523 1536; x_wconf 85' lang='lat' dir='ltr'><strong>tempora</strong></span> <span class='ocrx_word' id='word_1_105' title='bbox 546 1453 653 1516; x_wconf 85' lang='lat' dir='ltr'><strong>verine</strong></span> <span class='ocrx_word' id='word_1_106' title='bbox 678 1451 836 1532; x_wconf 88' lang='lat' dir='ltr'><strong>credatur,</strong></span> <span class='ocrx_word' id='word_1_107' title='bbox 854 1451 937 1517; x_wconf 90' lang='lat' dir='ltr'><strong>hanc</strong></span> <span class='ocrx_word' id='word_1_108' title='bbox 958 1462 1077 1517; x_wconf 88' lang='lat' dir='ltr'><strong>cartam</strong></span> <span class='ocrx_word' id='word_1_109' title='bbox 1096 1452 1203 1536; x_wconf 87' lang='lat' dir='ltr'><strong>scribi,</strong></span> <span class='ocrx_word' id='word_1_110' title='bbox 1225 1474 1385 1540; x_wconf 86' lang='lat' dir='ltr'><strong>manuque</strong></span> <span class='ocrx_word' id='word_1_111' title='bbox 1401 1453 1531 1540; x_wconf 87' lang='lat' dir='ltr'><strong>propria</strong></span> <span class='ocrx_word' id='word_1_112' title='bbox 1553 1452 1729 1534; x_wconf 84' lang='lat' dir='ltr'><strong>firmantes,</strong></span> <span class='ocrx_word' id='word_1_113' title='bbox 1750 1453 1836 1518; x_wconf 86' lang='lat' dir='ltr'><strong>anuli</strong></span> <span class='ocrx_word' id='word_1_114' title='bbox 1862 1451 1965 1518; x_wconf 88' lang='lat' dir='ltr'><strong>nostri</strong></span> 
     </span>
     <span class='ocr_line' id='line_1_11' title="bbox 283 1543 847 1646; baseline 0.009 -27"><span class='ocrx_word' id='word_1_115' title='bbox 283 1555 498 1641; x_wconf 86' lang='lat' dir='ltr'><strong>impressione</strong></span> <span class='ocrx_word' id='word_1_116' title='bbox 524 1558 676 1624; x_wconf 91' lang='lat' dir='ltr'><strong>iussimus</strong></span> <span class='ocrx_word' id='word_1_117' title='bbox 700 1543 847 1646; x_wconf 81' lang='lat' dir='ltr'><strong>insigniri</strong></span> 
     </span>
    </p>

    <p class='ocr_par' dir='ltr' id='par_1_5' title="bbox 445 1663 1838 1752">
     <span class='ocr_line' id='line_1_12' title="bbox 445 1663 1838 1752; baseline 0 -22"><span class='ocrx_word' id='word_1_118' title='bbox 445 1663 580 1750; x_wconf 87' lang='lat' dir='ltr'><strong>Signum</strong></span> <span class='ocrx_word' id='word_1_119' title='bbox 604 1664 712 1730; x_wconf 88' lang='lat' dir='ltr'><strong>domni</strong></span> <span class='ocrx_word' id='word_1_120' title='bbox 736 1663 863 1731; x_wconf 88' lang='lat' dir='ltr'><strong>Ottonis</strong></span> <span class='ocrx_word' id='word_1_121' title='bbox 887 1665 1096 1752; x_wconf 88' lang='lat' dir='ltr'><strong>Imperatoris</strong></span> <span class='ocrx_word' id='word_1_122' title='bbox 1120 1665 1267 1752; x_wconf 85' lang='lat' dir='ltr'><strong>Augusti.</strong></span> <span class='ocrx_word' id='word_1_123' title='bbox 1613 1743 1616 1750; x_wconf 25' lang='grc' dir='ltr'>Ι</span> <span class='ocrx_word' id='word_1_124' title='bbox 1835 1679 1838 1684; x_wconf 89' lang='grc'><strong>’</strong></span> 
     </span>
    </p>

    <p class='ocr_par' dir='ltr' id='par_1_6' title="bbox 258 1768 1968 2050">
     <span class='ocr_line' id='line_1_13' title="bbox 443 1768 1968 1856; baseline 0.001 -24"><span class='ocrx_word' id='word_1_125' title='bbox 443 1768 529 1834; x_wconf 88' lang='lat' dir='ltr'><strong>Data</strong></span> <span class='ocrx_word' id='word_1_126' title='bbox 552 1769 717 1834; x_wconf 87' lang='lat' dir='ltr'><strong>Kalendas</strong></span> <span class='ocrx_word' id='word_1_127' title='bbox 741 1769 892 1836; x_wconf 90' lang='lat' dir='ltr'><strong>Octobris</strong></span> <span class='ocrx_word' id='word_1_128' title='bbox 916 1795 1000 1836; x_wconf 88' lang='lat' dir='ltr'><strong>anno</strong></span> <span class='ocrx_word' id='word_1_129' title='bbox 1024 1771 1203 1838; x_wconf 87' lang='lat' dir='ltr'><strong>dominicae</strong></span> <span class='ocrx_word' id='word_1_130' title='bbox 1229 1773 1462 1838; x_wconf 88' lang='lat' dir='ltr'><strong>incarnacionis</strong></span> <span class='ocrx_word' id='word_1_131' title='bbox 1501 1768 1842 1838; x_wconf 79' lang='lat' dir='ltr'>DOOOCLXXVHI.</span> <span class='ocrx_word' id='word_1_132' title='bbox 1872 1770 1968 1856; x_wconf 87' lang='lat' dir='ltr'><strong>regni</strong></span> 
     </span>
     <span class='ocr_line' id='line_1_14' title="bbox 258 1861 1968 1966; baseline 0.004 -30"><span class='ocrx_word' id='word_1_133' title='bbox 258 1861 259 1868; x_wconf 9' lang='grc' dir='ltr'>ἵ</span> <span class='ocrx_word' id='word_1_134' title='bbox 286 1875 495 1962; x_wconf 90' lang='lat' dir='ltr'><strong>verodomni</strong></span> <span class='ocrx_word' id='word_1_135' title='bbox 520 1876 647 1942; x_wconf 86' lang='lat' dir='ltr'><strong>Ottonis</strong></span> <span class='ocrx_word' id='word_1_136' title='bbox 671 1879 872 1943; x_wconf 86' lang='lat' dir='ltr'><strong>inuictiesimi</strong></span> <span class='ocrx_word' id='word_1_137' title='bbox 899 1879 1099 1966; x_wconf 84' lang='lat' dir='ltr'><strong>imperatoris</strong></span> <span class='ocrx_word' id='word_1_138' title='bbox 1137 1877 1274 1966; x_wconf 85' lang='lat' dir='ltr'><strong>Augusti</strong></span> <span class='ocrx_word' id='word_1_139' title='bbox 1299 1879 1408 1946; x_wconf 88' lang='lat' dir='ltr'><strong>Xllll.</strong></span> <span class='ocrx_word' id='word_1_140' title='bbox 1434 1879 1559 1965; x_wconf 89' lang='lat' dir='ltr'><strong>imperii</strong></span> <span class='ocrx_word' id='word_1_141' title='bbox 1583 1889 1689 1944; x_wconf 86' lang='lat' dir='ltr'><strong>autern</strong></span> <span class='ocrx_word' id='word_1_142' title='bbox 1715 1878 1758 1944; x_wconf 90' lang='lat' dir='ltr'><strong>X.</strong></span> <span class='ocrx_word' id='word_1_143' title='bbox 1783 1877 1968 1942; x_wconf 87' lang='lat' dir='ltr'><strong>Iudictinne</strong></span> 
     </span>
     <span class='ocr_line' id='line_1_15' title="bbox 287 1979 862 2050; baseline 0.01 -7"><span class='ocrx_word' id='word_1_144' title='bbox 287 1979 343 2046; x_wconf 85' lang='lat' dir='ltr'><strong>Vl.</strong></span> <span class='ocrx_word' id='word_1_145' title='bbox 368 1980 486 2046; x_wconf 85' lang='lat' dir='ltr'><strong>Actum</strong></span> <span class='ocrx_word' id='word_1_146' title='bbox 510 1985 543 2048; x_wconf 91' lang='lat' dir='ltr'><strong>in</strong></span> <span class='ocrx_word' id='word_1_147' title='bbox 564 1984 694 2050; x_wconf 83' lang='lat' dir='ltr'><strong>ciuitate</strong></span> <span class='ocrx_word' id='word_1_148' title='bbox 726 1983 862 2049; x_wconf 90' lang='lat' dir='ltr'><strong>Patauii.</strong></span> 
     </span>
    </p>
   </div>
   <div class='ocr_carea' id='block_1_5' title="bbox 442 2131 1712 2222">
    <p class='ocr_par' dir='ltr' id='par_1_7' title="bbox 442 2131 1712 2222">
     <span class='ocr_line' id='line_1_16' title="bbox 442 2131 1712 2222; baseline 0.002 -36"><span class='ocrx_word' id='word_1_149' title='bbox 442 2131 632 2204; x_wconf 81' lang='lat' dir='ltr'><strong>Kleinmayer.</strong></span> <span class='ocrx_word' id='word_1_150' title='bbox 656 2133 788 2188; x_wconf 84' lang='lat' dir='ltr'><strong>Juuaoia.</strong></span> <span class='ocrx_word' id='word_1_151' title='bbox 812 2141 862 2192; x_wconf 84' lang='lat' dir='ltr'><strong>etr.</strong></span> <span class='ocrx_word' id='word_1_152' title='bbox 889 2135 961 2192; x_wconf 74' lang='lat'><strong>200.</strong></span> <span class='ocrx_word' id='word_1_153' title='bbox 990 2155 1004 2189; x_wconf 85' lang='lat' dir='ltr'><strong>s</strong></span> <span class='ocrx_word' id='word_1_154' title='bbox 1027 2137 1160 2206; x_wconf 84' lang='lat' dir='ltr'><strong>poprarci</strong></span> <span class='ocrx_word' id='word_1_155' title='bbox 1184 2135 1270 2222; x_wconf 84' lang='lat' dir='ltr'><strong>polag</strong></span> <span class='ocrx_word' id='word_1_156' title='bbox 1292 2135 1343 2192; x_wconf 80' lang='lat' dir='ltr'><strong>izv.</strong></span> <span class='ocrx_word' id='word_1_157' title='bbox 1368 2136 1463 2192; x_wconf 86' lang='lat' dir='ltr'><strong>listina</strong></span> <span class='ocrx_word' id='word_1_158' title='bbox 1487 2135 1528 2191; x_wconf 89' lang='lat' dir='ltr'><strong>br.</strong></span> <span class='ocrx_word' id='word_1_159' title='bbox 1552 2135 1712 2190; x_wconf 81' lang='lat' dir='ltr'>LXXXIV.</span> 
     </span>
    </p>
   </div>
   <div class='ocr_carea' id='block_1_6' title="bbox 653 2367 1595 2524">
    <p class='ocr_par' dir='ltr' id='par_1_8' title="bbox 653 2367 1595 2524">
     <span class='ocr_line' id='line_1_17' title="bbox 653 2367 1595 2524; baseline 0 -22"><span class='ocrx_word' id='word_1_160' title='bbox 653 2367 841 2502; x_wconf 60' lang='lat' dir='ltr'>CCXIX.</span> <span class='ocrx_word' id='word_1_161' title='bbox 871 2421 960 2504; x_wconf 75' lang='lat'><strong>979.</strong></span> <span class='ocrx_word' id='word_1_162' title='bbox 988 2422 1021 2502; x_wconf 78' lang='lat'><strong>7.</strong></span> <span class='ocrx_word' id='word_1_163' title='bbox 1049 2423 1276 2524; x_wconf 82' lang='lat' dir='ltr'><strong>listopada.</strong></span> <span class='ocrx_word' id='word_1_164' title='bbox 1306 2419 1342 2506; x_wconf 88' lang='lat' dir='ltr'>U</span> <span class='ocrx_word' id='word_1_165' title='bbox 1372 2421 1595 2522; x_wconf 78' lang='lat' dir='ltr'><strong>Moguucn.</strong></span> 
     </span>
    </p>
   </div>
   <div class='ocr_carea' id='block_1_7' title="bbox 190 2543 1969 2765">
    <p class='ocr_par' dir='ltr' id='par_1_9' title="bbox 190 2543 1969 2765">
     <span class='ocr_line' id='line_1_18' title="bbox 190 2543 1969 2662; baseline 0 -25"><span class='ocrx_word' id='word_1_166' title='bbox 190 2543 192 2546; x_wconf 22' lang='grc' dir='ltr'>Ι</span> <span class='ocrx_word' id='word_1_167' title='bbox 271 2581 380 2654; x_wconf 74' lang='grc' dir='ltr'>.Κναζι“</span> <span class='ocrx_word' id='word_1_168' title='bbox 404 2580 470 2640; x_wconf 84' lang='lat' dir='ltr'><strong>Otto</strong></span> <span class='ocrx_word' id='word_1_169' title='bbox 493 2580 541 2639; x_wconf 89' lang='grc' dir='ltr'><strong>ΙΙ.</strong></span> <span class='ocrx_word' id='word_1_170' title='bbox 562 2583 733 2656; x_wconf 81' lang='lat' dir='ltr'><strong>poturdjuje</strong></span> <span class='ocrx_word' id='word_1_171' title='bbox 754 2585 837 2642; x_wconf 82' lang='lat' dir='ltr'><strong>crlcvi</strong></span> <span class='ocrx_word' id='word_1_172' title='bbox 859 2585 1090 2662; x_wconf 78' lang='lat' dir='ltr'><strong>solnopradslsoj,</strong></span> <span class='ocrx_word' id='word_1_173' title='bbox 1108 2603 1156 2642; x_wconf 56' lang='lat' dir='ltr'><strong>*aa</strong></span> <span class='ocrx_word' id='word_1_174' title='bbox 1174 2586 1300 2660; x_wconf 74' lang='lat' dir='ltr'><strong>prolnja</strong></span> <span class='ocrx_word' id='word_1_175' title='bbox 1323 2585 1511 2658; x_wconf 81' lang='lat' dir='ltr'><strong>nodbislrapa</strong></span> <span class='ocrx_word' id='word_1_176' title='bbox 1535 2583 1705 2660; x_wconf 63' lang='lat' dir='ltr'><strong>hilderilsa,</strong></span> <span class='ocrx_word' id='word_1_177' title='bbox 1728 2599 1783 2640; x_wconf 83' lang='lat' dir='ltr'><strong>sev</strong></span> <span class='ocrx_word' id='word_1_178' title='bbox 1819 2584 1891 2652; x_wconf 80' lang='lat' dir='ltr'><strong>ajars</strong></span> <span class='ocrx_word' id='word_1_179' title='bbox 1909 2597 1969 2652; x_wconf 78' lang='lat' dir='ltr'><strong>po·</strong></span> 
     </span>
     <span class='ocr_line' id='line_1_19' title="bbox 674 2689 1561 2765; baseline 0.001 -17"><span class='ocrx_word' id='word_1_180' title='bbox 674 2690 746 2763; x_wconf 67' lang='lat' dir='ltr'><strong>sled,</strong></span> <span class='ocrx_word' id='word_1_181' title='bbox 769 2691 897 2763; x_wconf 76' lang='lat' dir='ltr'><strong>eujedno</strong></span> <span class='ocrx_word' id='word_1_182' title='bbox 919 2709 934 2749; x_wconf 85' lang='lat' dir='ltr'><strong>s</strong></span> <span class='ocrx_word' id='word_1_183' title='bbox 955 2693 1078 2764; x_wconf 80' lang='lat' dir='ltr'><strong>ajelrimi</strong></span> <span class='ocrx_word' id='word_1_184' title='bbox 1096 2691 1225 2765; x_wconf 63' lang='lat' dir='ltr'><strong>pradJels&#39;</strong></span> <span class='ocrx_word' id='word_1_185' title='bbox 1247 2709 1288 2750; x_wconf 84' lang='lat' dir='ltr'><strong>rso</strong></span> <span class='ocrx_word' id='word_1_186' title='bbox 1311 2689 1402 2749; x_wconf 82' lang='lat' dir='ltr'><strong>Muri</strong></span> <span class='ocrx_word' id='word_1_187' title='bbox 1421 2693 1433 2750; x_wconf 84' lang='lat' dir='ltr'><strong>i</strong></span> <span class='ocrx_word' id='word_1_188' title='bbox 1456 2689 1561 2750; x_wconf 82' lang='lat' dir='ltr'><strong>Dravl.</strong></span> 
     </span>
    </p>
   </div>
   <div class='ocr_carea' id='block_1_8' title="bbox 287 2843 2020 5490">
    <p class='ocr_par' dir='ltr' id='par_1_10' title="bbox 287 2843 2020 5490">
     <span class='ocr_line' id='line_1_20' title="bbox 444 2843 1970 2916; baseline -0.001 -8"><span class='ocrx_word' id='word_1_189' title='bbox 444 2843 480 2908; x_wconf 88' lang='lat' dir='ltr'><strong>Io</strong></span> <span class='ocrx_word' id='word_1_190' title='bbox 513 2845 639 2908; x_wconf 89' lang='lat' dir='ltr'><strong>nomine</strong></span> <span class='ocrx_word' id='word_1_191' title='bbox 665 2855 794 2910; x_wconf 88' lang='lat' dir='ltr'><strong>sanetae</strong></span> <span class='ocrx_word' id='word_1_192' title='bbox 819 2855 861 2909; x_wconf 82' lang='lat' dir='ltr'><strong>et¹</strong></span> <span class='ocrx_word' id='word_1_193' title='bbox 883 2847 1072 2912; x_wconf 80' lang='lat' dir='ltr'><strong>indiuiduas¹</strong></span> <span class='ocrx_word' id='word_1_194' title='bbox 1097 2847 1275 2912; x_wconf 84' lang='lat' dir='ltr'><strong>Trinitatis.</strong></span> <span class='ocrx_word' id='word_1_195' title='bbox 1308 2846 1384 2914; x_wconf 92' lang='lat' dir='ltr'><strong>Otto</strong></span> <span class='ocrx_word' id='word_1_196' title='bbox 1408 2847 1519 2912; x_wconf 86' lang='lat' dir='ltr'><strong>diuina</strong></span> <span class='ocrx_word' id='word_1_197' title='bbox 1546 2846 1674 2916; x_wconf 86' lang='lat' dir='ltr'><strong>fauente</strong></span> <span class='ocrx_word' id='word_1_198' title='bbox 1696 2843 1874 2910; x_wconf 86' lang='lat' dir='ltr'><strong>clemencia</strong></span> <span class='ocrx_word' id='word_1_199' title='bbox 1895 2864 1970 2909; x_wconf 84' lang='lat' dir='ltr'><strong>rex.</strong></span> 
     </span>
     <span class='ocr_line' id='line_1_21' title="bbox 288 2945 2020 3046; baseline -0.001 -36"><span class='ocrx_word' id='word_1_200' title='bbox 288 2945 423 3032; x_wconf 89' lang='lat' dir='ltr'><strong>Oportet</strong></span> <span class='ocrx_word' id='word_1_201' title='bbox 439 2950 536 3031; x_wconf 89' lang='lat' dir='ltr'><strong>igitur</strong></span> <span class='ocrx_word' id='word_1_202' title='bbox 551 2973 618 3031; x_wconf 86' lang='lat' dir='ltr'><strong>noe,</strong></span> <span class='ocrx_word' id='word_1_203' title='bbox 636 2951 689 3036; x_wconf 91' lang='lat' dir='ltr'><strong>qui</strong></span> <span class='ocrx_word' id='word_1_204' title='bbox 708 2951 817 3016; x_wconf 91' lang='lat' dir='ltr'><strong>diuino</strong></span> <span class='ocrx_word' id='word_1_205' title='bbox 831 2975 944 3016; x_wconf 90' lang='lat' dir='ltr'><strong>sumus</strong></span> <span class='ocrx_word' id='word_1_206' title='bbox 963 2976 1094 3018; x_wconf 89' lang='lat' dir='ltr'><strong>munere</strong></span> <span class='ocrx_word' id='word_1_207' title='bbox 1109 2953 1344 3040; x_wconf 89' lang='lat' dir='ltr'><strong>quodammodo</strong></span> <span class='ocrx_word' id='word_1_208' title='bbox 1361 2974 1438 3040; x_wconf 89' lang='lat' dir='ltr'><strong>prae</strong></span> <span class='ocrx_word' id='word_1_209' title='bbox 1451 2955 1566 3018; x_wconf 87' lang='lat' dir='ltr'><strong>ceteris</strong></span> <span class='ocrx_word' id='word_1_210' title='bbox 1584 2949 1771 3016; x_wconf 87' lang='lat' dir='ltr'><strong>mortalibus</strong></span> <span class='ocrx_word' id='word_1_211' title='bbox 1789 2947 1970 3028; x_wconf 85' lang='lat' dir='ltr'><strong>sublimati,</strong></span> <span class='ocrx_word' id='word_1_212' title='bbox 2017 3039 2020 3046; x_wconf 13' lang='grc' dir='ltr'><strong><em>ι</em></strong></span> 
     </span>
     <span class='ocr_line' id='line_1_22' title="bbox 287 3051 1969 3147; baseline 0.001 -32"><span class='ocrx_word' id='word_1_213' title='bbox 287 3054 356 3117; x_wconf 88' lang='lat' dir='ltr'><strong>eius</strong></span> <span class='ocrx_word' id='word_1_214' title='bbox 380 3056 413 3118; x_wconf 91' lang='lat' dir='ltr'><strong>in</strong></span> <span class='ocrx_word' id='word_1_215' title='bbox 436 3052 585 3120; x_wconf 87' lang='lat' dir='ltr'><strong>omuibus</strong></span> <span class='ocrx_word' id='word_1_216' title='bbox 609 3079 722 3143; x_wconf 87' lang='lat' dir='ltr'><strong>parere</strong></span> <span class='ocrx_word' id='word_1_217' title='bbox 745 3061 935 3144; x_wconf 86' lang='lat' dir='ltr'><strong>praeceptis,</strong></span> <span class='ocrx_word' id='word_1_218' title='bbox 960 3061 1051 3124; x_wconf 87' lang='lat' dir='ltr'><strong>cuius</strong></span> <span class='ocrx_word' id='word_1_219' title='bbox 1075 3059 1250 3126; x_wconf 87' lang='lat' dir='ltr'><strong>clemencia</strong></span> <span class='ocrx_word' id='word_1_220' title='bbox 1274 3061 1406 3147; x_wconf 90' lang='lat' dir='ltr'><strong>praelati</strong></span> <span class='ocrx_word' id='word_1_221' title='bbox 1427 3081 1546 3139; x_wconf 88' lang='lat' dir='ltr'><strong>sumus,</strong></span> <span class='ocrx_word' id='word_1_222' title='bbox 1564 3068 1660 3144; x_wconf 87' lang='lat' dir='ltr'><strong>atque</strong></span> <span class='ocrx_word' id='word_1_223' title='bbox 1684 3058 1774 3122; x_wconf 93' lang='lat' dir='ltr'><strong>cuius</strong></span> <span class='ocrx_word' id='word_1_224' title='bbox 1799 3051 1969 3142; x_wconf 88' lang='lat' dir='ltr'><strong>praecelli·</strong></span> 
     </span>
     <span class='ocr_line' id='line_1_23' title="bbox 288 3159 1970 3253; baseline 0.001 -32"><span class='ocrx_word' id='word_1_225' title='bbox 288 3181 357 3224; x_wconf 89' lang='lat' dir='ltr'><strong>mus</strong></span> <span class='ocrx_word' id='word_1_226' title='bbox 383 3183 531 3243; x_wconf 78' lang='lat' dir='ltr'><strong>ruuuere5</strong></span> <span class='ocrx_word' id='word_1_227' title='bbox 556 3160 626 3226; x_wconf 87' lang='lat' dir='ltr'><strong>loca</strong></span> <span class='ocrx_word' id='word_1_228' title='bbox 649 3163 758 3250; x_wconf 90' lang='lat' dir='ltr'><strong>utique</strong></span> <span class='ocrx_word' id='word_1_229' title='bbox 784 3164 844 3227; x_wconf 92' lang='lat' dir='ltr'><strong>sibi</strong></span> <span class='ocrx_word' id='word_1_230' title='bbox 867 3165 972 3232; x_wconf 88' lang='lat' dir='ltr'><strong>dicata</strong></span> <span class='ocrx_word' id='word_1_231' title='bbox 996 3189 1053 3252; x_wconf 91' lang='lat' dir='ltr'><strong>per</strong></span> <span class='ocrx_word' id='word_1_232' title='bbox 1089 3169 1263 3253; x_wconf 84' lang='lat' dir='ltr'><strong>peticiones</strong></span> <span class='ocrx_word' id='word_1_233' title='bbox 1299 3167 1441 3232; x_wconf 87' lang='lat' dir='ltr'><strong>fidelium</strong></span> <span class='ocrx_word' id='word_1_234' title='bbox 1475 3175 1656 3231; x_wconf 88' lang='lat' dir='ltr'><strong>nostrorum</strong></span> <span class='ocrx_word' id='word_1_235' title='bbox 1686 3171 1795 3228; x_wconf 89' lang='lat' dir='ltr'><strong>nostro</strong></span> <span class='ocrx_word' id='word_1_236' title='bbox 1825 3159 1970 3226; x_wconf 87' lang='lat' dir='ltr'><strong>releuari</strong></span> 
     </span>
     <span class='ocr_line' id='line_1_24' title="bbox 287 3265 1971 3359; baseline 0.002 -32"><span class='ocrx_word' id='word_1_237' title='bbox 287 3265 458 3346; x_wconf 89' lang='lat' dir='ltr'><strong>iuuamine,</strong></span> <span class='ocrx_word' id='word_1_238' title='bbox 482 3275 578 3354; x_wconf 90' lang='lat' dir='ltr'><strong>atque</strong></span> <span class='ocrx_word' id='word_1_239' title='bbox 603 3267 700 3348; x_wconf 82' lang='lat' dir='ltr'><strong>regali</strong></span> <span class='ocrx_word' id='word_1_240' title='bbox 719 3271 801 3334; x_wconf 89' lang='lat' dir='ltr'><strong>tueri</strong></span> <span class='ocrx_word' id='word_1_241' title='bbox 817 3273 1002 3354; x_wconf 86' lang='lat' dir='ltr'><strong>munimine,</strong></span> <span class='ocrx_word' id='word_1_242' title='bbox 1028 3275 1178 3359; x_wconf 85' lang='lat' dir='ltr'><strong>quoniam</strong></span> <span class='ocrx_word' id='word_1_243' title='bbox 1196 3273 1256 3338; x_wconf 91' lang='lat' dir='ltr'><strong>hoc</strong></span> <span class='ocrx_word' id='word_1_244' title='bbox 1273 3272 1366 3338; x_wconf 90' lang='lat' dir='ltr'><strong>nobis</strong></span> <span class='ocrx_word' id='word_1_245' title='bbox 1389 3284 1421 3338; x_wconf 90' lang='lat' dir='ltr'><strong>et</strong></span> <span class='ocrx_word' id='word_1_246' title='bbox 1442 3271 1483 3340; x_wconf 89' lang='lat' dir='ltr'><strong>ad</strong></span> <span class='ocrx_word' id='word_1_247' title='bbox 1497 3270 1662 3338; x_wconf 87' lang='lat' dir='ltr'><strong>mortalem</strong></span> <span class='ocrx_word' id='word_1_248' title='bbox 1684 3271 1783 3336; x_wconf 83' lang='lat' dir='ltr'><strong>vitam</strong></span> <span class='ocrx_word' id='word_1_249' title='bbox 1807 3277 1971 3352; x_wconf 88' lang='lat' dir='ltr'><strong>tempora-</strong></span> 
     </span>
     <span class='ocr_line' id='line_1_25' title="bbox 289 3369 1968 3466; baseline 0.002 -33"><span class='ocrx_word' id='word_1_250' title='bbox 289 3371 360 3436; x_wconf 89' lang='lat' dir='ltr'><strong>liter</strong></span> <span class='ocrx_word' id='word_1_251' title='bbox 384 3373 632 3456; x_wconf 85' lang='lat' dir='ltr'><strong>transigendam,</strong></span> <span class='ocrx_word' id='word_1_252' title='bbox 657 3385 688 3438; x_wconf 90' lang='lat' dir='ltr'><strong>et</strong></span> <span class='ocrx_word' id='word_1_253' title='bbox 710 3376 751 3440; x_wconf 88' lang='lat' dir='ltr'><strong>ad</strong></span> <span class='ocrx_word' id='word_1_254' title='bbox 763 3386 924 3442; x_wconf 88' lang='lat' dir='ltr'><strong>aeternam</strong></span> <span class='ocrx_word' id='word_1_255' title='bbox 950 3379 1084 3444; x_wconf 84' lang='lat' dir='ltr'><strong>feliciter</strong></span> <span class='ocrx_word' id='word_1_256' title='bbox 1104 3379 1310 3446; x_wconf 89' lang='lat' dir='ltr'><strong>obtinendam</strong></span> <span class='ocrx_word' id='word_1_257' title='bbox 1330 3379 1529 3466; x_wconf 87' lang='lat' dir='ltr'><strong>profuturum</strong></span> <span class='ocrx_word' id='word_1_258' title='bbox 1549 3376 1671 3464; x_wconf 90' lang='lat' dir='ltr'><strong>liquido</strong></span> <span class='ocrx_word' id='word_1_259' title='bbox 1687 3373 1857 3440; x_wconf 86' lang='lat' dir='ltr'><strong>oredimus.</strong></span> <span class='ocrx_word' id='word_1_260' title='bbox 1875 3369 1968 3451; x_wconf 82' lang='lat' dir='ltr'><strong>Qua-</strong></span> 
     </span>
     <span class='ocr_line' id='line_1_26' title="bbox 288 3478 1970 3574; baseline -0.001 -32"><span class='ocrx_word' id='word_1_261' title='bbox 288 3487 418 3564; x_wconf 88' lang='lat' dir='ltr'><strong>propter</strong></span> <span class='ocrx_word' id='word_1_262' title='bbox 440 3483 615 3567; x_wconf 89' lang='lat' dir='ltr'><strong>eomperiat</strong></span> <span class='ocrx_word' id='word_1_263' title='bbox 644 3485 784 3548; x_wconf 82' lang='lat' dir='ltr'><strong>omniurn</strong></span> <span class='ocrx_word' id='word_1_264' title='bbox 810 3484 953 3550; x_wconf 87' lang='lat' dir='ltr'><strong>{idolium</strong></span> <span class='ocrx_word' id='word_1_265' title='bbox 976 3497 1155 3552; x_wconf 89' lang='lat' dir='ltr'><strong>nostrorum</strong></span> <span class='ocrx_word' id='word_1_266' title='bbox 1185 3488 1408 3574; x_wconf 82' lang='lat' dir='ltr'><strong>praesenciam</strong></span> <span class='ocrx_word' id='word_1_267' title='bbox 1426 3484 1549 3551; x_wconf 88' lang='lat' dir='ltr'><strong>scilicet</strong></span> <span class='ocrx_word' id='word_1_268' title='bbox 1564 3495 1596 3548; x_wconf 94' lang='lat' dir='ltr'><strong>et</strong></span> <span class='ocrx_word' id='word_1_269' title='bbox 1626 3482 1804 3548; x_wconf 83' lang='lat' dir='ltr'><strong>futurorum</strong></span> <span class='ocrx_word' id='word_1_270' title='bbox 1818 3478 1970 3561; x_wconf 89' lang='lat' dir='ltr'><strong>solercia,</strong></span> 
     </span>
     <span class='ocr_line' id='line_1_27' title="bbox 288 3583 1970 3677; baseline 0.001 -31"><span class='ocrx_word' id='word_1_271' title='bbox 288 3583 426 3669; x_wconf 88' lang='lat' dir='ltr'><strong>qualiter</strong></span> <span class='ocrx_word' id='word_1_272' title='bbox 449 3587 578 3672; x_wconf 87' lang='lat' dir='ltr'><strong>quidam</strong></span> <span class='ocrx_word' id='word_1_273' title='bbox 603 3589 652 3651; x_wconf 90' lang='lat' dir='ltr'><strong>vir</strong></span> <span class='ocrx_word' id='word_1_274' title='bbox 671 3589 870 3658; x_wconf 45' lang='lat' dir='ltr'><strong>,venerabilis</strong></span> <span class='ocrx_word' id='word_1_275' title='bbox 898 3591 1083 3658; x_wconf 81' lang='lat' dir='ltr'><strong>Fridaricus</strong></span> <span class='ocrx_word' id='word_1_276' title='bbox 1116 3593 1356 3677; x_wconf 84' lang='lat' dir='ltr'><strong>salzburgensis</strong></span> <span class='ocrx_word' id='word_1_277' title='bbox 1379 3590 1536 3657; x_wconf 89' lang='lat' dir='ltr'><strong>ecclesiae</strong></span> <span class='ocrx_word' id='word_1_278' title='bbox 1558 3587 1819 3674; x_wconf 88' lang='lat' dir='ltr'><strong>archiepiscopus</strong></span> <span class='ocrx_word' id='word_1_279' title='bbox 1841 3584 1883 3650; x_wconf 93' lang='lat' dir='ltr'><strong>ad</strong></span> <span class='ocrx_word' id='word_1_280' title='bbox 1906 3607 1970 3650; x_wconf 88' lang='lat' dir='ltr'><strong>nos</strong></span> 
     </span>
     <span class='ocr_line' id='line_1_28' title="bbox 288 3691 1969 3784; baseline 0.002 -32"><span class='ocrx_word' id='word_1_281' title='bbox 288 3691 421 3755; x_wconf 89' lang='lat' dir='ltr'><strong>veniens</strong></span> <span class='ocrx_word' id='word_1_282' title='bbox 446 3703 585 3756; x_wconf 89' lang='lat' dir='ltr'><strong>nostram</strong></span> <span class='ocrx_word' id='word_1_283' title='bbox 610 3694 781 3779; x_wconf 89' lang='lat' dir='ltr'><strong>postulauit</strong></span> <span class='ocrx_word' id='word_1_284' title='bbox 797 3699 1010 3780; x_wconf 84' lang='lat' dir='ltr'><strong>serenitatem,</strong></span> <span class='ocrx_word' id='word_1_285' title='bbox 1026 3710 1060 3764; x_wconf 87' lang='lat' dir='ltr'><strong>ut</strong></span> <span class='ocrx_word' id='word_1_286' title='bbox 1077 3701 1118 3766; x_wconf 93' lang='lat' dir='ltr'><strong>ob</strong></span> <span class='ocrx_word' id='word_1_287' title='bbox 1142 3700 1299 3766; x_wconf 88' lang='lat' dir='ltr'><strong>mercedis</strong></span> <span class='ocrx_word' id='word_1_288' title='bbox 1325 3711 1453 3764; x_wconf 88' lang='lat' dir='ltr'><strong>nostrae</strong></span> <span class='ocrx_word' id='word_1_289' title='bbox 1476 3707 1693 3784; x_wconf 86' lang='lat' dir='ltr'><strong>augmentum,</strong></span> <span class='ocrx_word' id='word_1_290' title='bbox 1712 3691 1874 3779; x_wconf 70' lang='lat' dir='ltr'><strong>¹quaedam</strong></span> <span class='ocrx_word' id='word_1_291' title='bbox 1893 3691 1969 3756; x_wconf 88' lang='lat' dir='ltr'><strong>loca</strong></span> 
     </span>
     <span class='ocr_line' id='line_1_29' title="bbox 288 3795 1968 3892; baseline 0 -33"><span class='ocrx_word' id='word_1_292' title='bbox 288 3818 370 3882; x_wconf 91' lang='lat' dir='ltr'><strong>quae</strong></span> <span class='ocrx_word' id='word_1_293' title='bbox 384 3799 483 3864; x_wconf 91' lang='lat' dir='ltr'><strong>nostri</strong></span> <span class='ocrx_word' id='word_1_294' title='bbox 496 3808 714 3866; x_wconf 86' lang='lat' dir='ltr'><strong>antecessores</strong></span> <span class='ocrx_word' id='word_1_295' title='bbox 727 3802 767 3866; x_wconf 90' lang='lat' dir='ltr'><strong>ad</strong></span> <span class='ocrx_word' id='word_1_296' title='bbox 781 3803 949 3870; x_wconf 89' lang='lat' dir='ltr'><strong>eeclesiam</strong></span> <span class='ocrx_word' id='word_1_297' title='bbox 966 3809 1067 3872; x_wconf 88' lang='lat' dir='ltr'><strong>sancti</strong></span> <span class='ocrx_word' id='word_1_298' title='bbox 1084 3807 1169 3870; x_wconf 90' lang='lat' dir='ltr'><strong>Petri</strong></span> <span class='ocrx_word' id='word_1_299' title='bbox 1182 3808 1350 3892; x_wconf 84' lang='lat' dir='ltr'><strong>sanctique</strong></span> <span class='ocrx_word' id='word_1_300' title='bbox 1366 3803 1542 3870; x_wconf 89' lang='lat' dir='ltr'><strong>Roudberti</strong></span> <span class='ocrx_word' id='word_1_301' title='bbox 1555 3800 1748 3868; x_wconf 83' lang='lat' dir='ltr'><strong>confessoris</strong></span> <span class='ocrx_word' id='word_1_302' title='bbox 1762 3797 1892 3877; x_wconf 84' lang='lat' dir='ltr'><strong>Christi,</strong></span> <span class='ocrx_word' id='word_1_303' title='bbox 1909 3795 1968 3861; x_wconf 92' lang='lat' dir='ltr'><strong>ubi</strong></span> 
     </span>
     <span class='ocr_line' id='line_1_30' title="bbox 290 3902 1968 3998; baseline 0 -33"><span class='ocrx_word' id='word_1_304' title='bbox 290 3902 496 3988; x_wconf 88' lang='lat' dir='ltr'><strong>corporaliter</strong></span> <span class='ocrx_word' id='word_1_305' title='bbox 520 3906 698 3992; x_wconf 86' lang='lat' dir='ltr'><strong>requiescit,</strong></span> <span class='ocrx_word' id='word_1_306' title='bbox 721 3919 753 3972; x_wconf 93' lang='lat' dir='ltr'><strong>et</strong></span> <span class='ocrx_word' id='word_1_307' title='bbox 777 3911 845 3995; x_wconf 91' lang='lat' dir='ltr'><strong>ipse</strong></span> <span class='ocrx_word' id='word_1_308' title='bbox 870 3911 1051 3997; x_wconf 86' lang='lat' dir='ltr'><strong>praedictus</strong></span> <span class='ocrx_word' id='word_1_309' title='bbox 1073 3911 1266 3978; x_wconf 88' lang='lat' dir='ltr'><strong>venerabilis</strong></span> <span class='ocrx_word' id='word_1_310' title='bbox 1287 3911 1547 3998; x_wconf 83' lang='lat' dir='ltr'><strong>archiepiscopus</strong></span> <span class='ocrx_word' id='word_1_311' title='bbox 1565 3917 1700 3996; x_wconf 89' lang='lat' dir='ltr'><strong>praeest,</strong></span> <span class='ocrx_word' id='word_1_312' title='bbox 1723 3903 1866 3972; x_wconf 89' lang='lat' dir='ltr'><strong>fidelium</strong></span> <span class='ocrx_word' id='word_1_313' title='bbox 1890 3925 1968 3966; x_wconf 91' lang='lat' dir='ltr'><strong>suo·</strong></span> 
     </span>
     <span class='ocr_line' id='line_1_31' title="bbox 290 4006 1971 4106; baseline 0 -34"><span class='ocrx_word' id='word_1_314' title='bbox 290 4033 358 4072; x_wconf 91' lang='lat' dir='ltr'><strong>rum</strong></span> <span class='ocrx_word' id='word_1_315' title='bbox 384 4011 855 4100; x_wconf 88' lang='lat' dir='ltr'><strong>peticionibusconcesserunt,</strong></span> <span class='ocrx_word' id='word_1_316' title='bbox 879 4041 899 4083; x_wconf 93' lang='lat' dir='ltr'><strong>a</strong></span> <span class='ocrx_word' id='word_1_317' title='bbox 924 4017 1017 4084; x_wconf 92' lang='lat' dir='ltr'><strong>nobis</strong></span> <span class='ocrx_word' id='word_1_318' title='bbox 1048 4041 1175 4106; x_wconf 89' lang='lat' dir='ltr'><strong>quoque</strong></span> <span class='ocrx_word' id='word_1_319' title='bbox 1206 4029 1361 4084; x_wconf 88' lang='lat' dir='ltr'><strong>renouata</strong></span> <span class='ocrx_word' id='word_1_320' title='bbox 1385 4018 1598 4090; x_wconf 85' lang='lat' dir='ltr'><strong>firmarentur.</strong></span> <span class='ocrx_word' id='word_1_321' title='bbox 1619 4010 1721 4078; x_wconf 83' lang='lat' dir='ltr'><strong>Cuius</strong></span> <span class='ocrx_word' id='word_1_322' title='bbox 1749 4009 1900 4098; x_wconf 87' lang='lat' dir='ltr'><strong>peticioni</strong></span> <span class='ocrx_word' id='word_1_323' title='bbox 1925 4006 1971 4072; x_wconf 94' lang='lat' dir='ltr'><strong>ob</strong></span> 
     </span>
     <span class='ocr_line' id='line_1_32' title="bbox 289 4116 1968 4207; baseline -0.001 -28"><span class='ocrx_word' id='word_1_324' title='bbox 289 4116 569 4184; x_wconf 89' lang='lat' dir='ltr'><strong>amoremdomini</strong></span> <span class='ocrx_word' id='word_1_325' title='bbox 593 4122 690 4184; x_wconf 91' lang='lat' dir='ltr'><strong>nostri</strong></span> <span class='ocrx_word' id='word_1_326' title='bbox 721 4120 817 4186; x_wconf 88' lang='lat' dir='ltr'><strong>lhesn</strong></span> <span class='ocrx_word' id='word_1_327' title='bbox 853 4121 1071 4207; x_wconf 64' lang='lat' dir='ltr'><strong>christiaco</strong></span> <span class='ocrx_word' id='word_1_328' title='bbox 1103 4125 1143 4189; x_wconf 92' lang='lat' dir='ltr'><strong>ob</strong></span> <span class='ocrx_word' id='word_1_329' title='bbox 1175 4125 1351 4191; x_wconf 89' lang='lat' dir='ltr'><strong>remedium</strong></span> <span class='ocrx_word' id='word_1_330' title='bbox 1376 4124 1553 4188; x_wconf 88' lang='lat' dir='ltr'><strong>animarum</strong></span> <span class='ocrx_word' id='word_1_331' title='bbox 1578 4129 1816 4184; x_wconf 88' lang='lat' dir='ltr'><strong>antecessorum</strong></span> <span class='ocrx_word' id='word_1_332' title='bbox 1842 4125 1968 4178; x_wconf 91' lang='lat' dir='ltr'><strong>nostro·</strong></span> 
     </span>
     <span class='ocr_line' id='line_1_33' title="bbox 290 4221 1966 4318; baseline 0.001 -34"><span class='ocrx_word' id='word_1_333' title='bbox 290 4244 370 4303; x_wconf 93' lang='lat' dir='ltr'><strong>rum,</strong></span> <span class='ocrx_word' id='word_1_334' title='bbox 388 4245 427 4286; x_wconf 89' lang='lat' dir='ltr'><strong>ac</strong></span> <span class='ocrx_word' id='word_1_335' title='bbox 443 4222 554 4288; x_wconf 89' lang='lat' dir='ltr'><strong>beatae</strong></span> <span class='ocrx_word' id='word_1_336' title='bbox 573 4228 743 4292; x_wconf 89' lang='lat' dir='ltr'><strong>memoriae</strong></span> <span class='ocrx_word' id='word_1_337' title='bbox 760 4227 867 4294; x_wconf 89' lang='lat' dir='ltr'><strong>domni</strong></span> <span class='ocrx_word' id='word_1_338' title='bbox 885 4253 923 4294; x_wconf 90' lang='lat' dir='ltr'><strong>ac</strong></span> <span class='ocrx_word' id='word_1_339' title='bbox 939 4232 1092 4316; x_wconf 88' lang='lat' dir='ltr'><strong>genitoris</strong></span> <span class='ocrx_word' id='word_1_340' title='bbox 1106 4235 1214 4314; x_wconf 91' lang='lat' dir='ltr'><strong>nostri,</strong></span> <span class='ocrx_word' id='word_1_341' title='bbox 1234 4243 1424 4318; x_wconf 86' lang='lat' dir='ltr'><strong>nostraeque</strong></span> <span class='ocrx_word' id='word_1_342' title='bbox 1441 4228 1597 4296; x_wconf 89' lang='lat' dir='ltr'><strong>mercedis</strong></span> <span class='ocrx_word' id='word_1_343' title='bbox 1615 4233 1833 4311; x_wconf 89' lang='lat' dir='ltr'><strong>augmentum,</strong></span> <span class='ocrx_word' id='word_1_344' title='bbox 1850 4221 1966 4287; x_wconf 88' lang='lat' dir='ltr'><strong>libenti</strong></span> 
     </span>
     <span class='ocr_line' id='line_1_34' title="bbox 289 4325 1965 4421; baseline 0.001 -31"><span class='ocrx_word' id='word_1_345' title='bbox 289 4330 396 4391; x_wconf 85' lang='lat' dir='ltr'><strong>animo</strong></span> <span class='ocrx_word' id='word_1_346' title='bbox 420 4352 588 4404; x_wconf 86' lang='lat' dir='ltr'><strong>assensum</strong></span> <span class='ocrx_word' id='word_1_347' title='bbox 611 4332 809 4418; x_wconf 84' lang='lat' dir='ltr'><strong>praebentes,</strong></span> <span class='ocrx_word' id='word_1_348' title='bbox 836 4335 1038 4402; x_wconf 83' lang='lat' dir='ltr'><strong>decreuiruus</strong></span> <span class='ocrx_word' id='word_1_349' title='bbox 1063 4341 1106 4402; x_wconf 91' lang='lat' dir='ltr'><strong>ita</strong></span> <span class='ocrx_word' id='word_1_350' title='bbox 1139 4341 1218 4407; x_wconf 86' lang='lat' dir='ltr'><strong>lieri.</strong></span> <span class='ocrx_word' id='word_1_351' title='bbox 1249 4339 1455 4408; x_wconf 85' lang='lat' dir='ltr'><strong>Renouarnus</strong></span> <span class='ocrx_word' id='word_1_352' title='bbox 1488 4337 1584 4421; x_wconf 87' lang='lat' dir='ltr'><strong>igitur</strong></span> <span class='ocrx_word' id='word_1_353' title='bbox 1608 4356 1646 4398; x_wconf 90' lang='lat' dir='ltr'><strong>ae</strong></span> <span class='ocrx_word' id='word_1_354' title='bbox 1670 4331 1897 4396; x_wconf 85' lang='lat' dir='ltr'><strong>confirmamus</strong></span> <span class='ocrx_word' id='word_1_355' title='bbox 1920 4325 1965 4392; x_wconf 88' lang='lat' dir='ltr'><strong>ad</strong></span> 
     </span>
     <span class='ocr_line' id='line_1_35' title="bbox 290 4433 1966 4531; baseline 0.002 -36"><span class='ocrx_word' id='word_1_356' title='bbox 290 4435 487 4518; x_wconf 87' lang='lat' dir='ltr'><strong>praedictum</strong></span> <span class='ocrx_word' id='word_1_357' title='bbox 507 4441 730 4504; x_wconf 86' lang='lat' dir='ltr'><strong>monasterium</strong></span> <span class='ocrx_word' id='word_1_358' title='bbox 749 4445 852 4508; x_wconf 89' lang='lat' dir='ltr'><strong>saneti</strong></span> <span class='ocrx_word' id='word_1_359' title='bbox 869 4443 954 4508; x_wconf 90' lang='lat' dir='ltr'><strong>Petri</strong></span> <span class='ocrx_word' id='word_1_360' title='bbox 973 4447 1138 4531; x_wconf 89' lang='lat' dir='ltr'><strong>sanctique</strong></span> <span class='ocrx_word' id='word_1_361' title='bbox 1157 4445 1341 4522; x_wconf 86' lang='lat' dir='ltr'><strong>Roudberti,</strong></span> <span class='ocrx_word' id='word_1_362' title='bbox 1361 4445 1506 4530; x_wconf 88' lang='lat' dir='ltr'><strong>primitus</strong></span> <span class='ocrx_word' id='word_1_363' title='bbox 1534 4439 1700 4506; x_wconf 90' lang='lat' dir='ltr'><strong>castellum</strong></span> <span class='ocrx_word' id='word_1_364' title='bbox 1736 4446 1864 4502; x_wconf 86' lang='lat' dir='ltr'><strong>sanctae</strong></span> <span class='ocrx_word' id='word_1_365' title='bbox 1880 4433 1966 4500; x_wconf 87' lang='lat' dir='ltr'><strong>Ern·</strong></span> 
     </span>
     <span class='ocr_line' id='line_1_36' title="bbox 291 4539 1965 4637; baseline 0 -34"><span class='ocrx_word' id='word_1_366' title='bbox 291 4539 411 4624; x_wconf 86' lang='lat' dir='ltr'><strong>drudie‚</strong></span> <span class='ocrx_word' id='word_1_367' title='bbox 429 4565 500 4607; x_wconf 90' lang='lat' dir='ltr'><strong>eum</strong></span> <span class='ocrx_word' id='word_1_368' title='bbox 518 4545 664 4612; x_wconf 88' lang='lat' dir='ltr'><strong>omnibus</strong></span> <span class='ocrx_word' id='word_1_369' title='bbox 680 4548 721 4612; x_wconf 89' lang='lat' dir='ltr'><strong>ad</strong></span> <span class='ocrx_word' id='word_1_370' title='bbox 745 4547 829 4614; x_wconf 91' lang='lat' dir='ltr'><strong>idem</strong></span> <span class='ocrx_word' id='word_1_371' title='bbox 854 4549 1019 4614; x_wconf 90' lang='lat' dir='ltr'><strong>castellum</strong></span> <span class='ocrx_word' id='word_1_372' title='bbox 1036 4553 1117 4616; x_wconf 89' lang='lat' dir='ltr'><strong>iuste</strong></span> <span class='ocrx_word' id='word_1_373' title='bbox 1141 4575 1178 4616; x_wconf 91' lang='lat' dir='ltr'><strong>ae</strong></span> <span class='ocrx_word' id='word_1_374' title='bbox 1200 4551 1345 4637; x_wconf 86' lang='lat' dir='ltr'><strong>legaliter</strong></span> <span class='ocrx_word' id='word_1_375' title='bbox 1367 4548 1610 4637; x_wconf 87' lang='lat' dir='ltr'><strong>pertinentibus,</strong></span> <span class='ocrx_word' id='word_1_376' title='bbox 1634 4569 1706 4612; x_wconf 86' lang='lat' dir='ltr'><strong>cum</strong></span> <span class='ocrx_word' id='word_1_377' title='bbox 1732 4541 1885 4630; x_wconf 70' lang='lat' dir='ltr'><strong>curtibus,</strong></span> <span class='ocrx_word' id='word_1_378' title='bbox 1909 4563 1965 4604; x_wconf 88' lang='lat' dir='ltr'><strong>ve-</strong></span> 
     </span>
     <span class='ocr_line' id='line_1_37' title="bbox 292 4648 1963 4741; baseline -0.01 -15"><span class='ocrx_word' id='word_1_379' title='bbox 292 4649 488 4726; x_wconf 62' lang='lat' dir='ltr'><strong>nasslOUlbussr</strong></span> <span class='ocrx_word' id='word_1_380' title='bbox 514 4651 756 4735; x_wconf 81' lang='lat' dir='ltr'><strong>piscacionibus,</strong></span> <span class='ocrx_word' id='word_1_381' title='bbox 782 4655 814 4720; x_wconf 94' lang='lat' dir='ltr'><strong>id</strong></span> <span class='ocrx_word' id='word_1_382' title='bbox 839 4665 889 4720; x_wconf 89' lang='lat' dir='ltr'><strong>est</strong></span> <span class='ocrx_word' id='word_1_383' title='bbox 911 4655 952 4722; x_wconf 93' lang='lat' dir='ltr'><strong>ab</strong></span> <span class='ocrx_word' id='word_1_384' title='bbox 976 4656 1114 4724; x_wconf 87' lang='lat' dir='ltr'><strong>ecclesia</strong></span> <span class='ocrx_word' id='word_1_385' title='bbox 1144 4660 1245 4722; x_wconf 90' lang='lat' dir='ltr'><strong>sancti</strong></span> <span class='ocrx_word' id='word_1_386' title='bbox 1282 4655 1422 4738; x_wconf 88' lang='lat' dir='ltr'><strong>Martini,</strong></span> <span class='ocrx_word' id='word_1_387' title='bbox 1447 4677 1528 4741; x_wconf 89' lang='lat' dir='ltr'><strong>quac</strong></span> <span class='ocrx_word' id='word_1_388' title='bbox 1560 4654 1691 4740; x_wconf 84' lang='lat' dir='ltr'><strong>respicit</strong></span> <span class='ocrx_word' id='word_1_389' title='bbox 1714 4659 1825 4716; x_wconf 89' lang='lat' dir='ltr'><strong>contra</strong></span> <span class='ocrx_word' id='word_1_390' title='bbox 1849 4648 1963 4712; x_wconf 90' lang='lat' dir='ltr'><strong>monti-</strong></span> 
     </span>
     <span class='ocr_line' id='line_1_38' title="bbox 291 4753 1962 4849; baseline -0.001 -33"><span class='ocrx_word' id='word_1_391' title='bbox 291 4753 406 4836; x_wconf 90' lang='lat' dir='ltr'><strong>culum,</strong></span> <span class='ocrx_word' id='word_1_392' title='bbox 440 4758 495 4841; x_wconf 92' lang='lat' dir='ltr'><strong>qui</strong></span> <span class='ocrx_word' id='word_1_393' title='bbox 519 4756 614 4842; x_wconf 85' lang='lat' dir='ltr'><strong>vulgo</strong></span> <span class='ocrx_word' id='word_1_394' title='bbox 639 4759 812 4826; x_wconf 89' lang='lat' dir='ltr'><strong>Noehstein</strong></span> <span class='ocrx_word' id='word_1_395' title='bbox 838 4773 1048 4849; x_wconf 88' lang='lat' dir='ltr'><strong>nuncupatur,</strong></span> <span class='ocrx_word' id='word_1_396' title='bbox 1076 4785 1202 4828; x_wconf 88' lang='lat' dir='ltr'><strong>sursum</strong></span> <span class='ocrx_word' id='word_1_397' title='bbox 1228 4785 1268 4827; x_wconf 88' lang='lat' dir='ltr'><strong>ex</strong></span> <span class='ocrx_word' id='word_1_398' title='bbox 1292 4773 1428 4849; x_wconf 89' lang='lat' dir='ltr'><strong>utraque</strong></span> <span class='ocrx_word' id='word_1_399' title='bbox 1453 4771 1543 4848; x_wconf 84' lang='lat' dir='ltr'><strong>parte</strong></span> <span class='ocrx_word' id='word_1_400' title='bbox 1565 4757 1707 4824; x_wconf 91' lang='lat' dir='ltr'><strong>fluminis</strong></span> <span class='ocrx_word' id='word_1_401' title='bbox 1723 4756 1837 4822; x_wconf 89' lang='lat' dir='ltr'><strong>Luaris</strong></span> <span class='ocrx_word' id='word_1_402' title='bbox 1862 4753 1962 4817; x_wconf 90' lang='lat' dir='ltr'><strong>nomi·</strong></span> 
     </span>
     <span class='ocr_line' id='line_1_39' title="bbox 292 4861 1962 4956; baseline 0.001 -36"><span class='ocrx_word' id='word_1_403' title='bbox 292 4872 374 4942; x_wconf 87' lang='lat' dir='ltr'><strong>nato,</strong></span> <span class='ocrx_word' id='word_1_404' title='bbox 401 4885 500 4948; x_wconf 89' lang='lat' dir='ltr'><strong>usque</strong></span> <span class='ocrx_word' id='word_1_405' title='bbox 524 4866 555 4930; x_wconf 91' lang='lat' dir='ltr'><strong>in</strong></span> <span class='ocrx_word' id='word_1_406' title='bbox 577 4865 713 4932; x_wconf 92' lang='lat' dir='ltr'><strong>riuulum</strong></span> <span class='ocrx_word' id='word_1_407' title='bbox 737 4866 999 4956; x_wconf 81' lang='lat' dir='ltr'><strong>Quartinispach.</strong></span> <span class='ocrx_word' id='word_1_408' title='bbox 1033 4869 1169 4956; x_wconf 89' lang='lat' dir='ltr'><strong>Insuper</strong></span> <span class='ocrx_word' id='word_1_409' title='bbox 1199 4872 1294 4934; x_wconf 91' lang='lat' dir='ltr'><strong>etiam</strong></span> <span class='ocrx_word' id='word_1_410' title='bbox 1326 4869 1365 4934; x_wconf 90' lang='lat' dir='ltr'><strong>de</strong></span> <span class='ocrx_word' id='word_1_411' title='bbox 1390 4871 1458 4954; x_wconf 89' lang='lat' dir='ltr'><strong>ipso</strong></span> <span class='ocrx_word' id='word_1_412' title='bbox 1490 4865 1594 4932; x_wconf 89' lang='lat' dir='ltr'><strong>riuulo</strong></span> <span class='ocrx_word' id='word_1_413' title='bbox 1627 4866 1834 4930; x_wconf 86' lang='lat' dir='ltr'><strong>venacionem</strong></span> <span class='ocrx_word' id='word_1_414' title='bbox 1859 4861 1962 4946; x_wconf 89' lang='lat' dir='ltr'><strong>pisea-</strong></span> 
     </span>
     <span class='ocr_line' id='line_1_40' title="bbox 293 4965 1961 5062; baseline 0 -33"><span class='ocrx_word' id='word_1_415' title='bbox 293 4968 481 5054; x_wconf 89' lang='lat' dir='ltr'><strong>oionemque</strong></span> <span class='ocrx_word' id='word_1_416' title='bbox 505 4993 548 5034; x_wconf 85' lang='lat' dir='ltr'><strong>ex</strong></span> <span class='ocrx_word' id='word_1_417' title='bbox 571 4987 704 5062; x_wconf 85' lang='lat' dir='ltr'><strong>utraque</strong></span> <span class='ocrx_word' id='word_1_418' title='bbox 728 4987 817 5061; x_wconf 77' lang='lat' dir='ltr'><strong>parte</strong></span> <span class='ocrx_word' id='word_1_419' title='bbox 853 4979 1030 5062; x_wconf 89' lang='lat' dir='ltr'><strong>praenotati</strong></span> <span class='ocrx_word' id='word_1_420' title='bbox 1061 4975 1203 5042; x_wconf 91' lang='lat' dir='ltr'><strong>fluminis</strong></span> <span class='ocrx_word' id='word_1_421' title='bbox 1233 4976 1274 5040; x_wconf 89' lang='lat' dir='ltr'><strong>ad</strong></span> <span class='ocrx_word' id='word_1_422' title='bbox 1303 4986 1448 5042; x_wconf 88' lang='lat' dir='ltr'><strong>sanctum</strong></span> <span class='ocrx_word' id='word_1_423' title='bbox 1480 4971 1738 5040; x_wconf 82' lang='lat' dir='ltr'><strong>hlaximilianurn</strong></span> <span class='ocrx_word' id='word_1_424' title='bbox 1761 4989 1862 5054; x_wconf 86' lang='lat' dir='ltr'><strong>usque</strong></span> <span class='ocrx_word' id='word_1_425' title='bbox 1886 4965 1961 5030; x_wconf 92' lang='lat' dir='ltr'><strong>dum</strong></span> 
     </span>
     <span class='ocr_line' id='line_1_41' title="bbox 292 5071 1961 5169; baseline 0.001 -35"><span class='ocrx_word' id='word_1_426' title='bbox 292 5071 454 5138; x_wconf 90' lang='lat' dir='ltr'><strong>Tuontina</strong></span> <span class='ocrx_word' id='word_1_427' title='bbox 476 5099 516 5142; x_wconf 85' lang='lat' dir='ltr'><strong>ex</strong></span> <span class='ocrx_word' id='word_1_428' title='bbox 540 5078 712 5166; x_wconf 91' lang='lat' dir='ltr'><strong>aquilonali</strong></span> <span class='ocrx_word' id='word_1_429' title='bbox 737 5095 827 5168; x_wconf 90' lang='lat' dir='ltr'><strong>parte</strong></span> <span class='ocrx_word' id='word_1_430' title='bbox 846 5083 916 5148; x_wconf 88' lang='lat' dir='ltr'><strong>fluit</strong></span> <span class='ocrx_word' id='word_1_431' title='bbox 946 5085 979 5146; x_wconf 92' lang='lat' dir='ltr'><strong>in</strong></span> <span class='ocrx_word' id='word_1_432' title='bbox 1003 5083 1201 5169; x_wconf 86' lang='lat' dir='ltr'><strong>praedictum</strong></span> <span class='ocrx_word' id='word_1_433' title='bbox 1225 5082 1354 5165; x_wconf 86' lang='lat' dir='ltr'><strong>flumen,</strong></span> <span class='ocrx_word' id='word_1_434' title='bbox 1378 5093 1475 5168; x_wconf 88' lang='lat' dir='ltr'><strong>atque</strong></span> <span class='ocrx_word' id='word_1_435' title='bbox 1493 5080 1616 5146; x_wconf 91' lang='lat' dir='ltr'><strong>riuulus</strong></span> <span class='ocrx_word' id='word_1_436' title='bbox 1647 5075 1804 5156; x_wconf 82' lang='lat' dir='ltr'><strong>Gaetuna,</strong></span> <span class='ocrx_word' id='word_1_437' title='bbox 1824 5096 1866 5139; x_wconf 83' lang='lat' dir='ltr'><strong>ex</strong></span> <span class='ocrx_word' id='word_1_438' title='bbox 1903 5095 1961 5135; x_wconf 87' lang='lat' dir='ltr'><strong>au-</strong></span> 
     </span>
     <span class='ocr_line' id='line_1_42' title="bbox 294 5179 1962 5276; baseline 0 -34"><span class='ocrx_word' id='word_1_439' title='bbox 294 5179 382 5244; x_wconf 88' lang='lat' dir='ltr'><strong>strali</strong></span> <span class='ocrx_word' id='word_1_440' title='bbox 405 5193 505 5270; x_wconf 87' lang='lat' dir='ltr'><strong>parte.</strong></span> <span class='ocrx_word' id='word_1_441' title='bbox 529 5185 579 5250; x_wconf 87' lang='lat' dir='ltr'><strong>Ad</strong></span> <span class='ocrx_word' id='word_1_442' title='bbox 604 5185 683 5252; x_wconf 93' lang='lat' dir='ltr'><strong>haec</strong></span> <span class='ocrx_word' id='word_1_443' title='bbox 707 5190 802 5254; x_wconf 89' lang='lat' dir='ltr'><strong>etiam</strong></span> <span class='ocrx_word' id='word_1_444' title='bbox 828 5189 993 5254; x_wconf 88' lang='lat' dir='ltr'><strong>firmamus</strong></span> <span class='ocrx_word' id='word_1_445' title='bbox 1011 5200 1042 5254; x_wconf 90' lang='lat' dir='ltr'><strong>et</strong></span> <span class='ocrx_word' id='word_1_446' title='bbox 1056 5211 1249 5254; x_wconf 88' lang='lat' dir='ltr'><strong>renouamus</strong></span> <span class='ocrx_word' id='word_1_447' title='bbox 1272 5189 1313 5254; x_wconf 87' lang='lat' dir='ltr'><strong>ad</strong></span> <span class='ocrx_word' id='word_1_448' title='bbox 1338 5189 1514 5276; x_wconf 78' lang='lat' dir='ltr'><strong>praelatum</strong></span> <span class='ocrx_word' id='word_1_449' title='bbox 1535 5187 1761 5252; x_wconf 89' lang='lat' dir='ltr'><strong>monasterinm</strong></span> <span class='ocrx_word' id='word_1_450' title='bbox 1787 5185 1962 5246; x_wconf 88' lang='lat' dir='ltr'><strong>iuuauense</strong></span> 
     </span>
     <span class='ocr_line' id='line_1_43' title="bbox 294 5277 1961 5382; baseline -0.002 -33"><span class='ocrx_word' id='word_1_451' title='bbox 294 5285 443 5354; x_wconf 89' lang='lat' dir='ltr'><strong>forestem</strong></span> <span class='ocrx_word' id='word_1_452' title='bbox 467 5315 486 5354; x_wconf 90' lang='lat' dir='ltr'><strong>a</strong></span> <span class='ocrx_word' id='word_1_453' title='bbox 509 5294 643 5357; x_wconf 86' lang='lat' dir='ltr'><strong>termino</strong></span> <span class='ocrx_word' id='word_1_454' title='bbox 667 5297 777 5380; x_wconf 90' lang='lat' dir='ltr'><strong>quiin</strong></span> <span class='ocrx_word' id='word_1_455' title='bbox 801 5296 950 5361; x_wconf 91' lang='lat' dir='ltr'><strong>Pisoucia</strong></span> <span class='ocrx_word' id='word_1_456' title='bbox 972 5295 1095 5382; x_wconf 87' lang='lat' dir='ltr'><strong>incipit,</strong></span> <span class='ocrx_word' id='word_1_457' title='bbox 1119 5296 1179 5362; x_wconf 89' lang='lat' dir='ltr'><strong>hoo</strong></span> <span class='ocrx_word' id='word_1_458' title='bbox 1203 5299 1254 5362; x_wconf 83' lang='lat' dir='ltr'><strong>est</strong></span> <span class='ocrx_word' id='word_1_459' title='bbox 1276 5296 1316 5360; x_wconf 88' lang='lat' dir='ltr'><strong>de</strong></span> <span class='ocrx_word' id='word_1_460' title='bbox 1340 5295 1441 5360; x_wconf 91' lang='lat' dir='ltr'><strong>riuulo</strong></span> <span class='ocrx_word' id='word_1_461' title='bbox 1458 5293 1622 5380; x_wconf 82' lang='lat' dir='ltr'><strong>Erilipaeb</strong></span> <span class='ocrx_word' id='word_1_462' title='bbox 1646 5313 1746 5377; x_wconf 86' lang='lat' dir='ltr'><strong>usque</strong></span> <span class='ocrx_word' id='word_1_463' title='bbox 1769 5277 1811 5352; x_wconf 93' lang='lat' dir='ltr'><strong>ad</strong></span> <span class='ocrx_word' id='word_1_464' title='bbox 1831 5296 1961 5350; x_wconf 76' lang='lat' dir='ltr'><strong>arentum</strong></span> 
     </span>
     <span class='ocr_line' id='line_1_44' title="bbox 294 5395 1962 5490; baseline 0.001 -32"><span class='ocrx_word' id='word_1_465' title='bbox 294 5407 442 5480; x_wconf 89' lang='lat' dir='ltr'><strong>montem,</strong></span> <span class='ocrx_word' id='word_1_466' title='bbox 473 5401 527 5486; x_wconf 92' lang='lat' dir='ltr'><strong>qui</strong></span> <span class='ocrx_word' id='word_1_467' title='bbox 561 5398 695 5466; x_wconf 89' lang='lat' dir='ltr'><strong>diutisce</strong></span> <span class='ocrx_word' id='word_1_468' title='bbox 720 5401 959 5488; x_wconf 87' lang='lat' dir='ltr'><strong>Uuassinperch</strong></span> <span class='ocrx_word' id='word_1_469' title='bbox 982 5402 1108 5486; x_wconf 92' lang='lat' dir='ltr'><strong>dicitur,</strong></span> <span class='ocrx_word' id='word_1_470' title='bbox 1138 5426 1236 5490; x_wconf 88' lang='lat' dir='ltr'><strong>prope</strong></span> <span class='ocrx_word' id='word_1_471' title='bbox 1255 5402 1401 5484; x_wconf 84' lang='lat' dir='ltr'><strong>Iscalam,</strong></span> <span class='ocrx_word' id='word_1_472' title='bbox 1425 5403 1456 5466; x_wconf 95' lang='lat' dir='ltr'><strong>in</strong></span> <span class='ocrx_word' id='word_1_473' title='bbox 1482 5401 1536 5466; x_wconf 93' lang='lat' dir='ltr'><strong>illo</strong></span> <span class='ocrx_word' id='word_1_474' title='bbox 1561 5401 1639 5482; x_wconf 91' lang='lat' dir='ltr'><strong>loco,</strong></span> <span class='ocrx_word' id='word_1_475' title='bbox 1667 5399 1721 5462; x_wconf 92' lang='lat' dir='ltr'><strong>ubi</strong></span> <span class='ocrx_word' id='word_1_476' title='bbox 1745 5395 1962 5462; x_wconf 87' lang='lat' dir='ltr'><strong>terminusfo-</strong></span> 
     </span>
    </p>
   </div>
   <div class='ocr_carea' id='block_1_9' title="bbox 0 0 2143 5922">
    <p class='ocr_par' dir='ltr' id='par_1_11' title="bbox 0 0 2143 5922">
     <span class='ocr_line' id='line_1_45' title="bbox 0 0 2143 5922; baseline 0 0"><span class='ocrx_word' id='word_1_477' title='bbox 0 0 2143 5922; x_wconf 95' lang='lat' dir='ltr'><strong> </strong></span> 
     </span>
    </p>
   </div>
  </div>
 </body>
</html>
