4300 5930
1767 436 1809 503 99

143 633 319 698 animarum
345 631 389 699 ibi
409 643 529 698 statuta
553 633 670 698 luerint
693 645 725 698 ct
748 630 903 714 ordinata,
928 643 1078 718 tanquam
1103 631 1284 698 obedientie
1308 641 1339 698 et
1362 628 1531 716 discipline
1555 628 1612 694 lilii
1636 631 1719 694 scire
1743 640 1807 694 stu·

143 739 254 818 deatis,
278 751 309 802 et
332 739 513 819 obseruare,
539 737 747 824 subditosque
771 749 895 802 vestros
915 739 955 802 ad
980 738 1153 802 eorundem
1177 737 1433 802 obseruationem
1458 735 1629 820 diligenter
1644 734 1808 800 exhortari

143 857 172 906 et
196 866 409 926 commonere,
435 854 470 908 ut
493 846 539 907 sic
563 846 594 907 iu
619 843 757 908 diuersis
781 843 908 908 talentis
932 843 1122 925 fenerantes,
1147 865 1210 906 una
1241 865 1312 907 cum
1347 864 1446 928 grege
1480 841 1574 905 vobis
1606 839 1730 906 credito
1766 839 1809 905 ad

141 951 241 1013 vitam
265 952 451 1015 mereamini
476 951 644 1037 peruenire
667 951 903 1037 sempiternam.
929 949 963 1014 Si
986 951 1058 1036 quis
1081 960 1187 1026 autem
1210 959 1351 1014 vestrum
1372 950 1405 1011 in
1429 947 1489 1012 bac
1511 957 1610 1034 parte,
1636 947 1720 1034 quod
1744 971 1807 1012 non

143 1055 314 1138 credimus,
332 1055 527 1136 ,inobediens
551 1057 702 1136 extiterit,
727 1057 782 1143 qui
805 1055 845 1120 ad
870 1055 1061 1142 prelibatum
1086 1056 1255 1121 concilium
1280 1077 1342 1120 non
1367 1055 1500 1138 venerit,
1526 1057 1606 1119 sciat
1629 1077 1663 1119 se
1696 1053 1808 1141 procul

143 1159 243 1225 dubio
266 1163 419 1226 canonice
443 1164 601 1226 sententie
625 1161 802 1227 subiacere.
827 1161 877 1226 De
901 1172 1025 1243 cetero,
1042 1159 1225 1247 prelatum?
1248 1161 1406 1226 Lucerem
1431 1160 1621 1228 familiarem
1653 1171 1807 1243 nostrum,

141 1289 238 1354 quem
262 1289 397 1354 persepe
420 1266 505 1332 dicto
529 1267 664 1332 concilio
688 1268 834 1332 vocando
858 1267 899 1332 ad
923 1291 981 1332 vos
1000 1269 1178 1354 dirigimus,
1202 1267 1392 1334 fraternitati
1417 1279 1523 1333 vestre
1535 1269 1808 1346 commendamus,

141 1383 294 1456 rogantes
317 1373 493 1438 affectuose
516 1383 548 1438 et
571 1373 769 1456 mandantes,
794 1383 952 1462 quatenus
976 1397 1047 1438 eum
1072 1373 1210 1462 benigne
1234 1377 1387 1449 tractetis,
1414 1383 1446 1439 et
1475 1375 1575 1438 nostri
1610 1377 1738 1458 amoris,
1758 1367 1809 1439 ‘ac

142 1489 347 1544 sacrosancte
371 1502 503 1544 romane
527 1477 663 1545 ecclesie
686 1481 812 1563 intuitu,
837 1482 883 1544 sic
906 1478 1081 1558 liberaliter
1106 1479 1330 1560 benefaciatis3
1362 1481 1509 1562 scientes,
1545 1481 1631 1567 quod
1668 1482 1696 1544 si
1730 1503 1803 1546 eum
1835 1499 1839 1508 ·

142 1585 187 1648 uti
211 1583 317 1668 decet,
341 1583 586 1667 benemeritis,
608 1609 667 1652 nos
691 1585 786 1651 valde
809 1594 935 1672 gratum
958 1585 1149 1652 habebimus
1171 1595 1203 1651 et
1227 1585 1403 1672 acceptum,
1421 1598 1452 1652 et
1469 1608 1525 1671 pro
1543 1589 1696 1672 temporis
1715 1608 1808 1672 opor·

145 1691 284 1756 tunitate
308 1689 418 1756 libenti
444 1694 550 1756 animo
575 1691 667 1756 vobis
691 1691 765 1756 inde
789 1693 973 1758 curabimus
998 1693 1201 1779 respondere.

291 1889 409 1950 Parieti.
433 1889 468 1945 T.
492 1889 526 1950 V.
550 1897 600 1946 atr.
626 1892 676 1949 61.
701 1892 710 1945 i
733 1891 766 1950 Τ.
786 1889 839 1950 111.
864 1897 914 1950 atr.
939 1891 1012 1949 198.
1036 1891 1218 1963 nepudpuno.

793 2183 1028 2270 cxxxlv.
1056 2185 1159 2267 1177.

142 2365 232 2437 NJeta'
256 2364 397 2428 sudarati
418 2365 561 2434 escensu,
589 2364 691 2437 solida
713 2364 778 2423 suas
800 2360 980 2440 uodbiskup,
1003 2366 1156 2438 {seusana
1177 2381 1208 2424 se
1229 2363 1436 2442 Spty'ettancm,
1460 2364 1500 2424 do
1534 2363 1649 2424 neusse
1683 2364 1748 2424 doe
1770 2383 1811 2424 na

269 2471 477 2530 emecachor
499 2489 521 2530 u
546 2470 648 2544 spuet,
667 2470 779 2544 poradt'
798 2469 948 2530 roalititit
970 2471 1141 2543 inpressu,
1164 2471 1176 2528 ι’
1198 2471 1267 2530 moti
1289 2471 1329 2529 do
1348 2487 1379 2530 se
1402 2471 1453 2533 isti
1475 2470 1542 2530 abor
1563 2470 1676 2545 odpods'.

295 2711 301 2722 .
328 2707 336 2726 .
360 2657 539 2744 Spalatensi
564 2660 746 2746 primicerio
770 2669 802 2723 et
825 2659 968 2724 eiusdem
993 2657 1078 2724 sedis
1101 2660 1158 2723 toti
1183 2657 1358 2724 venerabili
1383 2658 1531 2745 capitulo,
1565 2659 1739 2732 maioribus
1779 2671 1811 2724 et

143 2765 309 2850 magistris
332 2775 364 2828 et
387 2763 553 2829 dominis.
580 2813 588 2828 .
612 2767 655 2830 uti
680 2764 842 2846 fratribus,
874 2765 1071 2830 nobilissimo
1103 2763 1142 2829 Ε.
1170 2767 1287 2846 comiti,
1323 2787 1380 2830 suo
1410 2764 1529 2830 carnali
1565 2766 1806 2850 consanguineo

142 2883 173 2934 et
196 2869 313 2934 ordine
336 2870 401 2934 lilio
426 2869 595 2956 spirituali,
620 2881 652 2934 et
686 2871 833 2938 omnibus
864 2871 1007 2937 eiusdem
1036 2874 1175 2937 ciuitatis
1212 2871 1394 2937 bominibus
1418 2920 1426 2937 .
1451 2923 1458 2938 .
1484 2873 1703 2960 propinquis.
1729 2925 1735 2938 .
1760 2896 1811 2938 sa-

142 2975 252 3060 lutem,
279 2979 454 3042 orationem
481 2989 512 3042 et
536 3028 542 3041 .
569 3028 576 3042 .
602 2989 659 3042 est.
685 2975 832 3056 Qualiter
856 2977 949 3044 nobis
973 2977 1168 3042 Dalmaticis
1192 2978 1383 3064 spalatensis
1414 2978 1559 3060 ecclesia,
1597 2989 1705 3061 mater,
1747 3001 1810 3042 ma-

142 3084 256 3168 gistre,
282 3093 315 3146 et
336 3081 466 3146 domina
489 3084 643 3164 extiterit,
668 3084 867 3170 qualiterque
891 3084 1004 3152 ditioni
1030 3086 1098 3150 eius
1120 3095 1186 3149 tota
1209 3083 1382 3168 Dalmatia,
1407 3085 1592 3150 obedientia
1623 3094 1655 3149 et
1685 3083 1812 3150 subiec-

141 3189 230 3277 tione
254 3187 385 3252 subdita
408 3189 515 3269 fuerit,
535 3188 683 3254 dominus
708 3194 777 3272 scit,
802 3201 833 3254 et
856 3190 1011 3272 homines,
1036 3191 1193 3277 vobisque
1216 3201 1248 3255 et
1269 3192 1394 3274 integre
1426 3199 1458 3255 et
1490 3189 1604 3254 melius
1635 3190 1811 3256 scientibus

142 3316 205 3358 non
231 3304 284 3356 est
306 3292 529 3358 intimandum.
553 3293 633 3360 lude
657 3305 714 3376 est,
739 3296 824 3381 quod
849 3297 1054 3363 decessorum
1082 3308 1262 3362 nostrorum
1301 3296 1449 3382 exempla
1482 3295 1594 3362 volens
1630 3295 1811 3362 multotiens

141 3381 312 3485 prosequi,
329 3423 349 3461 a
371 3398 523 3464 fratribus
550 3403 666 3464 nostris
692 3400 899 3468 Iadrensibus
923 3403 1023 3468 multa
1046 3402 1183 3466 aduersa
1206 3405 1341 3489 patiens,
1368 3401 1539 3488 aliquando
1563 3404 1637 3466 naui
1661 3414 1693 3468 et
1714 3402 1811 3467 rebus

143 3507 173 3570 in
199 3529 240 3568 ea
265 3505 457 3568 necessariis
480 3504 605 3585 ablatis,
629 3505 802 3592 aliquando
827 3511 900 3574 naui
925 3509 1085 3595 perforata
1120 3520 1152 3572 et
1185 3512 1217 3572 in
1252 3508 1388 3574 fundum
1424 3532 1527 3589 versa,
1563 3520 1598 3572 ut
1634 3517 1810 3573 vestrorum

142 3611 242 3685 multi,
269 3613 323 3696 qui
348 3623 515 3696 presentes
538 3610 675 3693 luerunt,
701 3614 867 3696 viderunt3
891 3625 922 3678 et
945 3614 1017 3678 aliis
1042 3613 1149 3678 multis
1174 3613 1463 3679 machinationibus
1479 3637 1517 3679 ac
1535 3615 1629 3678 minis
1646 3612 1811 3700 bucusque

142 3720 256 3790 venire
285 3718 424 3803 nequiui.
448 3715 545 3780 Nunc
567 3729 673 3782 autem
698 3718 857 3784 desiderio
881 3721 1029 3785 desidero
1061 3725 1181 3796 venire,
1214 3721 1271 3784 sed
1302 3719 1487 3810 prohibeor,
1525 3721 1675 3806 quoniam
1709 3742 1809 3805 angu-

141 3826 201 3888 stie
225 3821 308 3887 mibi
332 3833 406 3886 sunt
428 3822 557 3908 ubique.
581 3823 615 3887 Si
639 3825 793 3906 venirem,
816 3827 1027 3912 inciperent.
1052 3875 1060 3890 .
1085 3825 1312 3891 Veneticorum
1345 3825 1530 3906 dicentium,
1569 3849 1632 3890 non
1663 3849 1721 3911 pro
1760 3849 1810 3912 sy-

141 3929 237 4010 nodo,
265 3929 322 3994 sed
345 3950 403 4013 pro
425 3940 533 3993 nostro
557 3927 787 4016 impedimento
811 3942 843 3996 et
865 3931 939 3997 dolo
964 3932 1054 3996 vadit
1084 3931 1169 4013 illuc,
1191 3934 1366 3997 amicorum
1391 3933 1519 4019 ciuium,
1544 3933 1726 4015 rogantium
1761 3955 1811 3997 me

142 4033 315 4098 Venetiam
329 4037 375 4098 ire
391 4056 447 4120 pro
458 4037 685 4100 communitate
698 4045 730 4101 et
741 4036 887 4102 libertate
905 4049 936 4102 et
951 4047 1035 4103 statu
1052 4047 1135 4104 terre
1152 4037 1362 4119 Iadrensium,
1380 4036 1577 4120 Seianorum,
1595 4035 1808 4121 Ungarorum,

140 4140 374 4228 aliorum(que)
394 4139 574 4227 aliquorum
598 4141 746 4207 manibus
767 4165 830 4206 non
854 4144 1001 4208 euadam.
1025 4142 1229 4231 Quapropter
1261 4145 1353 4208 vobis
1386 4153 1418 4208 et
1449 4143 1623 4208 maioribus
1654 4143 1808 4230 supplico,

141 4259 277 4334 etcum
302 4248 431 4312 domino
454 4247 560 4333 legato
589 4251 725 4314 termino
762 4249 886 4335 prefixo
923 4250 1038 4336 synodi
1062 4249 1213 4336 elongare
1247 4250 1433 4334 dignemini,
1468 4273 1609 4336 congruo
1646 4251 1738 4316 nobis
1773 4274 1812 4315 ac

142 4357 233 4439 pacis
260 4364 403 4440 tempore
428 4357 571 4420 venturis
596 4357 764 4442 episcopis,
791 4356 842 4420 vel
866 4357 1080 4442 importabilia
1100 4357 1192 4422 nobis
1216 4372 1366 4443 precepta
1394 4381 1432 4422 ac
1464 4361 1653 4442 grauamina
1688 4359 1806 4444 impos·

141 4461 253 4525 sibilia
277 4461 428 4525 remittat.
453 4460 607 4548 Alioquin
630 4485 788 4528 summum
813 4462 1011 4549 appellamus
1036 4465 1227 4548 pontificem.
1253 4463 1299 4528 Ut
1322 4465 1448 4549 cupitis,
1473 4463 1587 4532 valete.

294 4657 403 4716 Parieti
424 4659 455 4716 V.
480 4667 530 4719 str.
556 4662 607 4718 61.
