4254 5922
1883 433 1884 436 ,
1955 399 1977 406 ”

1975 445 1976 460 ³
2010 451 2079 476 cmm,

1998 489 2069 528 -aifi

1759 495 1821 562 209

1920 605 1921 608 ,
2010 605 2039 642 θ’,
2065 588 2087 629 'p

144 693 278 775 racione,
303 701 339 756 ut
359 691 466 757 nullus
490 715 639 758 succesor
664 701 779 774 noster,
805 701 859 758 aut
883 691 960 775 dux,
985 690 1036 757 vel
1060 714 1176 770 comes,
1207 688 1257 755 vel
1281 688 1444 778 quaelibet
1469 697 1619 773 potestas,
1634 687 1757 777 aliquid
1773 689 1815 756 de
1880 719 1883 724 ·
1950 715 1954 736 <
2002 675 2069 745 “

146 796 315 885 praedictis
338 799 434 864 rebus
461 808 652 886 potestatem
683 797 801 864 habeat
835 799 1033 883 subtrahere,
1066 797 1123 863 sed
1153 799 1223 862 iure
1253 806 1407 886 perpetuo
1438 795 1479 862 ad
1508 805 1655 862 sanctum
1687 796 1820 862 Petrum

145 916 353 992 sanctumque
375 905 598 972 Roudbertum
622 905 779 972 stabiliter
802 906 926 994 absque
948 906 1091 973 omnium
1123 904 1287 970 hominum
1321 901 1575 968 contradictione
1600 911 1818 989 permaneant.
1936 935 1937 940 ¹
2018 904 2100 1001 ’,ᾖ

145 1010 186 1076 Et
208 1023 243 1076 ut
267 1014 347 1078 haec
370 1016 543 1079 auctoritas
564 1024 691 1080 nostrae
713 1015 937 1080 renouacicnis
961 1021 994 1078 et
1017 1012 1275 1078 confirmacionis
1304 1010 1426 1075 firmior
1450 1007 1616 1093 habeatur,
1649 1019 1681 1073 et
1704 1033 1761 1096 per
1773 1008 1821 1072 fu·

25 1161 29 1172 -
65 1159 68 1166 ι
145 1129 213 1182 tura
244 1129 392 1206 tempora
422 1123 531 1185 verius
562 1120 731 1203 credatur,
765 1120 849 1185 hano
885 1129 1005 1186 cartam
1038 1129 1168 1207 propter
1199 1119 1391 1204 peticionem
1419 1115 1595 1181 Balduuini
1626 1115 1822 1181 venerabilis

144 1223 377 1312 archicpiscopi
402 1225 500 1291 scribi
524 1228 684 1303 iussimus,
715 1249 876 1316 manuque
909 1228 1038 1315 propria
1064 1225 1318 1304 corroborantes,
1352 1221 1448 1309 sigilli
1480 1225 1580 1289 nostri
1609 1224 1821 1310 impressione

145 1334 367 1418 praecepimus
395 1331 549 1418 infigniri.

301 1437 437 1525 Signum
459 1439 568 1505 domni
592 1439 737 1506 Heinrici
763 1442 854 1505 tercii
877 1441 964 1524 regis
987 1439 1202 1522 inuictissimi,
1227 1435 1360 1504 secundi
1385 1425 1591 1504 romanorum
1621 1437 1826 1524 imperatoris

144 1547 281 1629 augusti.

301 1651 502 1719 Wintherius
526 1653 738 1720 cancellarius
762 1655 835 1720 vice
858 1653 1019 1718 Bardonis
1046 1650 1321 1718 archicancellarii
1349 1653 1525 1736 recogncui

302 1759 388 1823 Data
419 1759 476 1826 VI.
516 1761 590 1825 idus
622 1759 777 1826 februarii
815 1783 899 1825 anno
934 1759 1114 1825 dominicae
1155 1759 1388 1824 incarnacionis
1420 1757 1510 1824 MLI.
1543 1755 1722 1822 Indictionc
1754 1755 1829 1821 1111.

142 1862 236 1930 Anno
261 1873 370 1930 autern
395 1867 503 1932 domui
528 1867 674 1932 Heinrici
696 1869 786 1932 tercii
811 1869 907 1952 regis,
938 1869 1140 1954 imperatoris
1176 1863 1320 1948 secundi,
1356 1864 1572 1930 ordinacionis
1605 1866 1674 1929 eius
1709 1862 1821 1930 XXII.

142 1973 231 2055 regni
258 1971 389 2057 quidem
410 1973 486 2038 XII.
511 1975 637 2060 imperii
660 1983 768 2038 autern
793 1971 832 2038 V.
857 1973 895 2038 In
920 1976 1049 2041 nomine
1073 1975 1194 2040 domini
1217 1973 1362 2038 feliciter.
1388 1972 1504 2039 Amen.

302 2103 497 2176 Kleinmayer.
520 2105 649 2162 Juvauia.
672 2107 745 2162 236.

529 2337 709 2422 CXVIII
737 2337 848 2422 leat.
878 2359 935 2422 m.
963 2337 1150 2440 scienta.
1182 2335 1439 2438 U'Iroglru.

633 2485 794 2559 Trophoni
813 2485 877 2544 diac
898 2483 1018 2546 cuverni
1033 2500 1142 2560 uyovor
1163 2501 1179 2544 a
1201 2483 1344 2545 Micioni.

302 2604 338 2668 ln
365 2605 494 2669 nomine
518 2604 639 2669 domini
663 2605 715 2669 dci
739 2607 849 2670 eterni.
878 2604 916 2670 Iu
941 2627 1024 2672 anuo
1048 2604 1090 2670 ab
1113 2605 1333 2670 incarnatione
1356 2602 1500 2670 eiusdem
1524 2601 1695 2669 millesimo
1723 2623 1821 2668 nona·

142 2713 266 2795 gesimo
291 2715 438 2798 septimo,
467 2735 577 2777 mense
612 2711 720 2794 madii,
747 2713 920 2777 indictione
955 2713 1075 2798 quinta,
1111 2711 1261 2796 Traguri.
1301 2709 1462 2789 Quoniam
1487 2709 1548 2776 sub
1572 2719 1733 2776 tantorum
1763 2708 1818 2774 do·

142 2819 301 2883 minorum
319 2820 475 2904 regimine
499 2841 557 2883 nos
584 2818 713 2904 degere,
737 2828 833 2905 atque
857 2819 919 2884 suh
947 2819 1123 2884 eorundem
1154 2817 1307 2903 euigilata
1331 2839 1417 2902 cura,
1442 2826 1539 2904 atquc
1563 2815 1694 2882 assidua
1724 2815 1824 2880 tutela

142 2945 196 2988 nos
221 2923 396 3010 persistere
431 2946 608 3010 congruum
642 2938 738 3011 atque
761 2927 957 2991 tutissimum
992 2927 1072 2991 satis
1096 2947 1167 2991 esse
1188 2927 1418 3014 cognocimus3
1446 2926 1564 2991 iccirco
1577 2945 1636 2989 nos
1666 2922 1822 3004 Jcanues,

140 3031 188 3094 dei
213 3032 321 3116 gratia
345 3033 542 3115 tragurensis
577 3033 757 3118 episcopus,
789 3055 861 3097 curn
897 3034 1015 3099 nostris
1044 3033 1294 3115 successoribus,
1330 3055 1394 3097 una
1422 3053 1495 3096 oum
1520 3031 1631 3116 Drago
1655 3029 1761 3117 priore
1789 3037 1822 3092 et

140 3137 233 3201 Petro
259 3136 347 3213 Bela,
372 3159 443 3200 cum
468 3139 591 3201 cunctis
608 3140 795 3204 eonoiuibus
824 3137 999 3204 maioribus
1025 3149 1057 3204 et
1080 3139 1267 3222 minoribus,
1303 3161 1374 3204 cum
1400 3139 1515 3203 nostris
1539 3135 1722 3219 heredibus,
1749 3157 1822 3222 pro·
1885 3187 1887 3194 .

141 3245 282 3306 ruitimus
307 3243 401 3307 vobis
424 3243 554 3308 domino
589 3254 698 3309 nostro
722 3244 821 3310 Vitali
856 3245 1007 3310 Michaeli
1034 3245 1110 3310 duci
1143 3245 1278 3312 Venetia
1302 3255 1334 3311 et
1365 3243 1527 3310 Dalmatis
1562 3253 1660 3331 atque
1689 3241 1819 3307 Oroatia

139 3360 169 3414 et
202 3348 365 3435 imperiali
401 3349 686 3436 prothoscuastcri,
726 3361 762 3415 ut
784 3375 804 3416 a
827 3351 922 3418 modo
951 3355 1021 3418 sine
1054 3363 1163 3419 vestro
1188 3352 1368 3418 volontarie
1394 3373 1555 3418 concensu
1579 3389 1628 3402 —-
1654 3387 1690 3399 -
1714 3387 1759 3400 -
1781 3385 1821 3397 -·

141 3453 239 3540 (dalje
268 3456 399 3540 ocima.)

299 3585 410 3657 Ljubic.
433 3585 543 3644 Listine
565 3589 587 3642 I.
610 3595 659 3648 str.
688 3589 716 3644 4.

825 3709 1140 3721 —n-—u—-u-—u-

186 3933 277 4018 Iino
305 3933 562 4019 invonrednl
590 3934 778 4020 dodatck
806 3937 1082 4042 prlobltujom
1115 3937 1244 4040 ovdje
1269 3936 1336 4040 jos
1362 3937 1495 4040 njcke
1522 3935 1706 4020 iuvodlre
1734 3935 1775 4018 Iu

204 4061 452 4142 inostrunih
493 4059 549 4142 Ill
580 4061 777 4164 kasrrijIIr
805 4062 1211 4270 listhliiblshrkojih
1241 4083 1286 4145 sc
1318 4061 1540 4163 spomInJu
1569 4060 1742 4143 vladarl

20 4422 27 4447 ·
144 4398 178 4460 G.
199 4402 275 4461 819.
300 4401 358 4458 dne
381 4403 409 4460 4.
437 4399 558 4475 arpalo.
590 4401 620 4462 U
639 4401 792 4478 Pauorijt
816 4402 907 4476 NJclci
934 4401 1125 4479 Mcyinbcrd,
1156 4401 1818 4480 11011ιί11πρεηιαόῖιὶ,ἂηὶορονκῙιη,ροῑαιεέί

528 4525 549 4566 u
571 4513 621 4567 rot
647 4510 730 4582 proti
759 4508 924 4583 Ljudcvitu
948 4511 1093 4570 oelitomu
1116 4509 1238 4583 supano
1259 4511 1466 4583 posovstomu.

297 4643 443 4710 Traditio
466 4643 669 4730 Meginbardi
693 4646 777 4713 laici.
804 4685 842 4696 —
868 4647 1028 4714 Omnibus
1056 4658 1121 4713 tam
1139 4647 1375 4729 ecclesiasticis,
1393 4669 1488 4734 quam
1505 4649 1600 4712 etiam
1618 4647 1816 4716 secularibus

144 4751 383 4816 venerabIlibus
407 4753 485 4817 viris
509 4755 587 4816 satis
611 4755 653 4816 sit
676 4753 896 4836 dilucidatum,
926 4755 1064 4842 qualiter
1087 4752 1279 4842 Meginhard
1304 4778 1418 4820 rusus
1441 4755 1616 4838 Dominici,
1649 4757 1682 4820 in
1702 4779 1817 4822 manus

142 4857 279 4924 Hittonis
304 4860 455 4945 episcopi,
480 4881 538 4946 pro
563 4862 687 4923 manice
710 4863 852 4938 neruiue,
877 4885 1019 4949 capsam,
1043 4885 1139 4948 quam
1163 4887 1182 4927 a
1203 4861 1297 4927 domo
1322 4871 1431 4928 sancte
1454 4861 1557 4927 Marie
1579 4885 1652 4928 cum
1669 4862 1813 4950 reliquiis

144 4966 263 5052 accepit
286 4963 488 5030 Wassucrim
512 4969 693 5049 aramiator,
718 4977 751 5030 et
773 4969 886 5054 ipsam,
915 4991 1011 5056 quam
1037 4968 1245 5034 iamdudum
1269 4969 1346 5034 iecit
1368 4968 1582 5052 traditionem,
1611 4972 1726 5034 iterum
1765 4994 1816 5036 re-

145 5063 280 5155 nouauit,
306 5071 482 5136 eomodo:
516 5073 596 5136 siin
626 5074 695 5158 ipso
737 5076 899 5156 comitatu,
945 5097 1039 5163 quem
1072 5085 1183 5140 contra
1212 5075 1410 5141 Liuduinum
1443 5073 1603 5142 hostiliter
1633 5076 1817 5164 carpebant,

142 5175 205 5241 dies
219 5201 295 5242 suus
306 5201 378 5242 eum
396 5189 652 5265 prosequeretur,
665 5178 739 5244 lllI.
761 5203 835 5268 pars
849 5179 889 5246 de
901 5183 1053 5246 iumentis
1064 5181 1237 5259 aeleaticis,
1252 5205 1324 5247 cum
1344 5183 1402 5248 ΙΙΙ.
1425 5183 1596 5266 warinonc,
1607 5205 1663 5269 pro
1671 5183 1814 5249 remedio

144 5284 383 5369 etindulgentia
410 5288 517 5350 anime
548 5309 605 5350 sue
628 5287 714 5350 omni
729 5289 979 5374 perseuerantia,
994 5289 1035 5353 ad
1059 5289 1189 5354 domum
1213 5289 1307 5355 beate
1330 5287 1432 5355 Maris
1456 5299 1627 5372 teneretur,
1659 5289 1812 5377 alioquin,

145 5391 168 5452 si
190 5391 298 5456 saluus
322 5403 354 5456 et
372 5393 542 5458 incolumis
566 5393 652 5459 domi
676 5397 872 5479 reuertisset,
896 5397 938 5462 ad
962 5419 1055 5462 suum
1078 5397 1222 5480 haberet,
1251 5419 1419 5484 quousque
1443 5395 1586 5482 degeret,
1611 5419 1714 5478 usum,
1741 5409 1816 5484 post

145 5494 259 5564 obitum
282 5521 360 5566 vero
384 5521 476 5566 suum
500 5500 758 5588 quandocunque
781 5525 822 5568 ex
846 5501 908 5568 hac
931 5502 1085 5570 deficeret
1106 5505 1184 5586 vita,
1221 5505 1329 5568 statim
1363 5506 1435 5590 ipsa
1468 5525 1574 5590 capsa,
1610 5526 1683 5568 cum
1715 5527 1813 5593 supra

1629 5611 1670 5675 14
