4276 5934
321 467 385 532 194

318 657 458 724 voluerit
481 659 662 738 conuenire,
688 665 764 722 tunc
788 681 845 744 pro
869 658 999 723 homine
1023 659 1075 724 vel
1099 657 1282 724 hominibus
1305 659 1367 722 tuis
1391 659 1451 723 sub
1476 657 1560 723 bauo
1585 668 1704 741 nostro,
1729 659 1782 724 vel
1806 661 1867 725 aab
1885 669 1996 724 nostra

318 763 494 829 clemencia
518 753 618 827 iade'x
641 763 706 844 ille,
733 767 787 849 qai
811 767 970 829 iusticiam
997 765 1098 830 noluit
1118 766 1235 840 faeere,
1260 764 1477 850 respondebit.
1503 764 1620 828 Actum
1646 775 1696 829 est
1730 765 1791 830 boa
1822 789 1907 830 anno
1941 767 1995 828 do-

318 872 435 934 minice
459 870 696 933 incarnacionis
723 867 1043 934 MOLXXXXVIII.
1068 871 1120 934 die
1144 869 1219 935 lune
1244 869 1273 932 V
1297 869 1370 934 idus
1393 870 1477 950 maii,
1515 867 1697 934 indiccione
1731 873 1843 955 prima,
1877 881 1993 956 epacta

318 975 379 1040 XI.
402 985 613 1040 concurrente
638 975 696 1039 III.
723 974 854 1039 Andron
880 977 962 1040 bano
988 979 1156 1056 existente,
1181 975 1324 1039 Falcone
1349 976 1464 1039 comite
1498 974 1720 1058 budrugiensi.
1762 975 1910 1040 Orazona
1944 999 1993 1040 co·

319 1083 395 1146 mite
419 1081 648 1166 guarastiensi.
674 1080 793 1145 Datum
819 1104 876 1166 per
901 1101 1015 1146 manas
1039 1081 1181 1144 Belesini
1206 1079 1261 1142 filii
1290 1078 1432 1144 Cornelii
1457 1081 1594 1143 comitis.

466 1245 539 1302 Stari
564 1246 658 1318 prepis
682 1263 699 1298 a
723 1246 823 1300 arkiua
846 1246 977 1301 nadbisk.
1002 1263 1077 1316 sagr.
1101 1244 1186 1299 Liber
1209 1242 1284 1296 Priv.
1309 1249 1357 1296 str.
1384 1243 1411 1300 6.
1437 1241 1566 1312 Tkaldid,
1590 1243 1753 1313 Spomanici
1777 1245 1799 1300 1.
1827 1245 1856 1302 7.

829 1535 1050 1618 CCLVIII.
1078 1536 1190 1618 1198.
1217 1535 1253 1617 b.
1282 1538 1465 1640 salanja.

318 1701 508 1778 Namjestailr
531 1700 624 1759 dudda
647 1698 827 1771 mtetadloopa
850 1697 983 1771 aapadja
1005 1697 1160 1755 raamirioe
1182 1697 1281 1769 mauja
1306 1699 1425 1757 trierem
1451 1699 1562 1756 traicias
1594 1696 1754 1756 Bartatom
1781 1697 1793 1755 ὁ
1824 1673 1993 1755 stanconic'-

1007 1805 1081 1859 ioom
1105 1803 1192 1860 odota
1214 1803 1310 1861 Krisa.

466 1950 505 2014 In
529 1946 657 2012 nomine
682 1941 802 2005 domini
827 1937 877 2000 dei
903 1945 934 2000 et
958 1936 1127 2000 saluatoris
1151 1938 1251 2000 nostri
1273 1937 1354 2001 Jesu
1379 1936 1510 2002 Christi.
1535 1938 1629 2002 Anno
1652 1937 1773 2001 domini
1800 1934 1987 1998 millessimo

317 2059 493 2141 centesimo
516 2049 724 2134 nonagesimo
749 2055 872 2124 octauo,
899 2043 1017 2104 mensis
1043 2041 1148 2120 madii,
1173 2041 1358 2107 indiccione
1382 2047 1494 2126 prima,
1526 2043 1578 2107 die
1610 2045 1731 2128 quinto.
1764 2040 1992 2105 Testilicamus

317 2189 375 2232 nos
399 2162 528 2250 quidem
552 2156 711 2240 Rogerius
736 2152 930 2215 Illaurooena
955 2145 1101 2210 arbensis
1125 2168 1241 2224 eomes,
1268 2157 1299 2210 et
1323 2147 1465 2214 Thomas
1481 2149 1595 2232 Longo
1614 2149 1775 2211 habitator
1799 2147 1830 2207 in
1852 2143 1990 2207 confinio

316 2279 427 2337 sancte
449 2265 552 2329 lllarie
576 2262 742 2338 Formosa,
780 2255 866 2342 quod
890 2253 1030 2339 quodam
1058 2261 1142 2314 retro
1165 2263 1318 2337 tempore,
1350 2253 1475 2316 scilicet
1508 2265 1714 2338 percurrente
1750 2273 1834 2314 anno
1870 2247 1990 2312 domini

317 2375 487 2440 millesimo
511 2368 687 2433 centesimo
708 2362 917 2445 nonagesimo
935 2361 1082 2442 septimo,
1100 2381 1210 2421 mense
1226 2359 1313 2438 iulio,
1331 2359 1504 2424 indictione
1521 2359 1772 2444 quintadecima,
1789 2379 1847 2420 nos
1864 2373 1992 2418 eramus

316 2477 479 2546 ininsula
500 2472 603 2554 Vegle
626 2479 701 2534 ante
736 2467 929 2552 presentiam
966 2463 1047 2526 Boni
1079 2462 1137 2525 filii
1168 2463 1277 2526 Dandi
1312 2463 1352 2526 de
1389 2465 1527 2528 confinio
1564 2477 1673 2528 sancte
1706 2464 1830 2526 Mariae
1866 2459 1991 2543 legatus

316 2587 437 2653 damini
461 2579 562 2645 nostri
584 2575 719 2640 Henrioi
744 2569 887 2635 Dauduli
912 2577 943 2632 et
966 2570 1111 2632 comunis
1135 2567 1360 2647 Veneciarum,
1386 2571 1514 2655 quando
1538 2571 1606 2655 ipse
1624 2569 1749 2654 legatus
1768 2565 1901 2631 vocauit
1917 2573 1989 2628 ante

316 2717 350 2758 se
367 2687 617 2762 Bartolomeam,
634 2678 816 2764 veglensem
835 2676 982 2739 comitem
1001 2697 1103 2758 nuper
1117 2673 1312 2756 defunctum,
1331 2685 1363 2740 et
1379 2674 1581 2760 Veglisanos‚
1600 2684 1630 2738 et
1648 2673 1789 2738 ostendit
1805 2674 1851 2736 eis
1869 2669 1990 2733 litteras

316 2800 453 2884 scriptas
476 2787 662 2874 Veglisanis
686 2807 743 2870 per
766 2782 929 2846 dominum
955 2779 1066 2842 ducem
1093 2788 1124 2841 et
1148 2781 1347 2843 consiliarios
1379 2783 1456 2861 eius,
1492 2785 1522 2844 in
1556 2779 1673 2866 quibus
1703 2782 1787 2843 inter
1819 2775 1884 2839 alia
1918 2796 1991 2836 con-

315 2904 488 2979 tinebatur,
513 2893 598 2982 quod
622 2891 708 2955 idem
734 2889 842 2952 Bonus
867 2885 952 2949 filius
972 2883 1080 2947 Dondi
1106 2884 1239 2949 deberet
1261 2885 1367 2949 facere
1397 2888 1443 2949 eis
1468 2887 1640 2966 racionem,
1662 2894 1694 2948 et
1726 2881 1879 2970 quicquid
1916 2877 1989 2942 iude

316 3011 446 3088 faceret,
471 3001 634 3088 predictus
658 2995 807 3059 dominus
831 2991 899 3054 dax
915 2999 947 3052 et
963 2991 1136 3053 consiliarii
1155 2993 1223 3054 eius
1241 3002 1342 3054 ratum
1363 2991 1526 3054 haberent.
1550 2990 1602 3053 Ad
1619 2990 1680 3053 hec
1695 2988 1860 3074 predictus
1878 2984 1986 3048 Bonus

316 3115 401 3179 filias
425 3106 535 3174 Dondi
559 3103 643 3168 dixit
659 3102 723 3163 eis:
749 3097 834 3183 qaod
851 3105 982 3182 paratas
999 3105 1067 3157 erat
1083 3094 1244 3180 complere
1261 3105 1292 3159 et
1307 3095 1414 3160 fircera
1432 3107 1542 3176 totam,
1561 3094 1647 3182 quod
1664 3095 1693 3156 ei
1710 3093 1751 3158 ab
1768 3091 1984 3154 illustrissima

316 3219 445 3284 domino
468 3213 550 3276 duce
574 3217 606 3272 et
630 3209 698 3270 eius
723 3202 914 3267 consiliariis
936 3201 1114 3263 iniunctum
1141 3209 1217 3264 erat.
1243 3199 1286 3262 Et
1307 3201 1405 3264 dixit:
1431 3203 1456 3264 si
1481 3202 1553 3286 quis
1578 3223 1620 3264 ex
1638 3199 1730 3264 vobis
1747 3195 1871 3282 aliquid
1888 3194 1985 3258 habet

316 3325 358 3389 ad
382 3318 564 3396 dicendum,
590 3313 685 3376 dicat.
710 3310 753 3372 Et
777 3308 910 3370 illustris
934 3327 1041 3368 comes
1062 3304 1307 3370 Bartholomeus
1329 3308 1471 3370 surrexit
1495 3315 1527 3370 et
1548 3304 1738 3370 reclamauit
1762 3326 1796 3368 se
1820 3301 1861 3365 de
1878 3321 1984 3385 supra-

316 3427 443 3513 scriptis
468 3419 652 3505 Veglisanis
677 3413 798 3494 dicens,
823 3410 909 3497 quod
933 3411 994 3495 ipsi
1018 3432 1081 3472 non
1106 3409 1328 3493 persoluerant
1349 3414 1377 3474 ei
1402 3411 1570 3474 collectam
1595 3411 1635 3474 de
1659 3410 1714 3472 illo
1738 3408 1878 3494 presenti
1895 3425 1988 3482 auno,

315 3556 410 3622 quarn
435 3527 594 3609 Rogerias
618 3519 825 3586 Permarinus
849 3527 880 3579 et
900 3514 1067 3580 Iohannes
1092 3512 1306 3579 Maurocenus
1330 3518 1496 3602 capetanei
1514 3518 1674 3580 exercitus
1692 3514 1833 3580 Vcnecie
1850 3511 1991 3576 illidere

314 3641 557 3707 consueuerant.
584 3629 625 3690 Et
649 3628 749 3690 eciam
776 3621 986 3708 proclamauit
1009 3643 1042 3682 se
1064 3618 1104 3682 de
1121 3623 1348 3705 suprascriptis
1368 3621 1562 3706 Veglisanis,
1583 3622 1622 3685 de
1639 3621 1754 3685 bannis
1773 3629 1804 3684 et
1819 3618 1892 3682 aliis
1911 3616 1987 3682 faris

316 3748 418 3824 lactis,
442 3751 474 3804 et
497 3739 536 3800 de
561 3735 630 3812 hoc,
655 3731 739 3816 quod
763 3731 823 3813 ipsi
849 3727 993 3790 fecerant
1024 3735 1135 3788 contra
1166 3735 1318 3790 statutam
1352 3729 1643 3813 suprascriptorum
1679 3727 1921 3812 capitaneorum
1956 3729 1987 3784 et

315 3861 426 3916 contra
450 3838 716 3908 consuetudinem
740 3834 825 3896 illias
848 3841 942 3894 terro.
966 3829 1009 3891 Et
1032 3828 1163 3892 volebat
1186 3834 1423 3918 suprascriptus
1449 3856 1555 3896 comes
1593 3831 1849 3908 Bartholomeus,
1885 3847 1982 3911 super

314 3957 408 4022 dictis
433 3927 582 4015 ornnibus
606 3943 724 4006 habere
749 3941 920 4003 racionem.
945 3935 987 3997 Et
1010 3933 1143 3996 illustris
1168 3935 1277 4000 Bonus
1302 3937 1386 4002 filius
1411 3938 1519 4001 Dandi
1537 3938 1621 4001 dixit
1640 3937 1759 4001 eisdem
1779 3933 1984 4018 Veglisanis:

315 4060 392 4149 quid
417 4052 548 4120 dicitis?
572 4046 764 4134 respondete
788 4043 912 4125 comiti;
939 4051 970 4104 et
993 4041 1055 4125 ipsi
1079 4042 1245 4124 pecierunt
1268 4042 1439 4107 induciam.
1461 4043 1505 4106 Et
1520 4043 1702 4130 sepedictus
1723 4064 1833 4107 comes
1852 4038 1986 4103 Bartho-

314 4169 438 4233 lomeas
461 4160 553 4239 dixit,
578 4153 664 4240 quod
689 4149 858 4216 iamdictus
883 4147 1006 4230 legatas
1030 4167 1094 4208 non
1119 4145 1258 4212 debebat
1281 4151 1327 4212 eis
1353 4149 1428 4213 dare
1445 4149 1617 4214 induciam.
1645 4149 1687 4212 Et
1711 4147 1845 4212 illustris
1870 4145 1979 4208 Bonas

315 4275 401 4338 filius
425 4265 528 4332 Dondi
554 4261 646 4336 dixit,
672 4257 757 4344 quod
784 4255 844 4317 sibi
869 4252 1040 4315 videbatur
1063 4249 1139 4314 dare
1157 4255 1201 4314 ais
1220 4254 1399 4335 induciam,
1419 4265 1449 4320 et
1466 4255 1555 4318 dedit
1574 4257 1620 4318 eis
1637 4255 1799 4318 induciam
1818 4251 1858 4316 ad
1876 4272 1985 4315 eorum

314 4378 507 4442 voluntates.
532 4367 575 4430 Et
598 4377 674 4428 tunc
696 4360 839 4447 precepit
855 4357 975 4420 eisdem
995 4353 1188 4438 Veglisanis,
1204 4369 1236 4420 at
1254 4359 1293 4422 ad
1312 4364 1514 4424 constitutam
1534 4361 1628 4443 diem,
1647 4361 1769 4425 scilicet
1785 4359 1824 4422 de
1847 4357 1986 4436 inducia,

314 4504 411 4570 quam
435 4478 494 4562 ipsi
521 4474 694 4559 pecierunt,
719 4466 854 4528 fuissent
871 4471 944 4525 ante
962 4484 1044 4542 eum,
1061 4461 1241 4526 faciendum
1260 4469 1420 4530 racionem
1438 4470 1500 4530 iam
1519 4468 1604 4532 dloto
1622 4469 1729 4532 comiti
1747 4465 1986 4529 Bartholomeo.

315 4589 381 4668 Qui
404 4584 444 4647 ad
469 4578 650 4666 predictum,
673 4573 758 4636 diem
781 4592 844 4634 non
870 4577 1037 4630 venerant.
1061 4566 1105 4630 Et
1129 4589 1171 4630 ex
1194 4591 1258 4654 quo
1295 4572 1357 4656 ipsi
1393 4595 1456 4635 non
1494 4582 1660 4654 venerunt,
1697 4581 1731 4635 at
1768 4571 1890 4634 dictum
1928 4577 1983 4648 est,

315 4690 478 4780 predictas
502 4705 610 4748 comes
634 4674 879 4742 Bartholomeas
904 4672 988 4734 dixit
1014 4673 1156 4756 predicto
1181 4674 1297 4758 legato,
1322 4687 1356 4739 ut
1379 4677 1579 4742 adiudicaret
1615 4701 1670 4743 eos
1708 4678 1770 4742 sibi
1805 4675 1984 4742 secundum

313 4817 436 4862 morem
460 4791 546 4855 illias
571 4799 665 4852 terre.
690 4783 732 4846 Et
756 4779 889 4844 illustris
914 4776 1024 4839 Bonus
1048 4775 1133 4840 filius
1158 4777 1266 4842 Dandi
1300 4780 1391 4864 dixit,
1421 4783 1506 4868 quod
1541 4807 1604 4849 non
1629 4783 1800 4850 videbatur
1830 4784 1878 4848 illi
1911 4794 1986 4848 tuna

313 4901 457 4968 iudicare
482 4918 553 4976 eos,
578 4895 642 4954 imo
666 4886 797 4954 volebat
820 4887 933 4947 iterum
961 4903 1017 4945 eos
1041 4905 1168 4950 vocare.
1193 4884 1312 4950 Iterum
1337 4887 1470 4954 illustris
1495 4889 1620 4975 legatus
1643 4914 1699 4976 per
1723 4913 1815 4954 suum
1833 4891 1985 4954 nunciam

313 5008 391 5073 fecit
414 5023 531 5069 vocare
556 4999 618 5060 iarn
643 4994 745 5057 dictos
771 4987 972 5071 Voglisanos,
998 4995 1032 5049 ut
1054 4989 1202 5052 venirent
1227 4999 1301 5054 ante
1325 5015 1359 5056 se
1384 4993 1568 5060 faciendum
1592 4994 1986 5061 racionemillustrisaimo

314 5110 441 5192 comiti;
466 5107 520 5192 qai
543 5101 585 5166 ad
609 5099 812 5163 constitutam
839 5092 924 5155 diem
950 5093 1061 5156 venire
1084 5105 1354 5180 contempserunt.
1377 5099 1421 5164 Et
1444 5124 1486 5165 ex
1510 5104 1633 5188 quoad
1658 5105 1864 5168 constitutam
1897 5101 1981 5166 diem

312 5237 378 5283 non
400 5217 567 5290 venerant,
591 5205 697 5270 vocati
722 5197 830 5280 semol,
855 5198 960 5260 vocati
984 5203 1110 5280 iterum,
1133 5206 1238 5268 vocati
1262 5208 1371 5288 tercio,
1401 5207 1565 5292 prediatus
1597 5207 1843 5274 &ptholomeus
1874 5229 1981 5272 come,

311 5325 488 5400 lamentare
512 5337 546 5379 ΒΘ
569 5314 654 5400 ῦθΡῗῐ
674 5311 714 5376 de
738 5304 953 5380 illl¹³l1'lflfllfflo
974 5315 1090 5398 legato.
1113 5311 1157 5374 Et
1180 5333 1256 5394 sepe
1281 5312 1385 5378 dictus
1410 5313 1534 5400 legatas
1560 5315 1643 5380 dixit
1674 5316 1894 5386 illustrissimo
1924 5336 1976 5380 co·
