4276 5934
1743 382 1808 451 186

130 576 334 662 pertinentiis
357 575 455 642 fuerit
476 574 627 640 habenda
650 583 682 640 et
704 575 844 662 qualiter
866 574 967 640 frater
988 574 1156 640 Johannes
1180 574 1301 640 domini
1325 597 1410 662 pape
1426 574 1615 661 capellanus
1630 573 1807 662 apostolice

128 680 217 744 sedis
241 679 376 764 legatus,
400 681 515 745 videns
546 681 825 746 instrumentum.
852 727 860 744 .
887 729 894 744 .
919 679 1061 764 Sauigne
1092 682 1259 766 scriptum,
1290 679 1406 746 fecerit
1435 681 1808 746 excommunicationem

127 793 243 850 contra
266 807 376 850 omnes
398 787 455 872 qui
480 793 556 851 sunt
578 786 848 868 contradicentes,
873 782 961 871 quod
987 787 1083 850 etiam
1108 787 1264 872 scriptum
1287 794 1346 868 est,
1361 817 1406 834 —
1421 786 1520 850 totius
1536 785 1646 872 populi
1662 785 1808 871 legentes

127 938 135 954 .
161 937 170 953 .
195 936 204 950 .
227 898 261 954 et
282 899 461 975 spontanee
484 889 649 956 voluntate
673 891 760 956 bono
782 897 815 954 et
837 889 931 956 firmo
955 890 1063 956 auimo
1087 937 1096 956 .
1121 937 1130 956 .
1160 942 1168 958 .
1192 888 1232 955 de
1255 891 1328 976 ipse
1350 888 1489 956 ecclesia
1519 893 1744 977 pertinentia.
1768 939 1776 958 .
1800 940 1808 958 .

126 1002 162 1058 st
183 992 312 1076 anari,
337 993 497 1060 Martinus
520 993 640 1078 Grobe,
660 994 838 1081 Bogdanus
862 993 951 1062 Petri
973 993 1059 1060 Rose
1080 1016 1153 1060 cum
1178 993 1338 1077 filiosuo,
1361 994 1528 1062 lohannes
1547 1047 1554 1062 .
1571 1046 1579 1062 .
1597 1045 1605 1061 .
1623 995 1809 1082 Stephanus

128 1097 284 1184 Sanigne,
309 1100 424 1165 Petrus
448 1099 602 1168 Gruanus
627 1151 635 1166 .
659 1151 667 1166 .
692 1147 701 1165 .
725 1098 886 1184 Oaldasci,
910 1099 1025 1167 Redde
1049 1123 1149 1187 gener
1184 1099 1326 1184 volente,
1363 1100 1491 1185 Lucani,
1515 1109 1547 1166 et
1568 1110 1708 1188 quatuor
1731 1149 1740 1168 .
1766 1149 1776 1168 .
1802 1153 1809 1168 .

131 1201 286 1269 Caldesci
307 1213 451 1292 nepotes,
474 1214 508 1270 et
529 1205 684 1284 Nicotaus
708 1205 787 1272 Bele
808 1206 969 1288 donantis,
994 1207 1096 1293 ipsius
1118 1228 1227 1292 nepos,
1253 1229 1310 1291 pro
1333 1205 1384 1270 his
1409 1255 1418 1272 .
1443 1256 1451 1272 .
1478 1251 1486 1272 .
1515 1215 1661 1272 veterum
1686 1215 1806 1272 testan-

128 1317 180 1374 tes
203 1308 289 1374 idem
317 1356 325 1374 .
349 1359 356 1376 .
380 1357 389 1376 .
412 1309 617 1376 venerandus
640 1311 743 1376 abbas
765 1309 958 1398 loquebatur
981 1359 990 1376 .
1015 1359 1023 1376 .
1049 1357 1056 1373 .
1080 1310 1201 1376 domini
1224 1311 1352 1377 ebbetis
1385 1312 1420 1375 in
1455 1311 1605 1378 menibus
1635 1311 1809 1378 ecclesiam

135 1413 335 1500 sepedictam
358 1417 579 1482 renuntiantes
603 1463 611 1481 .
634 1463 642 1480 .
668 1463 675 1480 .
701 1417 896 1482 monasterio
919 1417 1023 1481 sancti
1055 1415 1222 1482 Benedicti
1255 1413 1296 1482 de
1332 1416 1535 1481 Lacromons
1566 1415 1750 1482 habendam
1777 1425 1810 1482 et

131 1518 364 1604 possidendam
384 1519 613 1608 perpetualiter
634 1519 802 1604 dederunt,
827 1531 862 1587 ut
895 1519 942 1586 ihi
976 1523 1207 1586 monasterinm
1242 1520 1401 1587 heberent
1425 1571 1433 1588 .
1457 1568 1464 1583 .
1488 1569 1496 1586 .
1516 1520 1666 1586 dominus
1700 1543 1809 1586 comes

133 1623 282 1710 Sanigna
304 1627 352 1691 sic
374 1675 383 1693 .
407 1675 415 1692 .
442 1679 449 1693 .
474 1628 585 1693 statuit
608 1636 640 1691 et
663 1625 844 1692 Gauxonus
867 1629 1019 1712 ragusino
1041 1626 1178 1692 ecclesie
1193 1625 1457 1713 archiepiscopus
1481 1647 1555 1692 cum
1575 1625 1727 1692 uniuerso
1755 1648 1806 1692 os·

129 1729 234 1815 pitulo
257 1731 403 1796 eiusdem
427 1731 564 1798 ecclesie
587 1733 816 1797 canonicorum
841 1731 994 1814 interfuit,
1019 1741 1052 1796 et
1074 1755 1182 1798 comes
1205 1731 1364 1797 anarius
1388 1755 1461 1797 cum
1479 1731 1628 1797 omnibus
1644 1729 1809 1797 nobilibus

130 1838 165 1899 et
188 1835 339 1922 populo.
365 1884 373 1901 .
397 1885 406 1902 .
430 1837 561 1924 quidem
584 1839 727 1903 omnium
751 1859 862 1904 eorum
887 1837 1060 1903 iudicibus.
1083 1837 1127 1904 Et
1148 1860 1210 1922 ego
1232 1838 1387 1903 diaconus
1417 1838 1563 1903 Marinus
1596 1845 1628 1902 et
1661 1837 1808 1902 comunis

131 1941 278 2006 notarius
302 1943 378 2029 quia
401 1943 533 2008 interlui
557 1941 617 2025 his,
636 1944 751 2030 scripsi
776 1952 809 2009 et
831 1941 1002 2031 compleui.

282 2141 354 2198 Stati
380 2139 474 2212 prepis
496 2157 516 2196 n
538 2142 693 2198 monastiru
715 2141 840 2200 frstsrah
861 2141 1064 2198 dnhrorsdklh.
1087 2141 1125 2214 gl.
1148 2141 1257 2199 Farltti
1279 2141 1313 2196 T.
1337 2141 1386 2202 VI.
1409 2147 1459 2197 str.
1484 2141 1534 2196 69.

283 2229 307 2286 U
330 2229 412 2284 istom
435 2228 571 2300 rukopisu
595 2229 651 2300 pod
673 2229 794 2286 im0nom
818 2229 958 2286 Chronica
982 2229 1176 2286 antichissima
1198 2229 1244 2284 dio
1268 2229 1304 2284 11.
1328 2247 1355 2300 p.
1381 2229 1454 2288 210.
1471 2229 1536 2300 stoji
1553 2229 1665 2300 poreljs
1680 2246 1750 2286 ora:

286 2411 369 2477 1112
392 2435 502 2478 mense
524 2411 613 2478 Julio
635 2413 810 2480 indictione
828 2416 861 2480 5.
877 2413 950 2500 Ego
966 2413 1136 2480 Bolesleuo
1153 2413 1273 2479 Jndex.
1290 2413 1481 2480 Ecclesiam.
1506 2436 1531 2478 s.
1555 2413 1685 2478 Martini
1698 2435 1760 2500 que
1777 2415 1810 2478 in

129 2515 268 2582 Sumeto
293 2541 364 2583 esse
387 2519 524 2603 videtur,
549 2521 625 2586 olim
649 2521 691 2586 ab
713 2522 862 2587 hereticis
885 2519 1051 2585 fundatum
1076 2530 1173 2606 atque
1197 2541 1379 2606 possessam
1410 2518 1463 2584 dei
1481 2517 1604 2583 auxilio
1620 2517 1721 2583 fretus
1735 2540 1809 2583 cum

130 2646 174 2687 ex
199 2631 382 2688 nostrorum
406 2635 646 2690 antecessorum
671 2633 757 2690 esset
778 2625 971 2706 haereditas,
994 2627 1213 2690 necessarium
1238 2624 1317 2690 duxi
1340 2624 1467 2689 auferre
1489 2624 1532 2690 ab
1555 2625 1602 2688 eis
1626 2633 1657 2688 et
1680 2623 1808 2690 trudere

128 2727 299 2793 catholicis
323 2737 355 2793 et
378 2727 567 2796 orthodoxis
590 2733 671 2796 viris
695 2768 739 2778 —
762 2741 795 2796 et
817 2734 942 2796 vocatis
966 2729 1007 2795 ad
1027 2752 1077 2794 me
1101 2729 1266 2794 monachis
1291 2753 1317 2794 s.
1334 2729 1502 2795 Benedicti
1530 2729 1657 2794 cenobii
1685 2728 1805 2794 tradidi

129 2833 219 2897 illem
250 2836 298 2898 eis
321 2857 393 2899 cum
419 2835 568 2901 omnihus
592 2838 802 2922 pertinentiis.
828 2884 835 2900 .
861 2885 869 2899 .
892 2884 900 2899 .
924 2835 967 2900 Et
990 2857 1050 2918 ego
1075 2831 1113 2897 A.
1135 2833 1248 2899 Abbas
1275 2833 1432 2900 Ooenobii
1456 2858 1497 2900 ss.
1515 2832 1696 2922 Martyrum
1718 2833 1811 2920 Sergi
1862 2877 1867 2885 =

129 2949 164 3004 et
186 2937 289 3004 Bachi
310 2963 371 3028 per
391 2942 565 3006 iussionem
591 2941 632 3008 D.
654 2941 754 3027 Regis
778 2939 963 3028 subscripsi.
988 2938 1055 3020 (Gl.
1074 2939 1184 3006 listinu
1205 2939 1250 3006 br.
1267 2939 1391 3027 XXII.)

773 3237 1039 3321 sexuum.
1066 3237 1174 3320 1197.

130 3417 276 3478 Mauo
302 3418 384 3490 krolj
405 3417 541 3478 mures
562 3419 575 3476 ι’
597 3417 721 3492 secreti
742 3417 850 3491 doruje
871 3418 967 3477 Ῑιιιοιιι
989 3415 1137 3490 Sltepuuu
1159 3418 1198 3476 od
1227 3419 1366 3492 porodice
1388 3419 1516 3478 rimslrr'ls
1543 3417 1685 3488 Urslauh,
1706 3433 1811 3506 poeno-

746 3539 830 3601 dtr'uu
858 3539 964 3600 Vodr'ce
985 3557 1008 3600 u
1029 3540 1204 3615 Hrcotskoj.

283 3727 322 3794 In
346 3727 475 3794 nomine
496 3734 606 3793 suncto
629 3728 781 3794 trinitatis
804 3737 836 3794 et
858 3727 1025 3794 indiuidue
1059 3729 1200 3794 unitatis.
1223 3726 1386 3796 Henricns
1420 3729 1473 3795 dei
1508 3729 1612 3817 gratia
1634 3728 1812 3815 Hungsrie,

131 3832 307 3914 Dalmatio,
334 3831 473 3916 Oroatis,
495 3831 608 3916 Rome,
632 3832 810 3919 Sernieque
831 3857 891 3900 rex
914 3835 948 3899 in
972 3843 1172 3921 perpetuum.
1204 3834 1313 3914 Quum
1332 3843 1470 3900 testante
1493 3835 1652 3921 scripture
1684 3835 1813 3920 pagina,

132 3939 243 4006 labilis
266 3949 317 4004 est
339 3941 495 4006 memoria
518 3949 551 4005 et
566 3961 672 4006 rernm
692 3941 786 4005 turbe
809 3961 874 4005 non
894 3939 1024 4020 sufficit,
1048 3941 1181 4026 insuper
1212 3939 1255 4023 id,
1287 3940 1375 4026 qnod
1407 3939 1638 4030 memorialiter
1671 3947 1811 4021 tenetur,

132 4048 229 4111 citius
253 4043 417 4127 dilabitur,
441 4046 505 4110 nisi
528 4046 688 4131 scripture
711 4045 896 4111 testimonio
919 4044 1107 4126 roboretur;
1131 4067 1266 4111 necesse
1289 4055 1339 4112 est
1364 4054 1401 4112 ut
1422 4045 1464 4111 sd
1487 4067 1535 4129 ea,
1567 4065 1631 4132 que
1661 4043 1813 4110 humanis

130 4160 209 4237 apta
232 4157 308 4213 sunt
329 4147 452 4232 usibus,
477 4149 605 4215 indiciis
628 4149 803 4216 fulciantur
826 4149 1031 4215 litteralibus.
1056 4149 1196 4214 Proinde
1220 4151 1261 4215 sd
1286 4153 1513 4217 uniuersorum
1529 4147 1679 4215 volumus
1698 4171 1810 4235 perne·

133 4257 206 4322 nire
230 4255 388 4336 notitiem,
412 4255 595 4342 quodcum
619 4255 754 4321 iilustris
778 4263 869 4341 pater
891 4263 1002 4320 noster
1024 4277 1084 4320 rex
1108 4253 1197 4336 Bela,
1222 4257 1256 4320 in
1278 4255 1398 4322 ducatu
1421 4254 1603 4338 Solomonis,
1638 4253 1812 4342 quemdam

132 4360 276 4426 nobilem
300 4360 341 4424 de
364 4359 533 4444 Teutonis,
557 4363 685 4426 nomine
710 4360 880 4426 Albertum
904 4359 945 4424 de
968 4358 1130 4442 Michono,
1154 4359 1305 4427 habuerit
1327 4369 1591 4442 commatsneum,
1614 4361 1705 4425 cuius
1728 4367 1815 4424 terre

131 4491 151 4532 s
174 4465 277 4531 latere
301 4466 437 4532 ducatus
459 4465 638 4548 Sclauonie‚
662 4469 753 4532 iuxta
777 4464 971 4550 Podgoriam
996 4473 1028 4531 et
1051 4465 1211 4530 Gcritiam
1235 4475 1321 4532 esset
1342 4467 1420 4550 sits3
1443 4465 1530 4531 idem
1561 4464 1716 4530 Alhertus
1739 4485 1814 4530 con·

131 4573 212 4637 finis
236 4571 339 4657 ipsius
362 4571 464 4656 patris
487 4573 589 4635 nostri
614 4581 760 4657 potenter
782 4569 976 4648 incedendo,
1002 4593 1098 4656 qnam
1122 4569 1232 4658 plures
1256 4571 1403 4637 homines
1426 4573 1499 4636 neci
1527 4569 1666 4652 nodare,
1701 4577 1813 4656 captos

131 4675 307 4756 abducere,
332 4675 419 4740 bona
440 4697 569 4762 qnoque
593 4679 736 4762 recipere
759 4697 882 4756 eorum,
907 4683 939 4738 et
962 4676 1184 4760 possessiones
1208 4677 1315 4762 regias
1340 4677 1470 4740 omnino
1494 4677 1570 4762 igne
1582 4683 1713 4739 vastare
1737 4696 1812 4739 con-

133 4789 296 4847 sueuerat
320 4778 409 4844 Dum
432 4779 590 4844 eiusmodi
615 4781 809 4864 grauissime
832 4788 864 4845 et
886 4779 1213 4846 contumeliosissime
1232 4791 1314 4865 acts,
1331 4781 1507 4868 populique
1524 4781 1706 4846 miserrima
1722 4779 1811 4844 aflic-

129 4889 177 4952 tio
200 4887 304 4971 ipsius
325 4886 426 4970 petris
454 4886 556 4950 nostri
579 4885 711 4951 auribus
735 4887 967 4968 inconuisscnt,
999 4907 1058 4950 nos
1092 4886 1246 4952 videlicet
1268 4886 1368 4953 filium
1393 4909 1497 4968 suum,
1528 4907 1594 4950 nno
1623 4907 1697 4950 cnm
1731 4885 1809 4950 duo-

132 4991 239 5057 decim
263 4991 357 5074 regni
382 4991 430 5054 sui
453 4990 687 5074 potentioribus
706 4990 924 5076 magnatibus,
949 4991 982 5055 in
1006 5013 1102 5056 manu
1126 4993 1258 5078 potenti,
1290 4991 1332 5056 ad
1363 4990 1598 5058 deaastandum
1632 4989 1813 5056 dominium

129 5097 395 5184 proteruiarnqne
428 5093 573 5160 eiusdem
597 5094 723 5161 Alherti
753 5077 1032 5182 comprimendam
1056 5096 1274 5180 delegaueret.
1305 5096 1505 5182 Interimque
1537 5095 1678 5161 nondum
1718 5093 1811 5159 nobis

132 5201 176 5268 sd
211 5199 472 5288 prosequendum
499 5205 606 5289 ipsum
628 5211 797 5287 paternum
830 5201 1020 5266 mandatum
1055 5203 1117 5267 iter
1149 5200 1376 5288 dirigentibus,
1407 5201 1539 5290 quidam
1573 5201 1677 5289 patris
1712 5200 1815 5266 nostri
