4310 5918
907 609 1011 692 (tvl.
1037 611 1130 693 994.
1158 613 1197 692 9.
1224 610 1403 712 sehale.

267 869 269 874 ,
318 811 467 886 30301011
490 808 604 868 cureuic'
628 808 739 876 Pierio,
763 807 949 868 0000100000
972 795 1121 885 91100000,
1145 808 1202 866 kae
1218 808 1360 881 bjcpursue
1383 808 1440 866 leod
1455 808 1633 882 trrotslroqa
1654 809 1756 883 krol-ju
1772 809 2001 879 1101101000,οα

315 917 423 987 suojom
446 914 562 972 1000000
577 915 589 970 i
603 917 735 982 sestrom,
750 929 786 971 aa
800 914 918 986 svojimi
932 913 1033 972 000001
1045 915 1056 970 i
1070 930 1105 971 su
1124 913 1229 984 suejim
1254 914 1350 972 sinam
1374 913 1498 984 Ptesom,
1522 914 1586 972 tirso
1610 931 1719 988 aposor
1739 915 1851 986 paradi
1873 915 2005 987 sidonja

832 1021 918 1079 ortua
941 1036 983 1080 so.
1009 1019 1142 1090 Mitotia
1164 1018 1222 1076 lrod
1242 1017 1339 1091 orado
1363 1017 1479 1080 Setino.

313 1189 351 1254 In
376 1187 496 1255 Christi
522 1193 650 1255 nomine
674 1213 778 1256 amen.
810 1189 862 1254 Ab
880 1191 1100 1254 incarnatione
1119 1187 1239 1252 domini
1257 1189 1357 1262 nostri
1374 1189 1453 1254 Jesu
1470 1187 1590 1254 Christi
1607 1173 1702 1253 anno*
1715 1191 1998 1274 n0··ingentesirno

317 1300 527 1381 nonagesimo
553 1307 678 1386 quarto,
703 1297 755 1361 die
779 1319 857 1360 vero
881 1318 965 1360 noua
991 1297 1110 1359 mensis
1127 1293 1306 1372 Februarii,
1332 1305 1558 1382 temporeque
1581 1295 1738 1381 regnabat
1761 1293 1942 1378 sacrilegus
1968 1305 2002 1359 et

315 1403 468 1489 profanus
491 1405 666 1488 imperator
689 1399 871 1488 Stephanus
904 1399 1062 1486 (Samuel)
1088 1402 1228 1462 interra
1262 1395 1475 1485 Bulgarorum
1506 1403 1538 1465 in
1569 1403 1768 1487 caeterisque
1804 1402 2005 1486 regionibus.

473 1577 523 1642 En
550 1601 609 1664 ego
635 1579 685 1642 vir
711 1577 842 1640 Pincius
867 1577 987 1658 notaui,
1013 1585 1044 1640 et
1067 1577 1179 1661 scripsi
1204 1577 1452 1646 admemoriam
1477 1585 1678 1662 posterorum
1705 1585 1898 1658 nostrorum,
1922 1599 2003 1662 qua·

314 1695 492 1764 tenusnos,
517 1707 588 1747 cum
614 1705 758 1748 essemus
794 1683 1022 1766 consanguinei
1055 1681 1210 1767 Stephani
1235 1683 1446 1770 imperatoris,
1479 1684 1608 1768 saepius
1635 1683 1739 1768 ipsum
1771 1691 1904 1769 propter
1932 1686 2004 1748 eius

200 1857 208 1864 ,
317 1791 469 1856 delictum
494 1788 735 1873 redarguimus3
759 1799 994 1852 exeaecauerat
1021 1789 1105 1852 enim
1130 1797 1254 1873 patrem
1275 1811 1379 1870 suum,
1402 1798 1549 1874 patruum
1573 1797 1680 1851 autem
1698 1799 1842 1852 nostrum
1861 1787 2003 1874 probum

314 1895 478 1960 dominum
501 1892 727 1974 christicolam,
748 1894 866 1956 iustum
886 1893 1069 1956 Sismanum
1085 1894 1329 1978 imperatorem;
1355 1903 1551 1980 quapropter
1573 1916 1631 1958 nos
1655 1892 1781 1976 fratres,
1804 1917 1844 1958 ac
1868 1895 2000 1979 propin-

314 2023 395 2088 quos
420 2022 495 2064 suos
519 2021 562 2064 ex
587 1999 690 2084 patria
714 2009 823 2062 nostra
847 1997 982 2082 fugauit,
1008 2007 1039 2062 et
1062 1997 1197 2084 expulit,
1233 1998 1273 2064 de
1305 2009 1391 2063 terra
1425 1997 1577 2062 videlicet
1601 1997 1826 2084 Bulgarorum,
1852 2021 1895 2062 ex
1920 1999 2003 2062 urbe

313 2107 474 2185 Tamoua,
506 2103 662 2170 exaltnuit
683 2126 760 2169 vero
781 2102 952 2194 mendaces
983 2126 1021 2167 ac
1043 2102 1190 2168 rebelles.
1215 2103 1311 2168 Pater
1335 2113 1441 2168 autem
1464 2105 1543 2185 eius,
1568 2125 1683 2168 caecus
1714 2105 1867 2184 existens,
1895 2105 2002 2168 incre-

314 2214 404 2300 pauit
440 2213 544 2297 ipsum
581 2211 621 2274 de
658 2210 847 2297 expulsione
885 2219 1008 2290 nostra3
1045 2221 1077 2274 at
1112 2211 1181 2296 ipse
1218 2209 1434 2295 strangulauit
1469 2231 1552 2289 eum,
1589 2219 1620 2272 et
1655 2209 1809 2273 remansit
1840 2209 1871 2272 in
1899 2210 2003 2295 patris

315 2317 550 2382 maledictione.
575 2315 643 2380 Nos
666 2329 771 2379 autem
797 2317 944 2380 venimus
969 2315 1125 2397 Missiarn,
1150 2325 1181 2379 et
1205 2313 1279 2378 inde
1304 2313 1490 2379 recedentes
1515 2315 1720 2398 peruenimus
1745 2312 1934 2378 chroatiam
1957 2313 2002 2378 ad

210 2509 213 2514 Ι
314 2423 568 2486 illustrissimum
593 2431 625 2484 et
648 2419 782 2506 probum
808 2443 917 2506 regem
942 2419 1149 2485 Dircislaum.
1179 2417 1223 2483 At
1247 2418 1299 2483 ille
1324 2443 1381 2484 nos
1405 2419 1548 2504 benigne
1573 2421 1695 2505 recepit
1716 2427 1747 2483 et
1770 2419 1897 2484 adiuuit
1921 2430 2002 2484 tam-

314 2549 411 2616 quam
436 2527 539 2592 bonus
564 2548 603 2592 ac
619 2525 778 2610 benignus
795 2526 953 2607 dominus,
972 2537 1004 2590 et
1020 2525 1192 2590 collocauit
1205 2523 1407 2604 insuburbio
1425 2522 1538 2611 Olysii.
1556 2523 1627 2588 Illic
1644 2527 1741 2611 igitur
1765 2527 1990 2606 remansimus,

313 2645 346 2700 et
370 2635 549 2714 recepimus
570 2655 678 2696 veram
705 2631 801 2696 fidem
826 2630 1027 2714 catholicam,
1046 2631 1223 2697 secundum
1241 2631 1471 2695 institutionem
1497 2653 1649 2715 romanae
1673 2631 1838 2695 ecclesiae.

473 2738 517 2803 Et
539 2761 600 2823 ego
626 2739 769 2818 Pincius,
795 2761 859 2802 una
889 2761 961 2804 cunr
987 2737 1139 2803 fratribus
1159 2739 1248 2818 meis,
1284 2735 1436 2802 videlieet
1459 2735 1625 2816 Armonio,
1661 2735 1826 2818 Pollernio,
1860 2735 2001 2818 Joanne,

315 2843 490 2925 Oelcstino,
506 2855 538 2909 et
559 2865 669 2908 sorore
694 2854 803 2907 nostra
827 2843 949 2926 Murra,
971 2855 1003 2906 ct
1026 2865 1098 2908 eum
1123 2841 1293 2928 nepotibus
1316 2844 1433 2906 nostris
1457 2841 1598 2923 Tetralo,
1621 2839 1771 2922 Martino,
1795 2840 2000 2923 Alexandro,

314 2950 450 3030 Joanne,
483 2948 628 3027 Paulino,
665 2946 817 3032 Georgia,
854 2947 1023 3012 Pancratio
1058 2959 1090 3011 et
1124 2969 1195 3012 curn
1221 2947 1286 3010 filio
1312 2969 1382 3011 mco
1402 2947 1505 3028 Pleso,
1526 2969 1706 3014 sermonem
1739 2946 1874 3011 fecimus
1898 2958 1931 3012 et
1955 2949 2001 3010 ita

315 3055 546 3136 ordinsuimus,
578 3053 731 3118 videlicet
754 3053 943 3136 collegimus
980 3055 1062 3116 inter
1087 3076 1143 3117 nos
1167 3055 1344 3138 pecuniam.
1370 3052 1582 3139 dedimusque
1615 3076 1685 3118 eam
1718 3051 1821 3136 Pleso,
1847 3063 1883 3118 ut
1907 3053 2000 3117 obse·

318 3163 428 3248 quium
456 3159 516 3224 deo
542 3158 648 3240 faciat,
672 3169 707 3222 ut
729 3158 878 3224 aedificet
902 3157 1070 3227 ecclesiam
1095 3157 1305 3222 inhonorem
1331 3158 1415 3222 beati
1440 3156 1588 3223 Mihaelis
1617 3156 1814 3242 archangeli,
1839 3169 1872 3222 ot
1895 3161 1998 3222 sancti

314 3265 402 3330 Petri
424 3263 571 3352 apostoli,
597 3277 628 3328 et
652 3264 737 3330 beati
762 3263 892 3328 Martini
931 3265 1082 3350 episcopi,
1107 3265 1207 3328 etsie
1232 3263 1462 3345 ordinauimus,
1488 3274 1523 3328 ut
1546 3265 1731 3350 quicunque
1754 3274 1869 3349 postea
1902 3264 2001 3328 fuerit

314 3371 355 3438 de
378 3370 464 3436 tribu
487 3380 606 3452 nostra,
632 3380 666 3434 ut
681 3369 803 3455 aliquid
820 3369 925 3434 dictae
942 3355 1096 3454 largiatur
1112 3365 1267 3432 eeclesiae
1284 3369 1490 3450 substantiae,
1507 3368 1630 3434 scilieet
1646 3368 1781 3449 stabilis,
1807 3379 1841 3433 ut
1866 3393 1992 3455 agrum,

314 3477 367 3544 vel
388 3477 539 3559 domum3
563 3476 698 3542 fecimus
722 3477 806 3540 enirn
832 3475 916 3561 quod
942 3475 1079 3539 ecclesia
1101 3478 1162 3540 ista
1186 3476 1227 3538 sit
1251 3473 1435 3538 memoriale
1459 3473 1572 3539 domus
1607 3497 1646 3538 ac
1676 3473 1818 3538 familiae
1850 3486 1991 3555 nostrae,

315 3593 349 3650 ut
372 3582 478 3648 nullus
495 3585 537 3647 sit
554 3604 731 3668 possessor,
753 3603 810 3646 seu
834 3581 999 3644 ordinator
1019 3579 1174 3645 ecclesiae
1199 3579 1394 3659 huiusmodi,
1420 3581 1554 3666 eiusque
1578 3580 1745 3663 bonorum,
1772 3582 1835 3658 uisi
1867 3582 1998 3666 posteri,

313 3691 384 3756 siue
396 3688 553 3754 haeredes
568 3689 667 3764 nostri
681 3711 723 3752 ex
740 3686 825 3751 linea
838 3686 1062 3766 masculorum,
1079 3687 1151 3750 siue
1175 3685 1387 3750 faeminarum
1410 3695 1648 3771 procreatururn
1674 3707 1802 3770 semper
1825 3697 1994 3772 perpetua-

316 3795 400 3860 liter.
434 3794 468 3860 Si
499 3817 577 3858 vero
608 3794 705 3858 fuerit
729 3791 879 3856 sacerdos
911 3792 951 3856 de
985 3793 1070 3856 tribu
1103 3802 1210 3856 nostra
1243 3791 1421 3877 presbyter,
1452 3792 1520 3855 siue
1553 3789 1738 3872 monachus,
1775 3801 1809 3854 ut
1831 3790 1998 3876 possideat

313 3899 433 3966 dictam
455 3898 635 3978 ecclesiam,
661 3916 742 3962 unus
768 3908 839 3982 post
862 3895 977 3979 alium;
1001 3900 1026 3960 si
1051 3909 1157 3962 autem
1192 3921 1254 3962 non
1288 3895 1385 3960 fuerit
1412 3895 1451 3960 de
1484 3895 1570 3960 trihu
1603 3905 1712 3960 nostra
1743 3896 1914 3982 presbyter
1943 3907 1999 3960 aut

313 4003 501 4087 monachus,
526 4015 562 4068 ut
583 4003 686 4068 tribus
703 4011 813 4066 nostra
830 3999 1043 4066 saecularium
1061 3991 1342 4088 tromirrun'eligar
1365 4001 1566 4087 capellanum
1589 4000 1782 4087 quemlibet;
1807 4011 1839 4066 et
1861 4001 1998 4066 fecimus

312 4110 374 4176 hoc
391 4133 464 4176 curn
481 4107 616 4175 consilio
636 4118 669 4172 et
685 4129 844 4172 consensu
864 4107 1125 4172 reuerendissimi
1148 4118 1180 4172 et
1195 4107 1376 4192 dignissimi
1393 4107 1524 4172 Martini
1542 4105 1776 4192 archiepiscopi
1793 4106 1997 4193 spalatensis.

473 4213 515 4278 Et
538 4217 564 4278 si
589 4213 706 4299 aliquis
731 4212 868 4278 voluerit
890 4212 998 4278 facere
1014 4223 1126 4278 contra
1150 4215 1242 4277 istam
1268 4205 1513 4295 ordinationem,
1530 4213 1599 4276 siue
1617 4211 1814 4276 voluntatem
1840 4223 1992 4294 nostram,

246 4331 249 4338 '
312 4323 392 4387 iram
418 4320 471 4386 <lei
494 4342 592 4407 super
623 4341 657 4384 se
690 4319 817 4400 habeat,
840 4331 872 4386 ct
895 4319 989 4384 eadat
1022 4321 1055 4383 in
1087 4300 1271 4383 sanctorum
1304 4329 1430 4404 petrum
1466 4316 1733 4399 maledictionem,
1757 4327 1790 4383 et
1814 4339 1888 4384 cum
1911 4317 1998 4382 Juda

312 4426 482 4494 Scherioth
506 4428 625 4512 iugiter
654 4427 824 4492 crucietur.

390 4634 392 4638 ,
469 4573 578 4630 Farlati
595 4563 740 4645 illyricum
772 4573 898 4628 Sacrum.
928 4571 963 4626 T.
995 4569 1045 4624 111.
1063 4569 1121 4634 sir„
1139 4573 1209 4626 111.
1225 4573 1277 4626 ‘Po
1301 4573 1359 4643 svoj
1384 4571 1477 4643 prilici
1511 4571 1592 4642 pisan
1611 4573 1643 4643 je
1665 4573 1728 4642 ovsj
1752 4585 1861 4642 ugoror
1881 4571 1994 4628 1000000

312 4662 493 4734 slovjeuslsim
505 4661 638 4732 jeailrom,
661 4661 776 4716 100110
795 4663 826 4732 je
847 4661 857 4714 i
881 4659 989 4715 Furiati
1012 4659 1161 4730 nagadjso,
1181 4661 1227 4731 jer
1248 4659 1341 4715 neima
1363 4659 1505 4730 primjera,
1528 4660 1616 4714 dubi
1646 4655 1781 4730 bugarski
1807 4659 1934 4714 00100010
1957 4660 1993 4714 is-

312 4750 406 4806 davsli
429 4747 479 4803 bili
503 4749 598 4804 listins
621 4769 657 4803 na
690 4749 840 4805 latiuskom
860 4748 965 4818 jesika.
990 4747 1072 4802 11010
1095 4763 1126 4802 00
1149 4745 1636 4820 101003000001300001001000111,
1661 4747 1697 4802 da
1713 4747 1747 4819 30
1770 4747 1939 4819 preseditelj
1963 4747 1992 4801 ili

312 4835 475 4910 prepisstelj
505 4853 558 4893 oro
582 4835 693 4907 iaprsre
725 4837 779 4891 ime
810 4833 979 4906 Samnitem,
1011 4835 1058 4906 lroj
1082 4852 1101 4889 n
1125 4851 1177 4890 oro
1207 4837 1281 4891 doba
1303 4853 1322 4890 u
1346 4835 1503 4906 Bngarskoj
1533 4851 1642 4906 carere,
1673 4834 1812 4890 samienio
1835 4853 1848 4889 0
1873 4833 1993 4890 imenom

312 4929 456 4997 Srjepsus,
475 4925 523 4996 jer
541 4925 571 4994 30
594 4941 612 4978 0
635 4924 731 4979 marici
751 4923 846 4994 valjda
871 4923 926 4979 ime
950 4921 1506 4994 000003011010001000009.00001000
1529 4923 1603 4993 bilo,
1627 4923 1768 4989 00100010
1790 4921 1850 4993 nije
1873 4922 1995 4980 motebit

312 5015 321 5071 i
345 5013 459 5086 Semuil,
483 5030 519 5088 po
543 5010 656 5084 obidaju
673 5009 826 5090 bugarskih
854 5011 999 5082 vladarah,
1022 5011 1105 5070 nosio
1126 5010 1181 5065 dra
1203 5010 1303 5066 imena.
