<?xml version="1.0" encoding="UTF-8"?>
<!DOCTYPE html PUBLIC "-//W3C//DTD XHTML 1.0 Transitional//EN"
    "http://www.w3.org/TR/xhtml1/DTD/xhtml1-transitional.dtd">
<html xmlns="http://www.w3.org/1999/xhtml" xml:lang="en" lang="en">
 <head>
  <title>
</title>
<meta http-equiv="Content-Type" content="text/html;charset=utf-8" />
  <meta name='ocr-system' content='tesseract 3.04.00' />
  <meta name='ocr-capabilities' content='ocr_page ocr_carea ocr_par ocr_line ocrx_word'/>
</head>
<body>
  <div class='ocr_page' id='page_1' title='image "./codexdiplomatic00unkngoog_0393.png"; bbox 0 0 4292 5926; ppageno 0'>
   <div class='ocr_carea' id='block_1_1' title="bbox 1778 427 1820 490">
    <p class='ocr_par' dir='ltr' id='par_1_1' title="bbox 1778 427 1820 490">
     <span class='ocr_line' id='line_1_1' title="bbox 1778 427 1820 490; baseline 0 0"><span class='ocrx_word' id='word_1_1' title='bbox 1778 427 1820 490; x_wconf 76' lang='lat'>57</span> 
     </span>
    </p>
   </div>
   <div class='ocr_carea' id='block_1_2' title="bbox 140 617 1865 5365">
    <p class='ocr_par' dir='ltr' id='par_1_2' title="bbox 140 617 1865 5365">
     <span class='ocr_line' id='line_1_2' title="bbox 142 617 1822 705; baseline -0.001 -21"><span class='ocrx_word' id='word_1_2' title='bbox 142 618 284 684; x_wconf 78' lang='lat' dir='ltr'><strong>tionibus</strong></span> <span class='ocrx_word' id='word_1_3' title='bbox 307 626 399 704; x_wconf 90' lang='lat' dir='ltr'>grato</span> <span class='ocrx_word' id='word_1_4' title='bbox 423 628 652 684; x_wconf 79' lang='lat' dir='ltr'><strong>concurrentes</strong></span> <span class='ocrx_word' id='word_1_5' title='bbox 675 642 819 702; x_wconf 88' lang='lat' dir='ltr'>assensu,</span> <span class='ocrx_word' id='word_1_6' title='bbox 843 619 1044 686; x_wconf 82' lang='lat' dir='ltr'>Gradensem</span> <span class='ocrx_word' id='word_1_7' title='bbox 1069 621 1251 703; x_wconf 89' lang='lat' dir='ltr'>ecclesiam,</span> <span class='ocrx_word' id='word_1_8' title='bbox 1271 621 1324 686; x_wconf 93' lang='lat' dir='ltr'>cui</span> <span class='ocrx_word' id='word_1_9' title='bbox 1347 627 1479 686; x_wconf 89' lang='lat' dir='ltr'>auctore</span> <span class='ocrx_word' id='word_1_10' title='bbox 1510 618 1571 685; x_wconf 90' lang='lat' dir='ltr'>deo</span> <span class='ocrx_word' id='word_1_11' title='bbox 1613 641 1743 705; x_wconf 76' lang='lat' dir='ltr'>preesse</span> <span class='ocrx_word' id='word_1_12' title='bbox 1775 617 1822 682; x_wconf 92' lang='lat' dir='ltr'>di-</span> 
     </span>
     <span class='ocr_line' id='line_1_3' title="bbox 142 719 1814 812; baseline -0.001 -24"><span class='ocrx_word' id='word_1_13' title='bbox 142 724 316 810; x_wconf 87' lang='lat' dir='ltr'>gnosceris,</span> <span class='ocrx_word' id='word_1_14' title='bbox 341 723 402 788; x_wconf 91' lang='lat' dir='ltr'>sub</span> <span class='ocrx_word' id='word_1_15' title='bbox 425 724 511 791; x_wconf 89' lang='lat' dir='ltr'>beati</span> <span class='ocrx_word' id='word_1_16' title='bbox 536 724 622 790; x_wconf 90' lang='lat' dir='ltr'>Petri</span> <span class='ocrx_word' id='word_1_17' title='bbox 647 735 680 790; x_wconf 91' lang='lat' dir='ltr'>et</span> <span class='ocrx_word' id='word_1_18' title='bbox 702 737 811 790; x_wconf 90' lang='lat' dir='ltr'>nostra</span> <span class='ocrx_word' id='word_1_19' title='bbox 834 728 1033 812; x_wconf 91' lang='lat' dir='ltr'>protectione</span> <span class='ocrx_word' id='word_1_20' title='bbox 1056 729 1260 812; x_wconf 80' lang='lat' dir='ltr'>suscipimus,</span> <span class='ocrx_word' id='word_1_21' title='bbox 1285 735 1317 790; x_wconf 93' lang='lat' dir='ltr'>et</span> <span class='ocrx_word' id='word_1_22' title='bbox 1348 726 1507 811; x_wconf 90' lang='lat' dir='ltr'>presentis</span> <span class='ocrx_word' id='word_1_23' title='bbox 1545 725 1656 810; x_wconf 91' lang='lat' dir='ltr'>scripti</span> <span class='ocrx_word' id='word_1_24' title='bbox 1673 719 1814 809; x_wconf 83' lang='lat' dir='ltr'>&#39;priuile-</span> 
     </span>
     <span class='ocr_line' id='line_1_4' title="bbox 143 828 1821 916; baseline 0 -24"><span class='ocrx_word' id='word_1_25' title='bbox 143 831 196 915; x_wconf 88' lang='lat' dir='ltr'>gio</span> <span class='ocrx_word' id='word_1_26' title='bbox 225 831 471 895; x_wconf 89' lang='lat' dir='ltr'>communimus.</span> <span class='ocrx_word' id='word_1_27' title='bbox 503 831 608 915; x_wconf 81' lang='lat' dir='ltr'>Igitur</span> <span class='ocrx_word' id='word_1_28' title='bbox 638 830 903 916; x_wconf 82' lang='lat' dir='ltr'>predecessorum</span> <span class='ocrx_word' id='word_1_29' title='bbox 934 844 1115 896; x_wconf 89' lang='lat' dir='ltr'>nostrorum</span> <span class='ocrx_word' id='word_1_30' title='bbox 1150 831 1252 897; x_wconf 88' lang='lat' dir='ltr'>felicis</span> <span class='ocrx_word' id='word_1_31' title='bbox 1282 833 1435 896; x_wconf 86' lang='lat' dir='ltr'>memorie</span> <span class='ocrx_word' id='word_1_32' title='bbox 1465 829 1599 914; x_wconf 83' lang='lat' dir='ltr'>Pelagii,</span> <span class='ocrx_word' id='word_1_33' title='bbox 1631 828 1821 910; x_wconf 85' lang='lat' dir='ltr'>Alexandri,</span> 
     </span>
     <span class='ocr_line' id='line_1_5' title="bbox 146 932 1821 1023; baseline 0 -26"><span class='ocrx_word' id='word_1_34' title='bbox 146 932 269 1000; x_wconf 89' lang='lat' dir='ltr'>Vrbani</span> <span class='ocrx_word' id='word_1_35' title='bbox 293 935 426 1000; x_wconf 87' lang='lat' dir='ltr'>secundi</span> <span class='ocrx_word' id='word_1_36' title='bbox 450 945 482 1000; x_wconf 90' lang='lat' dir='ltr'>et</span> <span class='ocrx_word' id='word_1_37' title='bbox 515 935 653 1000; x_wconf 86' lang='lat' dir='ltr'>Adriani</span> <span class='ocrx_word' id='word_1_38' title='bbox 685 939 832 1022; x_wconf 87' lang='lat' dir='ltr'>vestigiis</span> <span class='ocrx_word' id='word_1_39' title='bbox 866 938 1061 1018; x_wconf 87' lang='lat' dir='ltr'>inherentes,</span> <span class='ocrx_word' id='word_1_40' title='bbox 1097 937 1183 1002; x_wconf 92' lang='lat' dir='ltr'>illius</span> <span class='ocrx_word' id='word_1_41' title='bbox 1215 938 1367 1023; x_wconf 77' lang='lat' dir='ltr'>precipue</span> <span class='ocrx_word' id='word_1_42' title='bbox 1398 936 1637 1002; x_wconf 74' lang='lat' dir='ltr'>constitutionis</span> <span class='ocrx_word' id='word_1_43' title='bbox 1676 945 1821 999; x_wconf 89' lang='lat' dir='ltr'>tenorem</span> 
     </span>
     <span class='ocr_line' id='line_1_6' title="bbox 146 1038 1822 1130; baseline -0.001 -26"><span class='ocrx_word' id='word_1_44' title='bbox 146 1049 322 1122; x_wconf 86' lang='lat' dir='ltr'>seruantes,</span> <span class='ocrx_word' id='word_1_45' title='bbox 353 1063 449 1127; x_wconf 90' lang='lat' dir='ltr'>quam</span> <span class='ocrx_word' id='word_1_46' title='bbox 486 1041 695 1128; x_wconf 80' lang='lat' dir='ltr'>predecessor</span> <span class='ocrx_word' id='word_1_47' title='bbox 718 1052 828 1108; x_wconf 85' lang='lat' dir='ltr'>noster</span> <span class='ocrx_word' id='word_1_48' title='bbox 850 1043 917 1108; x_wconf 90' lang='lat' dir='ltr'>Leo</span> <span class='ocrx_word' id='word_1_49' title='bbox 941 1065 1044 1109; x_wconf 90' lang='lat' dir='ltr'>nonus</span> <span class='ocrx_word' id='word_1_50' title='bbox 1068 1065 1152 1130; x_wconf 88' lang='lat' dir='ltr'>papa</span> <span class='ocrx_word' id='word_1_51' title='bbox 1185 1044 1419 1123; x_wconf 88' lang='lat' dir='ltr'>sanctissimus,</span> <span class='ocrx_word' id='word_1_52' title='bbox 1456 1051 1488 1106; x_wconf 91' lang='lat' dir='ltr'>et</span> <span class='ocrx_word' id='word_1_53' title='bbox 1519 1038 1660 1106; x_wconf 89' lang='lat' dir='ltr'>sinodali</span> <span class='ocrx_word' id='word_1_54' title='bbox 1698 1039 1822 1117; x_wconf 89' lang='lat' dir='ltr'>inditio,</span> 
     </span>
     <span class='ocr_line' id='line_1_7' title="bbox 141 1146 1822 1236; baseline 0 -26"><span class='ocrx_word' id='word_1_55' title='bbox 141 1156 173 1210; x_wconf 88' lang='lat' dir='ltr'>et</span> <span class='ocrx_word' id='word_1_56' title='bbox 196 1146 358 1232; x_wconf 89' lang='lat' dir='ltr'>priuilegii</span> <span class='ocrx_word' id='word_1_57' title='bbox 384 1150 502 1234; x_wconf 89' lang='lat' dir='ltr'>pagina</span> <span class='ocrx_word' id='word_1_58' title='bbox 526 1149 739 1227; x_wconf 89' lang='lat' dir='ltr'>confirmauit,</span> <span class='ocrx_word' id='word_1_59' title='bbox 775 1149 833 1214; x_wconf 91' lang='lat' dir='ltr'>tibi</span> <span class='ocrx_word' id='word_1_60' title='bbox 868 1151 996 1236; x_wconf 87' lang='lat' dir='ltr'>tuisque</span> <span class='ocrx_word' id='word_1_61' title='bbox 1026 1149 1269 1216; x_wconf 90' lang='lat' dir='ltr'>successoribus</span> <span class='ocrx_word' id='word_1_62' title='bbox 1300 1150 1456 1213; x_wconf 88' lang='lat' dir='ltr'>canonice</span> <span class='ocrx_word' id='word_1_63' title='bbox 1485 1147 1730 1219; x_wconf 88' lang='lat' dir='ltr'>substituendis,</span> <span class='ocrx_word' id='word_1_64' title='bbox 1767 1168 1822 1230; x_wconf 88' lang='lat' dir='ltr'>pa·</span> 
     </span>
     <span class='ocr_line' id='line_1_8' title="bbox 143 1250 1821 1340; baseline 0.001 -28"><span class='ocrx_word' id='word_1_65' title='bbox 143 1251 347 1316; x_wconf 88' lang='lat' dir='ltr'>triarchalem</span> <span class='ocrx_word' id='word_1_66' title='bbox 371 1253 577 1318; x_wconf 88' lang='lat' dir='ltr'>concedimus</span> <span class='ocrx_word' id='word_1_67' title='bbox 601 1254 790 1338; x_wconf 85' lang='lat' dir='ltr'>dignitatem</span> <span class='ocrx_word' id='word_1_68' title='bbox 816 1263 848 1320; x_wconf 91' lang='lat' dir='ltr'>et</span> <span class='ocrx_word' id='word_1_69' title='bbox 871 1257 1092 1340; x_wconf 86' lang='lat' dir='ltr'>magisterium</span> <span class='ocrx_word' id='word_1_70' title='bbox 1116 1253 1296 1318; x_wconf 87' lang='lat' dir='ltr'>Gradensis</span> <span class='ocrx_word' id='word_1_71' title='bbox 1321 1253 1458 1318; x_wconf 89' lang='lat' dir='ltr'>ecclesie</span> <span class='ocrx_word' id='word_1_72' title='bbox 1481 1252 1671 1338; x_wconf 88' lang='lat' dir='ltr'>gerendum,</span> <span class='ocrx_word' id='word_1_73' title='bbox 1706 1253 1739 1314; x_wconf 92' lang='lat' dir='ltr'>in</span> <span class='ocrx_word' id='word_1_74' title='bbox 1771 1250 1821 1314; x_wconf 88' lang='lat' dir='ltr'>his</span> 
     </span>
     <span class='ocr_line' id='line_1_9' title="bbox 141 1357 1821 1447; baseline -0.001 -27"><span class='ocrx_word' id='word_1_75' title='bbox 141 1365 263 1421; x_wconf 86' lang='lat' dir='ltr'>tantum</span> <span class='ocrx_word' id='word_1_76' title='bbox 288 1357 408 1422; x_wconf 90' lang='lat' dir='ltr'>finibus</span> <span class='ocrx_word' id='word_1_77' title='bbox 430 1359 670 1442; x_wconf 85' lang='lat' dir='ltr'>confirmamus,</span> <span class='ocrx_word' id='word_1_78' title='bbox 693 1361 748 1446; x_wconf 93' lang='lat' dir='ltr'>qui</span> <span class='ocrx_word' id='word_1_79' title='bbox 773 1383 830 1446; x_wconf 90' lang='lat' dir='ltr'>per</span> <span class='ocrx_word' id='word_1_80' title='bbox 853 1361 1056 1447; x_wconf 90' lang='lat' dir='ltr'>supradictos</span> <span class='ocrx_word' id='word_1_81' title='bbox 1080 1360 1327 1446; x_wconf 79' lang='lat' dir='ltr'>predecessores</span> <span class='ocrx_word' id='word_1_82' title='bbox 1351 1370 1479 1424; x_wconf 90' lang='lat' dir='ltr'>nostros</span> <span class='ocrx_word' id='word_1_83' title='bbox 1509 1358 1613 1422; x_wconf 90' lang='lat' dir='ltr'>eidem</span> <span class='ocrx_word' id='word_1_84' title='bbox 1643 1366 1821 1420; x_wconf 89' lang='lat' dir='ltr'>noscantur</span> 
     </span>
     <span class='ocr_line' id='line_1_10' title="bbox 142 1461 1822 1552; baseline 0.001 -27"><span class='ocrx_word' id='word_1_85' title='bbox 142 1461 277 1528; x_wconf 92' lang='lat' dir='ltr'>ecclesie</span> <span class='ocrx_word' id='word_1_86' title='bbox 301 1466 476 1530; x_wconf 89' lang='lat' dir='ltr'>constituti.</span> <span class='ocrx_word' id='word_1_87' title='bbox 503 1463 641 1530; x_wconf 82' lang='lat' dir='ltr'>Crucem</span> <span class='ocrx_word' id='word_1_88' title='bbox 667 1487 797 1552; x_wconf 91' lang='lat' dir='ltr'>quoque</span> <span class='ocrx_word' id='word_1_89' title='bbox 820 1477 893 1530; x_wconf 89' lang='lat' dir='ltr'>ante</span> <span class='ocrx_word' id='word_1_90' title='bbox 918 1477 950 1532; x_wconf 91' lang='lat' dir='ltr'>te</span> <span class='ocrx_word' id='word_1_91' title='bbox 973 1467 1138 1530; x_wconf 83' lang='lat' dir='ltr'>ferendam</span> <span class='ocrx_word' id='word_1_92' title='bbox 1163 1488 1235 1530; x_wconf 89' lang='lat' dir='ltr'>esse</span> <span class='ocrx_word' id='word_1_93' title='bbox 1270 1465 1488 1547; x_wconf 90' lang='lat' dir='ltr'>concedimus,</span> <span class='ocrx_word' id='word_1_94' title='bbox 1519 1465 1581 1528; x_wconf 91' lang='lat' dir='ltr'>nisi</span> <span class='ocrx_word' id='word_1_95' title='bbox 1614 1485 1687 1530; x_wconf 90' lang='lat' dir='ltr'>cum</span> <span class='ocrx_word' id='word_1_96' title='bbox 1720 1462 1822 1527; x_wconf 85' lang='lat' dir='ltr'>Rome</span> 
     </span>
     <span class='ocr_line' id='line_1_11' title="bbox 144 1557 1821 1658; baseline 0 -28"><span class='ocrx_word' id='word_1_97' title='bbox 144 1567 253 1650; x_wconf 86' lang='lat' dir='ltr'>lucris,</span> <span class='ocrx_word' id='word_1_98' title='bbox 277 1579 333 1632; x_wconf 88' lang='lat' dir='ltr'>sut</span> <span class='ocrx_word' id='word_1_99' title='bbox 356 1572 388 1634; x_wconf 90' lang='lat' dir='ltr'>iu</span> <span class='ocrx_word' id='word_1_100' title='bbox 412 1572 576 1654; x_wconf 88' lang='lat' dir='ltr'>presentia</span> <span class='ocrx_word' id='word_1_101' title='bbox 599 1571 650 1634; x_wconf 88' lang='lat' dir='ltr'>vel</span> <span class='ocrx_word' id='word_1_102' title='bbox 675 1572 828 1636; x_wconf 89' lang='lat' dir='ltr'>comitatu</span> <span class='ocrx_word' id='word_1_103' title='bbox 852 1573 976 1636; x_wconf 87' lang='lat' dir='ltr'>romani</span> <span class='ocrx_word' id='word_1_104' title='bbox 1002 1571 1172 1658; x_wconf 89' lang='lat' dir='ltr'>pontificis,</span> <span class='ocrx_word' id='word_1_105' title='bbox 1197 1570 1337 1656; x_wconf 90' lang='lat' dir='ltr'>palleum</span> <span class='ocrx_word' id='word_1_106' title='bbox 1362 1571 1470 1651; x_wconf 89' lang='lat' dir='ltr'>etiam,</span> <span class='ocrx_word' id='word_1_107' title='bbox 1501 1567 1734 1656; x_wconf 85' lang='lat' dir='ltr'>plenitudinem</span> <span class='ocrx_word' id='word_1_108' title='bbox 1770 1557 1821 1630; x_wconf 86' lang='lat' dir='ltr'>vi-&#39;</span> 
     </span>
     <span class='ocr_line' id='line_1_12' title="bbox 143 1671 1820 1760; baseline -0.001 -22"><span class='ocrx_word' id='word_1_109' title='bbox 143 1672 261 1740; x_wconf 85' lang='lat' dir='ltr'>delicet</span> <span class='ocrx_word' id='word_1_110' title='bbox 287 1675 481 1760; x_wconf 89' lang='lat' dir='ltr'>pontificalis</span> <span class='ocrx_word' id='word_1_111' title='bbox 505 1676 612 1759; x_wconf 84' lang='lat' dir='ltr'>officii,</span> <span class='ocrx_word' id='word_1_112' title='bbox 637 1676 828 1742; x_wconf 78' lang='lat' dir='ltr'>fraternitati</span> <span class='ocrx_word' id='word_1_113' title='bbox 853 1687 906 1742; x_wconf 91' lang='lat' dir='ltr'>tue</span> <span class='ocrx_word' id='word_1_114' title='bbox 935 1688 967 1743; x_wconf 92' lang='lat' dir='ltr'>et</span> <span class='ocrx_word' id='word_1_115' title='bbox 999 1677 1176 1760; x_wconf 85' lang='lat' dir='ltr'>apostolice</span> <span class='ocrx_word' id='word_1_116' title='bbox 1211 1676 1297 1742; x_wconf 92' lang='lat' dir='ltr'>sedis</span> <span class='ocrx_word' id='word_1_117' title='bbox 1333 1673 1524 1740; x_wconf 83' lang='lat' dir='ltr'>liberalitate</span> <span class='ocrx_word' id='word_1_118' title='bbox 1551 1673 1717 1758; x_wconf 89' lang='lat' dir='ltr'>largimur.</span> <span class='ocrx_word' id='word_1_119' title='bbox 1748 1671 1820 1752; x_wconf 76' lang='lat' dir='ltr'>Quo</span> 
     </span>
     <span class='ocr_line' id='line_1_13' title="bbox 142 1777 1822 1870; baseline -0.001 -28"><span class='ocrx_word' id='word_1_120' title='bbox 142 1779 226 1842; x_wconf 84' lang='lat' dir='ltr'>intra</span> <span class='ocrx_word' id='word_1_121' title='bbox 246 1778 416 1844; x_wconf 87' lang='lat' dir='ltr'>ecclesiam</span> <span class='ocrx_word' id='word_1_122' title='bbox 442 1790 530 1844; x_wconf 88' lang='lat' dir='ltr'>tuem</span> <span class='ocrx_word' id='word_1_123' title='bbox 550 1780 590 1844; x_wconf 91' lang='lat' dir='ltr'>ad</span> <span class='ocrx_word' id='word_1_124' title='bbox 617 1783 788 1847; x_wconf 88' lang='lat' dir='ltr'>missarum</span> <span class='ocrx_word' id='word_1_125' title='bbox 810 1782 989 1870; x_wconf 89' lang='lat' dir='ltr'>solempnia</span> <span class='ocrx_word' id='word_1_126' title='bbox 1011 1782 1205 1848; x_wconf 85' lang='lat' dir='ltr'>celebranda</span> <span class='ocrx_word' id='word_1_127' title='bbox 1228 1785 1274 1846; x_wconf 88' lang='lat' dir='ltr'>uti</span> <span class='ocrx_word' id='word_1_128' title='bbox 1299 1782 1483 1845; x_wconf 88' lang='lat' dir='ltr'>memineris</span> <span class='ocrx_word' id='word_1_129' title='bbox 1500 1781 1546 1844; x_wconf 92' lang='lat' dir='ltr'>eis</span> <span class='ocrx_word' id='word_1_130' title='bbox 1563 1779 1688 1862; x_wconf 90' lang='lat' dir='ltr'>diebus,</span> <span class='ocrx_word' id='word_1_131' title='bbox 1705 1777 1822 1864; x_wconf 91' lang='lat' dir='ltr'>quibus</span> 
     </span>
     <span class='ocr_line' id='line_1_14' title="bbox 142 1883 1821 1972; baseline 0 -24"><span class='ocrx_word' id='word_1_132' title='bbox 142 1883 387 1971; x_wconf 89' lang='lat' dir='ltr'>predecessores</span> <span class='ocrx_word' id='word_1_133' title='bbox 420 1896 491 1952; x_wconf 89' lang='lat' dir='ltr'>tuos</span> <span class='ocrx_word' id='word_1_134' title='bbox 523 1909 586 1952; x_wconf 89' lang='lat' dir='ltr'>non</span> <span class='ocrx_word' id='word_1_135' title='bbox 611 1888 806 1972; x_wconf 82' lang='lat' dir='ltr'>ambigimus</span> <span class='ocrx_word' id='word_1_136' title='bbox 831 1911 906 1956; x_wconf 88' lang='lat' dir='ltr'>usos</span> <span class='ocrx_word' id='word_1_137' title='bbox 930 1889 1048 1969; x_wconf 80' lang='lat' dir='ltr'>fuisss3</span> <span class='ocrx_word' id='word_1_138' title='bbox 1072 1887 1224 1954; x_wconf 84' lang='lat' dir='ltr'>videlicet</span> <span class='ocrx_word' id='word_1_139' title='bbox 1247 1889 1279 1952; x_wconf 91' lang='lat' dir='ltr'>iu</span> <span class='ocrx_word' id='word_1_140' title='bbox 1304 1889 1472 1952; x_wconf 87' lang='lat' dir='ltr'>natiuitate</span> <span class='ocrx_word' id='word_1_141' title='bbox 1488 1886 1620 1968; x_wconf 90' lang='lat' dir='ltr'>domini,</span> <span class='ocrx_word' id='word_1_142' title='bbox 1638 1883 1821 1971; x_wconf 88' lang='lat' dir='ltr'>epiphania,</span> 
     </span>
     <span class='ocr_line' id='line_1_15' title="bbox 140 1991 1822 2078; baseline 0 -24"><span class='ocrx_word' id='word_1_143' title='bbox 140 1993 308 2078; x_wconf 86' lang='lat' dir='ltr'>ypopanti,</span> <span class='ocrx_word' id='word_1_144' title='bbox 333 1991 435 2057; x_wconf 91' lang='lat' dir='ltr'>tribus</span> <span class='ocrx_word' id='word_1_145' title='bbox 458 1992 689 2058; x_wconf 89' lang='lat' dir='ltr'>festiuitutibus</span> <span class='ocrx_word' id='word_1_146' title='bbox 711 2004 824 2060; x_wconf 89' lang='lat' dir='ltr'>sancte</span> <span class='ocrx_word' id='word_1_147' title='bbox 847 1994 959 2077; x_wconf 85' lang='lat' dir='ltr'>Mario,</span> <span class='ocrx_word' id='word_1_148' title='bbox 984 2017 1086 2059; x_wconf 90' lang='lat' dir='ltr'>coena</span> <span class='ocrx_word' id='word_1_149' title='bbox 1108 1994 1241 2076; x_wconf 91' lang='lat' dir='ltr'>domini,</span> <span class='ocrx_word' id='word_1_150' title='bbox 1266 1993 1404 2058; x_wconf 87' lang='lat' dir='ltr'>sabbato</span> <span class='ocrx_word' id='word_1_151' title='bbox 1428 2001 1551 2074; x_wconf 88' lang='lat' dir='ltr'>sancto,</span> <span class='ocrx_word' id='word_1_152' title='bbox 1569 1991 1822 2055; x_wconf 86' lang='lat' dir='ltr'>ressurrectione</span> 
     </span>
     <span class='ocr_line' id='line_1_16' title="bbox 141 2095 1822 2185; baseline -0.001 -23"><span class='ocrx_word' id='word_1_153' title='bbox 141 2095 274 2180; x_wconf 90' lang='lat' dir='ltr'>domini,</span> <span class='ocrx_word' id='word_1_154' title='bbox 297 2100 498 2180; x_wconf 88' lang='lat' dir='ltr'>ascensione,</span> <span class='ocrx_word' id='word_1_155' title='bbox 522 2109 717 2185; x_wconf 89' lang='lat' dir='ltr'>pentecoste,</span> <span class='ocrx_word' id='word_1_156' title='bbox 741 2101 773 2164; x_wconf 91' lang='lat' dir='ltr'>in</span> <span class='ocrx_word' id='word_1_157' title='bbox 798 2099 945 2164; x_wconf 91' lang='lat' dir='ltr'>natalitio</span> <span class='ocrx_word' id='word_1_158' title='bbox 969 2101 1072 2164; x_wconf 90' lang='lat' dir='ltr'>sancti</span> <span class='ocrx_word' id='word_1_159' title='bbox 1094 2099 1254 2164; x_wconf 89' lang='lat' dir='ltr'>Johannis</span> <span class='ocrx_word' id='word_1_160' title='bbox 1278 2099 1435 2185; x_wconf 89' lang='lat' dir='ltr'>Baptiste,</span> <span class='ocrx_word' id='word_1_161' title='bbox 1459 2109 1491 2164; x_wconf 88' lang='lat' dir='ltr'>et</span> <span class='ocrx_word' id='word_1_162' title='bbox 1521 2099 1665 2163; x_wconf 87' lang='lat' dir='ltr'>omnium</span> <span class='ocrx_word' id='word_1_163' title='bbox 1696 2106 1822 2180; x_wconf 89' lang='lat' dir='ltr'>aposto·</span> 
     </span>
     <span class='ocr_line' id='line_1_17' title="bbox 141 2201 1823 2294; baseline 0.001 -29"><span class='ocrx_word' id='word_1_164' title='bbox 141 2201 257 2284; x_wconf 89' lang='lat' dir='ltr'>lorum,</span> <span class='ocrx_word' id='word_1_165' title='bbox 281 2205 313 2268; x_wconf 94' lang='lat' dir='ltr'>in</span> <span class='ocrx_word' id='word_1_166' title='bbox 338 2203 570 2269; x_wconf 85' lang='lat' dir='ltr'>festiuitatibus</span> <span class='ocrx_word' id='word_1_167' title='bbox 594 2209 723 2294; x_wconf 90' lang='lat' dir='ltr'>quoque</span> <span class='ocrx_word' id='word_1_168' title='bbox 747 2208 850 2270; x_wconf 89' lang='lat' dir='ltr'>sancti</span> <span class='ocrx_word' id='word_1_169' title='bbox 874 2206 986 2289; x_wconf 85' lang='lat' dir='ltr'>Marci,</span> <span class='ocrx_word' id='word_1_170' title='bbox 1011 2207 1112 2270; x_wconf 88' lang='lat' dir='ltr'>sancti</span> <span class='ocrx_word' id='word_1_171' title='bbox 1138 2204 1405 2292; x_wconf 71' lang='lat' dir='ltr'>prothomartyris</span> <span class='ocrx_word' id='word_1_172' title='bbox 1429 2203 1596 2290; x_wconf 79' lang='lat' dir='ltr'>Stephani,</span> <span class='ocrx_word' id='word_1_173' title='bbox 1621 2205 1723 2267; x_wconf 89' lang='lat' dir='ltr'>sancti</span> <span class='ocrx_word' id='word_1_174' title='bbox 1740 2202 1823 2266; x_wconf 89' lang='lat' dir='ltr'>Lau·</span> 
     </span>
     <span class='ocr_line' id='line_1_18' title="bbox 140 2297 1824 2398; baseline 0 -26"><span class='ocrx_word' id='word_1_175' title='bbox 140 2310 246 2391; x_wconf 91' lang='lat' dir='ltr'>rentii,</span> <span class='ocrx_word' id='word_1_176' title='bbox 271 2310 376 2374; x_wconf 89' lang='lat' dir='ltr'>sancti</span> <span class='ocrx_word' id='word_1_177' title='bbox 397 2309 539 2388; x_wconf 86' lang='lat' dir='ltr'>Martini,</span> <span class='ocrx_word' id='word_1_178' title='bbox 563 2312 595 2374; x_wconf 91' lang='lat' dir='ltr'>in</span> <span class='ocrx_word' id='word_1_179' title='bbox 620 2311 846 2398; x_wconf 86' lang='lat' dir='ltr'>solempnitate</span> <span class='ocrx_word' id='word_1_180' title='bbox 860 2297 1012 2376; x_wconf 70' lang='lat' dir='ltr'>⁸omnium</span> <span class='ocrx_word' id='word_1_181' title='bbox 1032 2321 1227 2392; x_wconf 89' lang='lat' dir='ltr'>sanctorum,</span> <span class='ocrx_word' id='word_1_182' title='bbox 1263 2323 1295 2374; x_wconf 91' lang='lat' dir='ltr'>et</span> <span class='ocrx_word' id='word_1_183' title='bbox 1330 2309 1564 2396; x_wconf 89' lang='lat' dir='ltr'>principalibus</span> <span class='ocrx_word' id='word_1_184' title='bbox 1598 2307 1735 2373; x_wconf 87' lang='lat' dir='ltr'>ecclesio</span> <span class='ocrx_word' id='word_1_185' title='bbox 1769 2316 1824 2372; x_wconf 88' lang='lat' dir='ltr'>tue</span> 
     </span>
     <span class='ocr_line' id='line_1_19' title="bbox 143 2413 1820 2503; baseline 0.001 -26"><span class='ocrx_word' id='word_1_186' title='bbox 143 2413 386 2497; x_wconf 82' lang='lat' dir='ltr'>festiuitatibus,</span> <span class='ocrx_word' id='word_1_187' title='bbox 409 2438 470 2481; x_wconf 90' lang='lat' dir='ltr'>neo</span> <span class='ocrx_word' id='word_1_188' title='bbox 492 2439 557 2480; x_wconf 89' lang='lat' dir='ltr'>non</span> <span class='ocrx_word' id='word_1_189' title='bbox 581 2419 613 2482; x_wconf 88' lang='lat' dir='ltr'>iu</span> <span class='ocrx_word' id='word_1_190' title='bbox 637 2416 857 2500; x_wconf 90' lang='lat' dir='ltr'>ecclesiarum,</span> <span class='ocrx_word' id='word_1_191' title='bbox 884 2419 1119 2503; x_wconf 89' lang='lat' dir='ltr'>episcoporum,</span> <span class='ocrx_word' id='word_1_192' title='bbox 1151 2428 1183 2482; x_wconf 91' lang='lat' dir='ltr'>et</span> <span class='ocrx_word' id='word_1_193' title='bbox 1217 2427 1396 2482; x_wconf 89' lang='lat' dir='ltr'>ceterorum</span> <span class='ocrx_word' id='word_1_194' title='bbox 1428 2415 1619 2482; x_wconf 91' lang='lat' dir='ltr'>clericorum</span> <span class='ocrx_word' id='word_1_195' title='bbox 1653 2437 1820 2480; x_wconf 90' lang='lat' dir='ltr'>consecra·</span> 
     </span>
     <span class='ocr_line' id='line_1_20' title="bbox 141 2518 1823 2605; baseline 0 -21"><span class='ocrx_word' id='word_1_196' title='bbox 141 2519 294 2600; x_wconf 87' lang='lat' dir='ltr'>tionibus,</span> <span class='ocrx_word' id='word_1_197' title='bbox 319 2531 351 2586; x_wconf 89' lang='lat' dir='ltr'>et</span> <span class='ocrx_word' id='word_1_198' title='bbox 373 2523 595 2588; x_wconf 88' lang='lat' dir='ltr'>anniuersario</span> <span class='ocrx_word' id='word_1_199' title='bbox 620 2525 871 2588; x_wconf 88' lang='lat' dir='ltr'>consecrationis</span> <span class='ocrx_word' id='word_1_200' title='bbox 896 2533 949 2588; x_wconf 89' lang='lat' dir='ltr'>tue</span> <span class='ocrx_word' id='word_1_201' title='bbox 973 2523 1035 2588; x_wconf 92' lang='lat' dir='ltr'>die.</span> <span class='ocrx_word' id='word_1_202' title='bbox 1061 2523 1212 2588; x_wconf 88' lang='lat' dir='ltr'>Preterea</span> <span class='ocrx_word' id='word_1_203' title='bbox 1247 2545 1286 2586; x_wconf 91' lang='lat' dir='ltr'>ne</span> <span class='ocrx_word' id='word_1_204' title='bbox 1321 2523 1495 2588; x_wconf 81' lang='lat' dir='ltr'>commissa</span> <span class='ocrx_word' id='word_1_205' title='bbox 1529 2523 1678 2605; x_wconf 89' lang='lat' dir='ltr'>reginimi</span> <span class='ocrx_word' id='word_1_206' title='bbox 1713 2529 1746 2586; x_wconf 91' lang='lat' dir='ltr'>et</span> <span class='ocrx_word' id='word_1_207' title='bbox 1777 2518 1823 2584; x_wconf 92' lang='lat' dir='ltr'>di-</span> 
     </span>
     <span class='ocr_line' id='line_1_21' title="bbox 141 2625 1822 2716; baseline 0.001 -26"><span class='ocrx_word' id='word_1_208' title='bbox 141 2627 311 2711; x_wconf 85' lang='lat' dir='ltr'>spositioni</span> <span class='ocrx_word' id='word_1_209' title='bbox 346 2636 419 2708; x_wconf 91' lang='lat' dir='ltr'>tue,</span> <span class='ocrx_word' id='word_1_210' title='bbox 456 2627 581 2713; x_wconf 89' lang='lat' dir='ltr'>prefata</span> <span class='ocrx_word' id='word_1_211' title='bbox 612 2627 783 2712; x_wconf 85' lang='lat' dir='ltr'>gradensis</span> <span class='ocrx_word' id='word_1_212' title='bbox 816 2628 973 2712; x_wconf 86' lang='lat' dir='ltr'>ecclesia,</span> <span class='ocrx_word' id='word_1_213' title='bbox 1014 2651 1077 2715; x_wconf 90' lang='lat' dir='ltr'>que</span> <span class='ocrx_word' id='word_1_214' title='bbox 1112 2629 1152 2694; x_wconf 89' lang='lat' dir='ltr'>de</span> <span class='ocrx_word' id='word_1_215' title='bbox 1187 2630 1385 2714; x_wconf 85' lang='lat' dir='ltr'>benignitate</span> <span class='ocrx_word' id='word_1_216' title='bbox 1416 2628 1594 2716; x_wconf 89' lang='lat' dir='ltr'>apostolice</span> <span class='ocrx_word' id='word_1_217' title='bbox 1629 2625 1717 2694; x_wconf 90' lang='lat' dir='ltr'>sedis</span> <span class='ocrx_word' id='word_1_218' title='bbox 1752 2649 1822 2713; x_wconf 92' lang='lat' dir='ltr'>pre·</span> 
     </span>
     <span class='ocr_line' id='line_1_22' title="bbox 140 2731 1825 2822; baseline 0.001 -27"><span class='ocrx_word' id='word_1_219' title='bbox 140 2734 291 2816; x_wconf 87' lang='lat' dir='ltr'>rogatiaa</span> <span class='ocrx_word' id='word_1_220' title='bbox 314 2731 458 2817; x_wconf 89' lang='lat' dir='ltr'>gaudeat</span> <span class='ocrx_word' id='word_1_221' title='bbox 479 2733 620 2816; x_wconf 89' lang='lat' dir='ltr'>honoris,</span> <span class='ocrx_word' id='word_1_222' title='bbox 646 2757 688 2800; x_wconf 86' lang='lat' dir='ltr'>ex</span> <span class='ocrx_word' id='word_1_223' title='bbox 709 2733 868 2802; x_wconf 88' lang='lat' dir='ltr'>breuitate</span> <span class='ocrx_word' id='word_1_224' title='bbox 900 2735 1144 2822; x_wconf 87' lang='lat' dir='ltr'>patriarchatus,</span> <span class='ocrx_word' id='word_1_225' title='bbox 1173 2735 1307 2801; x_wconf 82' lang='lat' dir='ltr'>inferior</span> <span class='ocrx_word' id='word_1_226' title='bbox 1344 2745 1376 2800; x_wconf 88' lang='lat' dir='ltr'>et</span> <span class='ocrx_word' id='word_1_227' title='bbox 1408 2735 1566 2800; x_wconf 88' lang='lat' dir='ltr'>abiectior</span> <span class='ocrx_word' id='word_1_228' title='bbox 1596 2733 1704 2800; x_wconf 86' lang='lat' dir='ltr'>valeat</span> <span class='ocrx_word' id='word_1_229' title='bbox 1737 2731 1825 2819; x_wconf 89' lang='lat' dir='ltr'>apud</span> 
     </span>
     <span class='ocr_line' id='line_1_23' title="bbox 141 2837 1824 2928; baseline 0 -26"><span class='ocrx_word' id='word_1_230' title='bbox 141 2837 356 2924; x_wconf 89' lang='lat' dir='ltr'>simpliciores</span> <span class='ocrx_word' id='word_1_231' title='bbox 379 2838 503 2922; x_wconf 88' lang='lat' dir='ltr'>haberi,</span> <span class='ocrx_word' id='word_1_232' title='bbox 528 2850 560 2905; x_wconf 88' lang='lat' dir='ltr'>et</span> <span class='ocrx_word' id='word_1_233' title='bbox 583 2840 625 2905; x_wconf 91' lang='lat' dir='ltr'>ad</span> <span class='ocrx_word' id='word_1_234' title='bbox 648 2840 866 2927; x_wconf 88' lang='lat' dir='ltr'>ampliandam</span> <span class='ocrx_word' id='word_1_235' title='bbox 891 2841 1081 2928; x_wconf 87' lang='lat' dir='ltr'>dignitatem</span> <span class='ocrx_word' id='word_1_236' title='bbox 1104 2843 1217 2927; x_wconf 89' lang='lat' dir='ltr'>ipsius,</span> <span class='ocrx_word' id='word_1_237' title='bbox 1242 2843 1414 2928; x_wconf 88' lang='lat' dir='ltr'>primatum</span> <span class='ocrx_word' id='word_1_238' title='bbox 1438 2842 1466 2906; x_wconf 90' lang='lat' dir='ltr'>ei</span> <span class='ocrx_word' id='word_1_239' title='bbox 1491 2863 1589 2926; x_wconf 88' lang='lat' dir='ltr'>super</span> <span class='ocrx_word' id='word_1_240' title='bbox 1619 2838 1824 2906; x_wconf 89' lang='lat' dir='ltr'>Jadertinum</span> 
     </span>
     <span class='ocr_line' id='line_1_24' title="bbox 142 2943 1822 3034; baseline 0 -26"><span class='ocrx_word' id='word_1_241' title='bbox 142 2943 457 3032; x_wconf 85' lang='lat' dir='ltr'>archiepiscopatum</span> <span class='ocrx_word' id='word_1_242' title='bbox 482 2956 514 3011; x_wconf 91' lang='lat' dir='ltr'>et</span> <span class='ocrx_word' id='word_1_243' title='bbox 537 2949 743 3033; x_wconf 87' lang='lat' dir='ltr'>episcopatus</span> <span class='ocrx_word' id='word_1_244' title='bbox 776 2948 887 3034; x_wconf 88' lang='lat' dir='ltr'>ipsius,</span> <span class='ocrx_word' id='word_1_245' title='bbox 924 2947 1102 3034; x_wconf 87' lang='lat' dir='ltr'>apostolica</span> <span class='ocrx_word' id='word_1_246' title='bbox 1135 2949 1325 3013; x_wconf 88' lang='lat' dir='ltr'>auctoritate</span> <span class='ocrx_word' id='word_1_247' title='bbox 1360 2947 1577 3025; x_wconf 83' lang='lat' dir='ltr'>concedimus,</span> <span class='ocrx_word' id='word_1_248' title='bbox 1614 2957 1646 3012; x_wconf 90' lang='lat' dir='ltr'>et</span> <span class='ocrx_word' id='word_1_249' title='bbox 1679 2955 1745 3011; x_wconf 88' lang='lat' dir='ltr'>tam</span> <span class='ocrx_word' id='word_1_250' title='bbox 1779 2954 1822 3022; x_wconf 89' lang='lat' dir='ltr'>te,</span> 
     </span>
     <span class='ocr_line' id='line_1_25' title="bbox 141 3051 1865 3140; baseline -0.001 -25"><span class='ocrx_word' id='word_1_251' title='bbox 141 3071 237 3135; x_wconf 86' lang='lat' dir='ltr'>quarn</span> <span class='ocrx_word' id='word_1_252' title='bbox 263 3072 469 3118; x_wconf 86' lang='lat' dir='ltr'>successores</span> <span class='ocrx_word' id='word_1_253' title='bbox 493 3061 565 3118; x_wconf 91' lang='lat' dir='ltr'>tuos</span> <span class='ocrx_word' id='word_1_254' title='bbox 582 3053 749 3118; x_wconf 87' lang='lat' dir='ltr'>iadertino</span> <span class='ocrx_word' id='word_1_255' title='bbox 773 3051 1017 3140; x_wconf 89' lang='lat' dir='ltr'>archiepiscopo</span> <span class='ocrx_word' id='word_1_256' title='bbox 1041 3063 1074 3117; x_wconf 90' lang='lat' dir='ltr'>et</span> <span class='ocrx_word' id='word_1_257' title='bbox 1097 3055 1258 3140; x_wconf 88' lang='lat' dir='ltr'>episcopis</span> <span class='ocrx_word' id='word_1_258' title='bbox 1274 3053 1353 3135; x_wconf 91' lang='lat' dir='ltr'>eius,</span> <span class='ocrx_word' id='word_1_259' title='bbox 1371 3055 1426 3140; x_wconf 89' lang='lat' dir='ltr'>qui</span> <span class='ocrx_word' id='word_1_260' title='bbox 1444 3075 1501 3139; x_wconf 93' lang='lat' dir='ltr'>pro</span> <span class='ocrx_word' id='word_1_261' title='bbox 1527 3064 1669 3140; x_wconf 91' lang='lat' dir='ltr'>tempore</span> <span class='ocrx_word' id='word_1_262' title='bbox 1697 3051 1825 3131; x_wconf 86' lang='lat' dir='ltr'>fuerint,</span> <span class='ocrx_word' id='word_1_263' title='bbox 1861 3093 1865 3100; x_wconf 85' lang='lat'><strong>·</strong></span> 
     </span>
     <span class='ocr_line' id='line_1_26' title="bbox 142 3146 1826 3246; baseline 0 -26"><span class='ocrx_word' id='word_1_264' title='bbox 142 3156 302 3242; x_wconf 84' lang='lat' dir='ltr'>dignitate</span> <span class='ocrx_word' id='word_1_265' title='bbox 336 3159 493 3244; x_wconf 86' lang='lat' dir='ltr'>primatus</span> <span class='ocrx_word' id='word_1_266' title='bbox 527 3159 692 3246; x_wconf 86' lang='lat' dir='ltr'>presidere</span> <span class='ocrx_word' id='word_1_267' title='bbox 723 3146 904 3240; x_wconf 79' lang='lat' dir='ltr'>statuimus,</span> <span class='ocrx_word' id='word_1_268' title='bbox 937 3167 970 3223; x_wconf 91' lang='lat' dir='ltr'>et</span> <span class='ocrx_word' id='word_1_269' title='bbox 1003 3160 1254 3224; x_wconf 88' lang='lat' dir='ltr'>consecrationis</span> <span class='ocrx_word' id='word_1_270' title='bbox 1291 3181 1408 3223; x_wconf 90' lang='lat' dir='ltr'>munus</span> <span class='ocrx_word' id='word_1_271' title='bbox 1443 3158 1548 3224; x_wconf 90' lang='lat' dir='ltr'>eidem</span> <span class='ocrx_word' id='word_1_272' title='bbox 1582 3155 1826 3244; x_wconf 89' lang='lat' dir='ltr'>archiepiscopo</span> 
     </span>
     <span class='ocr_line' id='line_1_27' title="bbox 141 3261 1822 3354; baseline 0.001 -29"><span class='ocrx_word' id='word_1_273' title='bbox 141 3264 312 3348; x_wconf 87' lang='lat' dir='ltr'>impertiri.</span> <span class='ocrx_word' id='word_1_274' title='bbox 336 3261 484 3330; x_wconf 87' lang='lat' dir='ltr'>Romano</span> <span class='ocrx_word' id='word_1_275' title='bbox 508 3265 639 3352; x_wconf 87' lang='lat' dir='ltr'>quidem</span> <span class='ocrx_word' id='word_1_276' title='bbox 663 3267 806 3354; x_wconf 87' lang='lat' dir='ltr'>pontiflci</span> <span class='ocrx_word' id='word_1_277' title='bbox 829 3263 1002 3330; x_wconf 87' lang='lat' dir='ltr'>traditione</span> <span class='ocrx_word' id='word_1_278' title='bbox 1026 3263 1116 3351; x_wconf 88' lang='lat' dir='ltr'>pallii</span> <span class='ocrx_word' id='word_1_279' title='bbox 1139 3275 1316 3330; x_wconf 88' lang='lat' dir='ltr'>reseruata.</span> <span class='ocrx_word' id='word_1_280' title='bbox 1342 3264 1519 3330; x_wconf 86' lang='lat' dir='ltr'>Statuimus</span> <span class='ocrx_word' id='word_1_281' title='bbox 1544 3266 1651 3344; x_wconf 87' lang='lat' dir='ltr'>etiam,</span> <span class='ocrx_word' id='word_1_282' title='bbox 1683 3274 1718 3328; x_wconf 90' lang='lat' dir='ltr'>ut</span> <span class='ocrx_word' id='word_1_283' title='bbox 1745 3283 1822 3350; x_wconf 92' lang='lat' dir='ltr'>que·</span> 
     </span>
     <span class='ocr_line' id='line_1_28' title="bbox 140 3368 1826 3458; baseline 0 -26"><span class='ocrx_word' id='word_1_284' title='bbox 140 3389 283 3455; x_wconf 89' lang='lat' dir='ltr'>cumque</span> <span class='ocrx_word' id='word_1_285' title='bbox 308 3368 401 3453; x_wconf 90' lang='lat' dir='ltr'>bona,</span> <span class='ocrx_word' id='word_1_286' title='bbox 426 3392 648 3456; x_wconf 89' lang='lat' dir='ltr'>quascumque</span> <span class='ocrx_word' id='word_1_287' title='bbox 671 3371 892 3458; x_wconf 89' lang='lat' dir='ltr'>possessiones</span> <span class='ocrx_word' id='word_1_288' title='bbox 916 3369 1029 3434; x_wconf 90' lang='lat' dir='ltr'>eadem</span> <span class='ocrx_word' id='word_1_289' title='bbox 1053 3369 1222 3454; x_wconf 87' lang='lat' dir='ltr'>gradensis</span> <span class='ocrx_word' id='word_1_290' title='bbox 1246 3369 1384 3436; x_wconf 84' lang='lat' dir='ltr'>ecclesia</span> <span class='ocrx_word' id='word_1_291' title='bbox 1408 3373 1441 3435; x_wconf 91' lang='lat' dir='ltr'>iu</span> <span class='ocrx_word' id='word_1_292' title='bbox 1476 3371 1711 3454; x_wconf 88' lang='lat' dir='ltr'>presentiarum</span> <span class='ocrx_word' id='word_1_293' title='bbox 1742 3370 1826 3433; x_wconf 91' lang='lat' dir='ltr'>iuste</span> 
     </span>
     <span class='ocr_line' id='line_1_29' title="bbox 141 3473 1825 3564; baseline -0.001 -26"><span class='ocrx_word' id='word_1_294' title='bbox 141 3483 174 3538; x_wconf 88' lang='lat' dir='ltr'>et</span> <span class='ocrx_word' id='word_1_295' title='bbox 196 3475 355 3540; x_wconf 89' lang='lat' dir='ltr'>canonice</span> <span class='ocrx_word' id='word_1_296' title='bbox 378 3475 532 3562; x_wconf 90' lang='lat' dir='ltr'>possidet,</span> <span class='ocrx_word' id='word_1_297' title='bbox 556 3487 612 3542; x_wconf 89' lang='lat' dir='ltr'>aut</span> <span class='ocrx_word' id='word_1_298' title='bbox 635 3476 829 3542; x_wconf 84' lang='lat' dir='ltr'>infuturum</span> <span class='ocrx_word' id='word_1_299' title='bbox 854 3478 946 3541; x_wconf 89' lang='lat' dir='ltr'>iustis</span> <span class='ocrx_word' id='word_1_300' title='bbox 970 3475 1074 3540; x_wconf 92' lang='lat' dir='ltr'>modis</span> <span class='ocrx_word' id='word_1_301' title='bbox 1098 3475 1158 3540; x_wconf 92' lang='lat' dir='ltr'>deo</span> <span class='ocrx_word' id='word_1_302' title='bbox 1184 3477 1323 3562; x_wconf 85' lang='lat' dir='ltr'>propitio</span> <span class='ocrx_word' id='word_1_303' title='bbox 1347 3478 1465 3564; x_wconf 90' lang='lat' dir='ltr'>poterit</span> <span class='ocrx_word' id='word_1_304' title='bbox 1487 3476 1634 3562; x_wconf 87' lang='lat' dir='ltr'>adipisci,</span> <span class='ocrx_word' id='word_1_305' title='bbox 1657 3475 1750 3539; x_wconf 91' lang='lat' dir='ltr'>firma</span> <span class='ocrx_word' id='word_1_306' title='bbox 1767 3473 1825 3538; x_wconf 90' lang='lat' dir='ltr'>tibi</span> 
     </span>
     <span class='ocr_line' id='line_1_30' title="bbox 143 3581 1827 3669; baseline 0.001 -25"><span class='ocrx_word' id='word_1_307' title='bbox 143 3581 274 3666; x_wconf 88' lang='lat' dir='ltr'>tuisque</span> <span class='ocrx_word' id='word_1_308' title='bbox 298 3582 542 3648; x_wconf 87' lang='lat' dir='ltr'>successoribus</span> <span class='ocrx_word' id='word_1_309' title='bbox 565 3593 597 3648; x_wconf 89' lang='lat' dir='ltr'>et</span> <span class='ocrx_word' id='word_1_310' title='bbox 619 3582 744 3648; x_wconf 89' lang='lat' dir='ltr'>illibata</span> <span class='ocrx_word' id='word_1_311' title='bbox 768 3591 987 3669; x_wconf 86' lang='lat' dir='ltr'>permaneant.</span> <span class='ocrx_word' id='word_1_312' title='bbox 1014 3582 1113 3646; x_wconf 90' lang='lat' dir='ltr'>Porro</span> <span class='ocrx_word' id='word_1_313' title='bbox 1138 3581 1309 3647; x_wconf 89' lang='lat' dir='ltr'>ecclesiam</span> <span class='ocrx_word' id='word_1_314' title='bbox 1331 3605 1350 3647; x_wconf 88' lang='lat' dir='ltr'>a</span> <span class='ocrx_word' id='word_1_315' title='bbox 1374 3581 1534 3666; x_wconf 87' lang='lat' dir='ltr'>religiosis</span> <span class='ocrx_word' id='word_1_316' title='bbox 1559 3583 1637 3646; x_wconf 86' lang='lat' dir='ltr'>viris</span> <span class='ocrx_word' id='word_1_317' title='bbox 1663 3582 1725 3667; x_wconf 89' lang='lat' dir='ltr'>ipsi</span> <span class='ocrx_word' id='word_1_318' title='bbox 1755 3604 1827 3666; x_wconf 87' lang='lat' dir='ltr'>gra·</span> 
     </span>
     <span class='ocr_line' id='line_1_31' title="bbox 143 3669 1827 3776; baseline 0 -27"><span class='ocrx_word' id='word_1_319' title='bbox 143 3685 236 3750; x_wconf 88' lang='lat' dir='ltr'>densi</span> <span class='ocrx_word' id='word_1_320' title='bbox 261 3685 398 3752; x_wconf 90' lang='lat' dir='ltr'>ecclesie</span> <span class='ocrx_word' id='word_1_321' title='bbox 423 3687 558 3772; x_wconf 87' lang='lat' dir='ltr'>oblatas,</span> <span class='ocrx_word' id='word_1_322' title='bbox 584 3712 642 3776; x_wconf 89' lang='lat' dir='ltr'>per</span> <span class='ocrx_word' id='word_1_323' title='bbox 665 3691 887 3776; x_wconf 88' lang='lat' dir='ltr'>episcopatum</span> <span class='ocrx_word' id='word_1_324' title='bbox 910 3699 1001 3754; x_wconf 91' lang='lat' dir='ltr'>tuum</span> <span class='ocrx_word' id='word_1_325' title='bbox 1026 3693 1227 3770; x_wconf 89' lang='lat' dir='ltr'>constitutas,</span> <span class='ocrx_word' id='word_1_326' title='bbox 1262 3689 1321 3753; x_wconf 91' lang='lat' dir='ltr'>tibi</span> <span class='ocrx_word' id='word_1_327' title='bbox 1354 3669 1485 3776; x_wconf 82' lang='lat' dir='ltr'>tuisque</span> <span class='ocrx_word' id='word_1_328' title='bbox 1516 3686 1759 3752; x_wconf 89' lang='lat' dir='ltr'>successoribus</span> <span class='ocrx_word' id='word_1_329' title='bbox 1791 3687 1827 3750; x_wconf 93' lang='lat' dir='ltr'>li·</span> 
     </span>
     <span class='ocr_line' id='line_1_32' title="bbox 142 3791 1827 3884; baseline 0 -28"><span class='ocrx_word' id='word_1_330' title='bbox 142 3791 219 3857; x_wconf 90' lang='lat' dir='ltr'>here</span> <span class='ocrx_word' id='word_1_331' title='bbox 245 3791 488 3877; x_wconf 87' lang='lat' dir='ltr'>confirmamus,</span> <span class='ocrx_word' id='word_1_332' title='bbox 512 3795 556 3859; x_wconf 89' lang='lat' dir='ltr'>ita</span> <span class='ocrx_word' id='word_1_333' title='bbox 580 3805 615 3860; x_wconf 91' lang='lat' dir='ltr'>ut</span> <span class='ocrx_word' id='word_1_334' title='bbox 638 3794 716 3860; x_wconf 90' lang='lat' dir='ltr'>nulli</span> <span class='ocrx_word' id='word_1_335' title='bbox 742 3797 893 3884; x_wconf 90' lang='lat' dir='ltr'>episcopo</span> <span class='ocrx_word' id='word_1_336' title='bbox 916 3795 1012 3860; x_wconf 87' lang='lat' dir='ltr'>liceat</span> <span class='ocrx_word' id='word_1_337' title='bbox 1034 3793 1158 3881; x_wconf 91' lang='lat' dir='ltr'>absque</span> <span class='ocrx_word' id='word_1_338' title='bbox 1181 3803 1237 3859; x_wconf 92' lang='lat' dir='ltr'>too</span> <span class='ocrx_word' id='word_1_339' title='bbox 1260 3817 1394 3860; x_wconf 91' lang='lat' dir='ltr'>assensu</span> <span class='ocrx_word' id='word_1_340' title='bbox 1425 3796 1458 3860; x_wconf 92' lang='lat' dir='ltr'>in</span> <span class='ocrx_word' id='word_1_341' title='bbox 1490 3795 1536 3858; x_wconf 88' lang='lat' dir='ltr'>eis</span> <span class='ocrx_word' id='word_1_342' title='bbox 1568 3795 1827 3858; x_wconf 87' lang='lat' dir='ltr'>consecrationes</span> 
     </span>
     <span class='ocr_line' id='line_1_33' title="bbox 142 3896 1827 3986; baseline 0.001 -25"><span class='ocrx_word' id='word_1_343' title='bbox 142 3896 321 3972; x_wconf 83' lang='lat' dir='ltr'>celebrare,</span> <span class='ocrx_word' id='word_1_344' title='bbox 344 3908 400 3962; x_wconf 89' lang='lat' dir='ltr'>aut</span> <span class='ocrx_word' id='word_1_345' title='bbox 423 3898 646 3966; x_wconf 86' lang='lat' dir='ltr'>sacerdotibus</span> <span class='ocrx_word' id='word_1_346' title='bbox 670 3903 702 3966; x_wconf 90' lang='lat' dir='ltr'>in</span> <span class='ocrx_word' id='word_1_347' title='bbox 727 3902 848 3966; x_wconf 90' lang='lat' dir='ltr'>eisdem</span> <span class='ocrx_word' id='word_1_348' title='bbox 873 3899 1003 3966; x_wconf 91' lang='lat' dir='ltr'>domino</span> <span class='ocrx_word' id='word_1_349' title='bbox 1034 3901 1248 3983; x_wconf 90' lang='lat' dir='ltr'>seruentibus,</span> <span class='ocrx_word' id='word_1_350' title='bbox 1280 3899 1384 3965; x_wconf 90' lang='lat' dir='ltr'>donec</span> <span class='ocrx_word' id='word_1_351' title='bbox 1409 3901 1442 3964; x_wconf 93' lang='lat' dir='ltr'>in</span> <span class='ocrx_word' id='word_1_352' title='bbox 1469 3899 1548 3965; x_wconf 92' lang='lat' dir='ltr'>locis</span> <span class='ocrx_word' id='word_1_353' title='bbox 1583 3901 1663 3986; x_wconf 90' lang='lat' dir='ltr'>ipsis</span> <span class='ocrx_word' id='word_1_354' title='bbox 1697 3897 1827 3980; x_wconf 83' lang='lat' dir='ltr'>fuerint,</span> 
     </span>
     <span class='ocr_line' id='line_1_34' title="bbox 142 4001 1828 4092; baseline 0.001 -26"><span class='ocrx_word' id='word_1_355' title='bbox 142 4002 255 4070; x_wconf 89' lang='lat' dir='ltr'>diuina</span> <span class='ocrx_word' id='word_1_356' title='bbox 279 4001 388 4068; x_wconf 88' lang='lat' dir='ltr'>officia</span> <span class='ocrx_word' id='word_1_357' title='bbox 412 4003 594 4090; x_wconf 90' lang='lat' dir='ltr'>prohibere.</span> <span class='ocrx_word' id='word_1_358' title='bbox 619 4007 835 4073; x_wconf 89' lang='lat' dir='ltr'>Decernimus</span> <span class='ocrx_word' id='word_1_359' title='bbox 859 4029 946 4092; x_wconf 89' lang='lat' dir='ltr'>ergo,</span> <span class='ocrx_word' id='word_1_360' title='bbox 970 4017 1004 4072; x_wconf 90' lang='lat' dir='ltr'>ut</span> <span class='ocrx_word' id='word_1_361' title='bbox 1027 4006 1107 4072; x_wconf 93' lang='lat' dir='ltr'>nulli</span> <span class='ocrx_word' id='word_1_362' title='bbox 1131 4009 1261 4072; x_wconf 91' lang='lat' dir='ltr'>omnino</span> <span class='ocrx_word' id='word_1_363' title='bbox 1284 4005 1450 4070; x_wconf 90' lang='lat' dir='ltr'>hominum</span> <span class='ocrx_word' id='word_1_364' title='bbox 1482 4003 1578 4070; x_wconf 88' lang='lat' dir='ltr'>liceat</span> <span class='ocrx_word' id='word_1_365' title='bbox 1609 4004 1828 4090; x_wconf 88' lang='lat' dir='ltr'>supradictam</span> 
     </span>
     <span class='ocr_line' id='line_1_35' title="bbox 142 4108 1827 4200; baseline 0 -27"><span class='ocrx_word' id='word_1_366' title='bbox 142 4108 316 4174; x_wconf 88' lang='lat' dir='ltr'>ecclesiam</span> <span class='ocrx_word' id='word_1_367' title='bbox 341 4119 461 4175; x_wconf 90' lang='lat' dir='ltr'>temere</span> <span class='ocrx_word' id='word_1_368' title='bbox 486 4109 685 4197; x_wconf 88' lang='lat' dir='ltr'>perturbare,</span> <span class='ocrx_word' id='word_1_369' title='bbox 710 4121 766 4178; x_wconf 88' lang='lat' dir='ltr'>aut</span> <span class='ocrx_word' id='word_1_370' title='bbox 788 4115 857 4178; x_wconf 89' lang='lat' dir='ltr'>eius</span> <span class='ocrx_word' id='word_1_371' title='bbox 878 4115 1101 4200; x_wconf 87' lang='lat' dir='ltr'>possessiones</span> <span class='ocrx_word' id='word_1_372' title='bbox 1123 4112 1261 4196; x_wconf 83' lang='lat' dir='ltr'>auferre,</span> <span class='ocrx_word' id='word_1_373' title='bbox 1286 4111 1338 4176; x_wconf 88' lang='lat' dir='ltr'>vel</span> <span class='ocrx_word' id='word_1_374' title='bbox 1361 4111 1486 4178; x_wconf 87' lang='lat' dir='ltr'>ablatas</span> <span class='ocrx_word' id='word_1_375' title='bbox 1502 4113 1653 4188; x_wconf 89' lang='lat' dir='ltr'>retinere,</span> <span class='ocrx_word' id='word_1_376' title='bbox 1671 4111 1827 4192; x_wconf 89' lang='lat' dir='ltr'>minuere,</span> 
     </span>
     <span class='ocr_line' id='line_1_36' title="bbox 143 4213 1827 4303; baseline 0.001 -26"><span class='ocrx_word' id='word_1_377' title='bbox 143 4236 199 4279; x_wconf 89' lang='lat' dir='ltr'>seu</span> <span class='ocrx_word' id='word_1_378' title='bbox 223 4213 428 4300; x_wconf 87' lang='lat' dir='ltr'>quibuslibet</span> <span class='ocrx_word' id='word_1_379' title='bbox 451 4217 678 4283; x_wconf 87' lang='lat' dir='ltr'>vexationibus</span> <span class='ocrx_word' id='word_1_380' title='bbox 701 4217 856 4303; x_wconf 81' lang='lat' dir='ltr'>fatigare3</span> <span class='ocrx_word' id='word_1_381' title='bbox 881 4218 939 4284; x_wconf 89' lang='lat' dir='ltr'>sed</span> <span class='ocrx_word' id='word_1_382' title='bbox 962 4217 1088 4282; x_wconf 87' lang='lat' dir='ltr'>illibata</span> <span class='ocrx_word' id='word_1_383' title='bbox 1111 4219 1219 4283; x_wconf 90' lang='lat' dir='ltr'>omnia</span> <span class='ocrx_word' id='word_1_384' title='bbox 1242 4227 1274 4282; x_wconf 91' lang='lat' dir='ltr'>et</span> <span class='ocrx_word' id='word_1_385' title='bbox 1297 4219 1423 4302; x_wconf 90' lang='lat' dir='ltr'>integra</span> <span class='ocrx_word' id='word_1_386' title='bbox 1447 4225 1688 4297; x_wconf 89' lang='lat' dir='ltr'>conseruentur,</span> <span class='ocrx_word' id='word_1_387' title='bbox 1706 4237 1827 4297; x_wconf 92' lang='lat' dir='ltr'>eorum,</span> 
     </span>
     <span class='ocr_line' id='line_1_37' title="bbox 142 4319 1830 4408; baseline 0 -23"><span class='ocrx_word' id='word_1_388' title='bbox 142 4341 200 4406; x_wconf 92' lang='lat' dir='ltr'>pro</span> <span class='ocrx_word' id='word_1_389' title='bbox 221 4342 362 4406; x_wconf 89' lang='lat' dir='ltr'>quorum</span> <span class='ocrx_word' id='word_1_390' title='bbox 384 4319 619 4408; x_wconf 86' lang='lat' dir='ltr'>gubernatione</span> <span class='ocrx_word' id='word_1_391' title='bbox 643 4334 677 4389; x_wconf 89' lang='lat' dir='ltr'>et</span> <span class='ocrx_word' id='word_1_392' title='bbox 698 4325 930 4390; x_wconf 86' lang='lat' dir='ltr'>sustentatione</span> <span class='ocrx_word' id='word_1_393' title='bbox 954 4346 1109 4390; x_wconf 87' lang='lat' dir='ltr'>concessa</span> <span class='ocrx_word' id='word_1_394' title='bbox 1125 4333 1209 4406; x_wconf 88' lang='lat' dir='ltr'>sunt,</span> <span class='ocrx_word' id='word_1_395' title='bbox 1230 4321 1341 4388; x_wconf 87' lang='lat' dir='ltr'>usibus</span> <span class='ocrx_word' id='word_1_396' title='bbox 1358 4323 1511 4388; x_wconf 91' lang='lat' dir='ltr'>omnibus</span> <span class='ocrx_word' id='word_1_397' title='bbox 1528 4322 1704 4408; x_wconf 87' lang='lat' dir='ltr'>profutura.</span> <span class='ocrx_word' id='word_1_398' title='bbox 1729 4319 1830 4385; x_wconf 84' lang='lat' dir='ltr'>Salus</span> 
     </span>
     <span class='ocr_line' id='line_1_38' title="bbox 146 4426 1829 4517; baseline 0 -27"><span class='ocrx_word' id='word_1_399' title='bbox 146 4428 178 4490; x_wconf 94' lang='lat' dir='ltr'>in</span> <span class='ocrx_word' id='word_1_400' title='bbox 205 4426 359 4494; x_wconf 85' lang='lat' dir='ltr'>omuibus</span> <span class='ocrx_word' id='word_1_401' title='bbox 382 4427 559 4514; x_wconf 88' lang='lat' dir='ltr'>apostolice</span> <span class='ocrx_word' id='word_1_402' title='bbox 583 4429 671 4495; x_wconf 88' lang='lat' dir='ltr'>sedis</span> <span class='ocrx_word' id='word_1_403' title='bbox 694 4433 895 4498; x_wconf 88' lang='lat' dir='ltr'>auctoritate.</span> <span class='ocrx_word' id='word_1_404' title='bbox 921 4431 954 4498; x_wconf 89' lang='lat' dir='ltr'>Si</span> <span class='ocrx_word' id='word_1_405' title='bbox 981 4453 1045 4517; x_wconf 88' lang='lat' dir='ltr'>qua</span> <span class='ocrx_word' id='word_1_406' title='bbox 1067 4431 1167 4514; x_wconf 88' lang='lat' dir='ltr'>igitur</span> <span class='ocrx_word' id='word_1_407' title='bbox 1190 4431 1222 4494; x_wconf 93' lang='lat' dir='ltr'>in</span> <span class='ocrx_word' id='word_1_408' title='bbox 1245 4429 1352 4494; x_wconf 74' lang='lat' dir='ltr'>mauro</span> <span class='ocrx_word' id='word_1_409' title='bbox 1380 4428 1600 4494; x_wconf 85' lang='lat' dir='ltr'>ecclesiastica</span> <span class='ocrx_word' id='word_1_410' title='bbox 1632 4426 1829 4493; x_wconf 88' lang='lat' dir='ltr'>secularisue</span> 
     </span>
     <span class='ocr_line' id='line_1_39' title="bbox 146 4531 1829 4623; baseline 0.001 -27"><span class='ocrx_word' id='word_1_411' title='bbox 146 4555 290 4618; x_wconf 89' lang='lat' dir='ltr'>persona</span> <span class='ocrx_word' id='word_1_412' title='bbox 312 4531 397 4598; x_wconf 91' lang='lat' dir='ltr'>hanc</span> <span class='ocrx_word' id='word_1_413' title='bbox 418 4544 529 4600; x_wconf 88' lang='lat' dir='ltr'>nostre</span> <span class='ocrx_word' id='word_1_414' title='bbox 552 4538 789 4602; x_wconf 88' lang='lat' dir='ltr'>constitutionis</span> <span class='ocrx_word' id='word_1_415' title='bbox 826 4539 987 4623; x_wconf 88' lang='lat' dir='ltr'>paginam,</span> <span class='ocrx_word' id='word_1_416' title='bbox 1019 4538 1137 4616; x_wconf 90' lang='lat' dir='ltr'>sciens,</span> <span class='ocrx_word' id='word_1_417' title='bbox 1172 4545 1284 4602; x_wconf 89' lang='lat' dir='ltr'>contra</span> <span class='ocrx_word' id='word_1_418' title='bbox 1315 4557 1386 4600; x_wconf 90' lang='lat' dir='ltr'>earn</span> <span class='ocrx_word' id='word_1_419' title='bbox 1422 4545 1542 4600; x_wconf 88' lang='lat' dir='ltr'>temere</span> <span class='ocrx_word' id='word_1_420' title='bbox 1583 4537 1693 4600; x_wconf 90' lang='lat' dir='ltr'>venire</span> <span class='ocrx_word' id='word_1_421' title='bbox 1728 4543 1829 4618; x_wconf 88' lang='lat' dir='ltr'>temp·</span> 
     </span>
     <span class='ocr_line' id='line_1_40' title="bbox 145 4639 1829 4728; baseline -0.001 -24"><span class='ocrx_word' id='word_1_422' title='bbox 145 4641 275 4720; x_wconf 85' lang='lat' dir='ltr'>tsuerit,</span> <span class='ocrx_word' id='word_1_423' title='bbox 313 4640 456 4707; x_wconf 86' lang='lat' dir='ltr'>secundo</span> <span class='ocrx_word' id='word_1_424' title='bbox 488 4644 631 4707; x_wconf 89' lang='lat' dir='ltr'>tercioue</span> <span class='ocrx_word' id='word_1_425' title='bbox 662 4645 865 4726; x_wconf 88' lang='lat' dir='ltr'>commonita,</span> <span class='ocrx_word' id='word_1_426' title='bbox 896 4644 958 4707; x_wconf 89' lang='lat' dir='ltr'>nisi</span> <span class='ocrx_word' id='word_1_427' title='bbox 990 4643 1263 4728; x_wconf 87' lang='lat' dir='ltr'>presumptionem</span> <span class='ocrx_word' id='word_1_428' title='bbox 1298 4663 1390 4706; x_wconf 88' lang='lat' dir='ltr'>suam</span> <span class='ocrx_word' id='word_1_429' title='bbox 1425 4662 1569 4726; x_wconf 90' lang='lat' dir='ltr'>congrua</span> <span class='ocrx_word' id='word_1_430' title='bbox 1609 4639 1829 4705; x_wconf 86' lang='lat' dir='ltr'>satisfactione</span> 
     </span>
     <span class='ocr_line' id='line_1_41' title="bbox 143 4745 1826 4835; baseline 0 -25"><span class='ocrx_word' id='word_1_431' title='bbox 143 4745 335 4825; x_wconf 83' lang='lat' dir='ltr'>correxerit,</span> <span class='ocrx_word' id='word_1_432' title='bbox 357 4749 537 4831; x_wconf 86' lang='lat' dir='ltr'>potestatis,</span> <span class='ocrx_word' id='word_1_433' title='bbox 562 4747 759 4834; x_wconf 90' lang='lat' dir='ltr'>honorisque</span> <span class='ocrx_word' id='word_1_434' title='bbox 782 4751 831 4814; x_wconf 91' lang='lat' dir='ltr'>sui</span> <span class='ocrx_word' id='word_1_435' title='bbox 855 4747 1013 4834; x_wconf 85' lang='lat' dir='ltr'>dignitate</span> <span class='ocrx_word' id='word_1_436' title='bbox 1037 4757 1157 4830; x_wconf 90' lang='lat' dir='ltr'>careat,</span> <span class='ocrx_word' id='word_1_437' title='bbox 1182 4769 1335 4835; x_wconf 85' lang='lat' dir='ltr'>reamque</span> <span class='ocrx_word' id='word_1_438' title='bbox 1359 4769 1393 4814; x_wconf 87' lang='lat' dir='ltr'>se</span> <span class='ocrx_word' id='word_1_439' title='bbox 1415 4747 1526 4812; x_wconf 91' lang='lat' dir='ltr'>diuino</span> <span class='ocrx_word' id='word_1_440' title='bbox 1553 4745 1667 4812; x_wconf 89' lang='lat' dir='ltr'>iuditio</span> <span class='ocrx_word' id='word_1_441' title='bbox 1684 4747 1826 4810; x_wconf 82' lang='lat' dir='ltr'>existere</span> 
     </span>
     <span class='ocr_line' id='line_1_42' title="bbox 142 4849 1829 4940; baseline 0 -26"><span class='ocrx_word' id='word_1_442' title='bbox 142 4849 185 4914; x_wconf 85' lang='lat' dir='ltr'>de&#39;</span> <span class='ocrx_word' id='word_1_443' title='bbox 206 4860 395 4938; x_wconf 87' lang='lat' dir='ltr'>perpetrata</span> <span class='ocrx_word' id='word_1_444' title='bbox 416 4854 585 4940; x_wconf 86' lang='lat' dir='ltr'>iniquitate</span> <span class='ocrx_word' id='word_1_445' title='bbox 609 4865 794 4938; x_wconf 90' lang='lat' dir='ltr'>cognoscat,</span> <span class='ocrx_word' id='word_1_446' title='bbox 818 4863 851 4920; x_wconf 90' lang='lat' dir='ltr'>et</span> <span class='ocrx_word' id='word_1_447' title='bbox 869 4877 889 4918; x_wconf 93' lang='lat' dir='ltr'>a</span> <span class='ocrx_word' id='word_1_448' title='bbox 910 4855 1129 4920; x_wconf 89' lang='lat' dir='ltr'>sacratissimo</span> <span class='ocrx_word' id='word_1_449' title='bbox 1154 4875 1298 4940; x_wconf 89' lang='lat' dir='ltr'>corpore,</span> <span class='ocrx_word' id='word_1_450' title='bbox 1322 4876 1361 4918; x_wconf 89' lang='lat' dir='ltr'>ac</span> <span class='ocrx_word' id='word_1_451' title='bbox 1385 4854 1544 4937; x_wconf 88' lang='lat' dir='ltr'>sanguiue</span> <span class='ocrx_word' id='word_1_452' title='bbox 1565 4852 1627 4934; x_wconf 91' lang='lat' dir='ltr'>dei,</span> <span class='ocrx_word' id='word_1_453' title='bbox 1653 4861 1685 4916; x_wconf 89' lang='lat' dir='ltr'>et</span> <span class='ocrx_word' id='word_1_454' title='bbox 1706 4850 1829 4915; x_wconf 88' lang='lat' dir='ltr'>domini</span> 
     </span>
     <span class='ocr_line' id='line_1_43' title="bbox 143 4955 1828 5046; baseline -0.001 -25"><span class='ocrx_word' id='word_1_455' title='bbox 143 4957 360 5044; x_wconf 89' lang='lat' dir='ltr'>redemptoris</span> <span class='ocrx_word' id='word_1_456' title='bbox 383 4961 484 5023; x_wconf 88' lang='lat' dir='ltr'>nostri</span> <span class='ocrx_word' id='word_1_457' title='bbox 507 4959 589 5024; x_wconf 85' lang='lat' dir='ltr'>Jesu</span> <span class='ocrx_word' id='word_1_458' title='bbox 614 4959 736 5026; x_wconf 79' lang='lat' dir='ltr'>Christi</span> <span class='ocrx_word' id='word_1_459' title='bbox 757 4959 863 5026; x_wconf 88' lang='lat' dir='ltr'>aliena</span> <span class='ocrx_word' id='word_1_460' title='bbox 886 4964 951 5040; x_wconf 85' lang='lat' dir='ltr'>fiat,</span> <span class='ocrx_word' id='word_1_461' title='bbox 976 4969 1073 5046; x_wconf 89' lang='lat' dir='ltr'>atque</span> <span class='ocrx_word' id='word_1_462' title='bbox 1110 4961 1143 5025; x_wconf 93' lang='lat' dir='ltr'>in</span> <span class='ocrx_word' id='word_1_463' title='bbox 1175 4969 1322 5026; x_wconf 84' lang='lat' dir='ltr'>extremo</span> <span class='ocrx_word' id='word_1_464' title='bbox 1354 4960 1504 5024; x_wconf 88' lang='lat' dir='ltr'>examine</span> <span class='ocrx_word' id='word_1_465' title='bbox 1538 4959 1682 5023; x_wconf 89' lang='lat' dir='ltr'>districte</span> <span class='ocrx_word' id='word_1_466' title='bbox 1714 4955 1828 5022; x_wconf 88' lang='lat' dir='ltr'>ultioni</span> 
     </span>
     <span class='ocr_line' id='line_1_44' title="bbox 144 5061 1830 5150; baseline -0.001 -22"><span class='ocrx_word' id='word_1_467' title='bbox 144 5066 323 5131; x_wconf 83' lang='lat' dir='ltr'>subiaceat.</span> <span class='ocrx_word' id='word_1_468' title='bbox 350 5062 484 5132; x_wconf 89' lang='lat' dir='ltr'>Cunctis</span> <span class='ocrx_word' id='word_1_469' title='bbox 508 5075 616 5132; x_wconf 89' lang='lat' dir='ltr'>autem</span> <span class='ocrx_word' id='word_1_470' title='bbox 641 5067 744 5133; x_wconf 88' lang='lat' dir='ltr'>eidem</span> <span class='ocrx_word' id='word_1_471' title='bbox 770 5067 839 5132; x_wconf 93' lang='lat' dir='ltr'>loco</span> <span class='ocrx_word' id='word_1_472' title='bbox 866 5091 924 5132; x_wconf 87' lang='lat' dir='ltr'>sua</span> <span class='ocrx_word' id='word_1_473' title='bbox 947 5069 1017 5132; x_wconf 92' lang='lat' dir='ltr'>iura</span> <span class='ocrx_word' id='word_1_474' title='bbox 1041 5067 1256 5149; x_wconf 90' lang='lat' dir='ltr'>seruantibus,</span> <span class='ocrx_word' id='word_1_475' title='bbox 1284 5067 1326 5130; x_wconf 88' lang='lat' dir='ltr'>sit</span> <span class='ocrx_word' id='word_1_476' title='bbox 1357 5087 1423 5150; x_wconf 83' lang='lat' dir='ltr'>pax</span> <span class='ocrx_word' id='word_1_477' title='bbox 1458 5065 1580 5130; x_wconf 90' lang='lat' dir='ltr'>domini</span> <span class='ocrx_word' id='word_1_478' title='bbox 1616 5064 1715 5130; x_wconf 88' lang='lat' dir='ltr'>nostri</span> <span class='ocrx_word' id='word_1_479' title='bbox 1748 5061 1830 5128; x_wconf 90' lang='lat' dir='ltr'>Jesu</span> 
     </span>
     <span class='ocr_line' id='line_1_45' title="bbox 147 5168 1821 5260; baseline -0.002 -23"><span class='ocrx_word' id='word_1_480' title='bbox 147 5169 280 5238; x_wconf 78' lang='lat' dir='ltr'>Christi.</span> <span class='ocrx_word' id='word_1_481' title='bbox 305 5170 468 5252; x_wconf 78' lang='lat' dir='ltr'>Quatiaus</span> <span class='ocrx_word' id='word_1_482' title='bbox 492 5181 524 5238; x_wconf 91' lang='lat' dir='ltr'>et</span> <span class='ocrx_word' id='word_1_483' title='bbox 547 5171 601 5237; x_wconf 91' lang='lat' dir='ltr'>hic</span> <span class='ocrx_word' id='word_1_484' title='bbox 623 5173 760 5239; x_wconf 86' lang='lat' dir='ltr'>fructum</span> <span class='ocrx_word' id='word_1_485' title='bbox 785 5172 870 5239; x_wconf 89' lang='lat' dir='ltr'>bone</span> <span class='ocrx_word' id='word_1_486' title='bbox 903 5174 1039 5238; x_wconf 89' lang='lat' dir='ltr'>actionis</span> <span class='ocrx_word' id='word_1_487' title='bbox 1072 5174 1260 5259; x_wconf 86' lang='lat' dir='ltr'>percipiant,</span> <span class='ocrx_word' id='word_1_488' title='bbox 1287 5181 1320 5236; x_wconf 88' lang='lat' dir='ltr'>et</span> <span class='ocrx_word' id='word_1_489' title='bbox 1351 5171 1436 5260; x_wconf 90' lang='lat' dir='ltr'>apud</span> <span class='ocrx_word' id='word_1_490' title='bbox 1468 5171 1649 5236; x_wconf 88' lang='lat' dir='ltr'>districtum</span> <span class='ocrx_word' id='word_1_491' title='bbox 1681 5168 1821 5234; x_wconf 90' lang='lat' dir='ltr'>iudicem</span> 
     </span>
     <span class='ocr_line' id='line_1_46' title="bbox 146 5279 853 5365; baseline 0.003 -23"><span class='ocrx_word' id='word_1_492' title='bbox 146 5279 271 5364; x_wconf 73' lang='lat' dir='ltr'>prerma</span> <span class='ocrx_word' id='word_1_493' title='bbox 298 5287 409 5362; x_wconf 82' lang='lat' dir='ltr'>eterne</span> <span class='ocrx_word' id='word_1_494' title='bbox 433 5283 522 5365; x_wconf 90' lang='lat' dir='ltr'>pacis</span> <span class='ocrx_word' id='word_1_495' title='bbox 542 5281 717 5348; x_wconf 88' lang='lat' dir='ltr'>inueniant.</span> <span class='ocrx_word' id='word_1_496' title='bbox 741 5283 853 5346; x_wconf 84' lang='lat' dir='ltr'>Amen.</span> 
     </span>
    </p>
   </div>
   <div class='ocr_carea' id='block_1_3' title="bbox 0 0 2154 5924">
    <p class='ocr_par' dir='ltr' id='par_1_3' title="bbox 0 0 2154 5924">
     <span class='ocr_line' id='line_1_47' title="bbox 0 0 2154 5924; baseline 0 0"><span class='ocrx_word' id='word_1_497' title='bbox 0 0 2154 5924; x_wconf 95' lang='lat' dir='ltr'> </span> 
     </span>
    </p>
   </div>
  </div>
 </body>
</html>
