4300 5930
1728 526 1732 534 .
1754 435 1818 504 rso

132 625 233 706 Quod
259 631 356 694 etiam
380 627 422 693 de
444 627 653 716 imponendis
677 626 812 692 decimis
833 626 1017 710 decreuisti,
1040 629 1244 694 decernimus
1268 627 1516 694 obseruandum.
1552 666 1592 678 -
1621 627 1705 694 Illud
1738 651 1818 694 vero

14 785 15 788 ,
131 733 226 820 quod
251 735 292 802 de
315 736 482 816 usurariis,
504 743 537 799 et
559 734 599 798 de
623 743 790 800 contractu
813 736 1008 799 matrimonii
1034 745 1107 799 aute
1131 735 1278 821 quintum
1310 737 1610 819 consanguinitatis,
1634 735 1687 800 vel
1710 735 1816 799 silini-

131 842 216 906 tatis
238 841 374 927 gradsun
398 841 516 912 lineam
542 843 690 922 statuisti,
715 864 755 905 no
778 840 948 904 videantur
972 843 1003 903 in
1028 839 1100 904 aliis
1124 840 1280 924 gradibus
1304 839 1474 924 indulgeri,
1512 863 1574 905 non
1611 841 1815 906 decernimus

133 947 407 1029 confirmandum,
430 945 483 1011 vel
506 969 635 1012 usuram
668 947 700 1010 in
730 944 838 1031 aliquo
870 969 946 1010 casu
983 947 1133 1032 permitti.
1173 983 1210 994 -
1250 945 1401 1010 Preterea
1436 947 1566 1011 vinculo
1601 946 1815 1012 anathematis

135 1052 315 1134 innodasti,
341 1054 395 1140 qui
420 1051 561 1117 auferret
581 1050 718 1117 ecclesie
742 1051 924 1140 priuilegia,
949 1051 1001 1117 vel
1025 1075 1067 1116 ex
1091 1053 1137 1116 eis
1163 1051 1239 1115 utile
1260 1051 1390 1138 aliquod
1416 1075 1457 1116 ex
1481 1075 1539 1116 sna
1562 1054 1732 1140 iniquitate
1762 1053 1818 1118 ab·

142 1157 276 1239 radunt,
300 1158 385 1244 quod
411 1157 541 1244 quidem
566 1157 731 1222 obseruari
756 1157 913 1222 iubemus.
940 1193 979 1204 —
1005 1156 1176 1243 Reliquum
1208 1179 1286 1220 vero
1315 1156 1456 1242 capituli,
1489 1168 1523 1221 ut
1554 1157 1716 1234 videlicet,
1749 1159 1804 1244 qui

140 1283 287 1350 cumque
309 1285 376 1329 rem
401 1262 551 1328 mobilem
576 1263 629 1326 vel
652 1261 848 1328 immobilem
872 1262 1009 1327 ecclesie
1032 1261 1191 1353 auferunt,
1218 1264 1440 1348 et'prosertim
1466 1262 1603 1348 ecclesie
1626 1263 1727 1327 sancti
1742 1262 1822 1327 Bar·
1884 1297 1888 1302 ·

137 1367 308 1451 tholomei,
333 1369 444 1433 eadem
471 1389 554 1454 pena
578 1369 768 1454 plectantur,
793 1370 869 1454 quia
893 1370 1024 1432 nimium
1051 1369 1233 1433 seueritatis
1257 1389 1328 1432 esee
1353 1365 1491 1446 videtur,
1523 1390 1584 1432 non
1617 1366 1821 1433 decernimus

136 1473 408 1557 confirmandum,
439 1473 596 1538 collentes
621 1485 726 1538 temen
751 1474 935 1538 auctoritati
958 1483 1012 1538 tue
1036 1495 1093 1560 per
1115 1473 1176 1536 hoc
1199 1471 1402 1558 aliquatenus
1427 1471 1586 1558 derogari.
1610 1472 1698 1537 Nulli
1720 1475 1822 1558 igitur

137 1578 309 1644 bominum
334 1581 430 1646 liceat
452 1580 537 1644 hanc
559 1582 711 1665 paginam
736 1579 911 1665 infringere
935 1589 1044 1644 nostre
1079 1578 1341 1656 confirmationis,
1378 1578 1432 1658 vel
1466 1581 1496 1642 ei
1530 1601 1610 1644 ausu
1646 1581 1818 1644 temerario

135 1687 313 1750 contraire.
337 1685 371 1750 Si
396 1686 468 1772 quis
492 1695 599 1750 autern
622 1683 684 1749 hoc
706 1695 898 1771 attemptare
929 1665 1177 1770 presumpserit,
1201 1684 1454 1770 indignationem
1490 1686 1719 1770 omnipotentis
1755 1685 1817 1765 dei,

136 1801 172 1857 et
196 1793 364 1858 beatorum
389 1792 478 1858 Petri
502 1801 533 1856 et
556 1789 649 1856 Pauli
671 1790 890 1878 apostolorum
916 1793 985 1856 eius
1008 1813 1042 1855 se
1062 1793 1190 1854 nouerit
1224 1791 1437 1854 incursurum.
1472 1789 1593 1854 Datum
1631 1788 1758 1854 Verona
1802 1791 1822 1854 3

139 1897 216 1963 idus
240 1898 437 1964 novembris.

293 2096 323 2151 Ia
343 2095 523 2168 piamobrane
546 2096 747 2170 nadbiskupije
769 2097 906 2168 apljetske
925 2095 1032 2152 Parieti
1057 2095 1202 2166 Illyricum
1225 2095 1341 2152 Sacrum
1365 2094 1399 2151 Τ.
1431 2095 1483 2150 111.
1506 2113 1533 2166 p.
1567 2095 1638 2150 219.
1669 2096 1773 2152 Lucius
1798 2113 1816 2151 ιι

140 2183 275 2240 isvedku.
298 2183 344 2240 De
362 2184 462 2258 Regno
484 2184 577 2244 Dalm.
602 2191 631 2241 et
651 2184 696 2244 Cr.
722 2185 770 2242 lib.
790 2184 846 2245 111.
870 2185 901 2242 G.
926 2184 965 2244 X.
989 2181 1043 2242 111.

472 2476 745 2559 unxxxvl.
773 2477 885 2560 1188.
913 2476 971 2560 12.
999 2475 1214 2578 prosince.
1242 2475 1279 2558 U
1309 2475 1483 2560 veroni.

204 2653 311 2714 Urboa
333 2655 402 2716 111.
423 2672 514 2734 popo,
532 2611 706 2730 potordirq'e
729 2657 920 2730 audiislrupu
942 2655 1258 2733 appeterem-pravo,
1283 2655 1323 2713 do
1345 2671 1377 2714 ae
1395 2655 1474 2728 pred
1493 2655 1570 2729 apim
1592 2655 1659 2716 uoci
1680 2655 1756 2716 leret.

302 2843 456 2910 Urbanus
479 2846 652 2932 episcopus
675 2867 788 2911 seruus
813 2867 978 2911 seruorum
1002 2845 1064 2926 dei,
1089 2843 1265 2908 venerabili
1290 2843 1380 2908 fratri
1402 2843 1496 2908 Petro
1520 2843 1693 2930 spalatensi
1708 2843 1811 2908 archi·

142 2949 296 3034 episcopo
320 2948 456 3014 salutem
480 2959 512 3014 et
534 2949 743 3036 apostolicam
769 2950 1035 3016 benedictionem.
1061 2949 1192 3014 Fratres
1216 2959 1247 3014 et
1271 2951 1438 3038 episcopos
1463 2959 1588 3014 nostros
1612 2951 1738 3014 sincera
1766 2949 1821 3014 de·

142 3054 259 3118 bemus
282 3053 440 3120 charitate
462 3053 599 3140 diligere
623 3065 655 3120 et
678 3055 808 3120 utilitati
830 3055 962 3121 honoris
987 3077 1059 3122 cum
1085 3056 1226 3142 ipsorum
1252 3039 1463 3142 propensiori
1478 3078 1555 3120 cura
1576 3053 1751 3136 intendere,
1777 3077 1816 3122 ac

142 3161 216 3224 iura
237 3181 304 3240 sua,
330 3159 541 3246 quantumin
566 3161 659 3226 noble
688 3161 757 3236 luit,
785 3159 908 3226 illibata
940 3183 1079 3226 seruare.
1112 3160 1295 3248 Eapropter
1325 3161 1388 3225 tuis
1421 3162 1513 3224 iustis
1548 3159 1818 3246 postulationibus

144 3275 238 3352 grato
260 3275 489 3332 concurrentes
512 3289 657 3349 assensu,
687 3268 951 3332 consuetudinem
982 3265 1147 3331 deferendi
1179 3288 1316 3342 crucem,
1350 3267 1397 3330 sic
1421 3263 1593 3329 dicendum
1625 3263 1820 3330 dominicum

142 3371 312 3456 vexillum,
334 3395 392 3458 per
414 3382 514 3437 totum
529 3361 673 3458 ¹regnum
698 3373 866 3457 Hungaris
890 3371 1123 3438 rationabiliter
1147 3369 1283 3436 ecclesie
1303 3384 1355 3435 tue
1379 3392 1575 3452 concessam,
1607 3379 1639 3435 et
1669 3370 1824 3436 hacteuus

144 3477 361 3559 obseruatam,
386 3478 579 3544 fraternitati
603 3489 656 3543 tue
680 3481 868 3544 auctoritate
893 3477 1071 3566 apostolica
1094 3477 1333 3558 confirmamus,
1365 3486 1397 3542 et
1429 3478 1587 3562 presentis
1620 3477 1733 3562 scripti
1766 3497 1821 3562 pa·

143 3585 281 3650 trocinio
307 3585 553 3650 communimus.
578 3583 772 3668 Statuentes,
797 3595 832 3650 ut
855 3583 935 3648 nulli
958 3583 1088 3648 omnino
1104 3581 1276 3662 ¹bominum
1303 3581 1398 3646 liceat
1419 3581 1502 3646 bano
1533 3583 1685 3668 paginam
1716 3569 1824 3646 nostre

143 3691 398 3756 confirmationis
418 3690 606 3776 infringere,
631 3690 683 3756 vel
707 3693 735 3756 ei
759 3713 840 3755 ausu
864 3691 1035 3755 temerario
1057 3690 1225 3754 contraire.
1257 3685 1290 3752 si
1322 3691 1394 3774 quis
1425 3709 1502 3773 ergo
1535 3687 1596 3752 hoc
1626 3695 1819 3774 attemptare

142 3797 388 3882 presumpserit,
412 3796 665 3881 indignationem
691 3798 919 3883 omnipotentis
955 3794 1008 3860 dei
1038 3804 1071 3858 st
1101 3794 1267 3860 beatorum
1301 3794 1388 3857 Petri
1419 3803 1452 3859 et
1481 3792 1572 3858 Pauli
1604 3790 1821 3878 apostolorum

143 3901 213 3966 eius
237 3921 272 3966 se
295 3903 421 3967 nouerit
445 3905 657 3968 incursurum.
682 3901 803 3968 Datum
828 3902 955 3967 Verona
978 3899 1119 3966 secundo
1156 3899 1228 3965 idus
1258 3899 1448 3980 decembris,
1480 3898 1685 3985 pontificatus
1717 3898 1818 3964 nostri

144 4029 230 4072 anno
254 4029 370 4094 primo.

305 4111 458 4178 Urbanus
482 4135 566 4200 papa
584 4113 643 4180 Ill.

303 4309 419 4368 leat'a
444 4310 589 4381 Illyricum
613 4309 731 4368 Sacrum
754 4310 805 4367 111.
831 4313 904 4369 281.

624 4599 921 4686 CLXXXVII.
949 4605 1055 4688 1187.
1082 4607 1143 4688 18.
1170 4603 1352 4709 vellete.

144 4755 466 4844 liudiddromticooo,
491 4766 626 4846 doorailr,
648 4768 762 4841 avadja
786 4770 844 4827 tao
862 4769 980 4842 oristeo
1004 4773 1157 4829 somostoa
1179 4787 1220 4830 aa.
1245 4771 1357 4830 Korma
1373 4771 1384 4828 a·
1400 4769 1555 4844 Doudoua
1578 4788 1599 4830 a
1610 4769 1816 4844 posjedouut

650 4909 700 4951 mu
722 4891 869 4966 aemaljdb
890 4887 902 4951 i
924 4891 1109 4968 vlaoprodolr
1132 4894 1185 4954 olm
1207 4893 1323 4954 Kaine.
1442 4977 1445 4986 .

298 5063 394 5130 Anno
416 5064 653 5131 incarnacionis
678 5063 800 5130 domini
823 5066 923 5130 nostri
955 5063 1059 5131 Jbesu
1082 5062 1202 5128 Christi
1235 5063 1406 5129 millesimo
1430 5062 1666 5130 CLXXXVII.
1703 5064 1823 5129 mensis

144 5167 304 5236 februarii
327 5170 380 5236 die
402 5169 526 5238 XVIII.
550 5171 731 5238 indiccione
755 5169 811 5238 Vl.
835 5171 903 5258 (V),
928 5170 1127 5257 temporibus
1151 5169 1272 5236 domini
1295 5171 1396 5235 nostri
1418 5168 1497 5234 Bele
1519 5171 1621 5250 tercii,
1644 5167 1696 5235 dei
1712 5170 1824 5254 gracia

142 5277 351 5342 inuictissimi
373 5278 460 5364 regis
482 5275 638 5366 Ungarie,
661 5277 843 5361 Dalmacie,
869 5277 1028 5345 Obroacie
1053 5286 1150 5370 atque
1173 5275 1285 5362 Reme,
1309 5289 1340 5342 ct
1368 5275 1455 5341 Petri
1480 5275 1639 5342 iadrensis
1668 5273 1825 5368 archiepi-
