4300 5930
312 388 375 458 102

314 582 479 665 Bernardi,
502 584 556 670 qui
580 582 656 647 fecit
678 579 937 648 archidiaconum
962 603 1033 646 esso
1056 578 1258 646 voluntatem
1295 587 1384 644 s'uam
1421 587 1453 644 61
1486 579 1583 646 161166
1616 578 1695 644 cleri
1729 601 1786 644 sue
1824 579 1979 644 ciuitatis.

313 689 429 755 Sciatis
453 689 538 774 qnod
563 689 716 772 magister
737 687 867 773 F(erro)
892 689 958 771 init,
980 697 1012 754 et
1036 687 1235 778 R(aiuerius)
1261 691 1268 724 ¹
1295 687 1364 752 vult
1387 688 1435 752 ire
1458 685 1698 752 Lumbardiam.

447 890 486 947 ,16
509 889 621 945 iavcrne
646 889 740 944 1161166
762 887 870 946 durans
892 906 912 944 6
933 887 1107 962 pismohrani
1129 887 1246 960 bsptcla
1268 887 1436 961 spljetskog.
1459 887 1537 974 Earl.
1557 887 1639 969 illyr.
1663 885 1741 943 Sacr.
1764 885 1806 953 T,
1824 886 1877 942 111.
1906 885 1980 944 199.

602 1215 880 1298 cxxxvnr.
908 1215 1015 1298 rus.
1043 1219 1394 1320 messeanam.
1422 1217 1460 1301 6
1487 1213 1682 1345 moscin.

520 1394 605 1456 Auro
627 1396 838 1470 Moatropctro,
861 1397 939 1456 uaso
962 1390 1107 1466 6116161111,
1130 1397 1249 1470 uaimly'c
1266 1398 1329 1470 pou
1350 1399 1435 1470 cvoju
1457 1397 1570 1458 caltitu
1596 1397 1768 1473 croceam.

460 1583 588 1649 Aureus
611 1584 844 1670 Mastrcpetrus
868 1583 926 1648 dei
942 1585 1047 1668 gratia
1070 1583 1214 1666 Venetia,
1240 1584 1402 1650 Dalmatia
1425 1593 1522 1672 atque
1543 1583 1683 1650 *Oroatis
1715 1585 1792 1667 dux,
1829 1585 1981 1650 omnibus

315 1687 466 1755 fidelibus
489 1692 565 1772 suis,
589 1691 629 1755 ad
654 1712 735 1777 quos
758 1692 819 1755 iste
849 1689 955 1754 littere
990 1693 1204 1776 peruenerint,
1241 1690 1375 1756 salntem
1404 1701 1441 1756 et
1475 1689 1689 1758 dilectionem.
1724 1689 1982 1758 Uniuersitatem

314 1805 455 1862 vestram
479 1799 561 1862 scire
585 1796 744 1878 volumus,
767 1796 854 1884 quod
877 1795 1075 1861 Traureuses
1099 1818 1211 1860 omnes
1234 1796 1328 1874 fidem
1354 1797 1446 1862 nobis
1463 1819 1593 1881 seruare
1609 1795 1762 1878 volentes,
1785 1798 1869 1890 sicut
1885 1797 1981 1860 etiam

314 1903 431 1968 nostris
455 1902 736 1989 predecessoribus
760 1901 836 1966 olim
860 1925 1031 1968 seruauere
1054 1901 1252 1982 fidelitatem,
1275 1927 1295 1968 a
1319 1903 1449 1966 minimo
1481 1925 1583 1990 usque
1607 1902 1648 1968 ad
1681 1904 1852 1982 maiorem,
1885 1899 1982 1984 nobis

314 2010 472 2092 iurauere,
497 2017 663 2102 eapropter
686 2031 741 2072 eos
765 2017 916 2094 tanquam
940 2007 1052 2072 fideles
1072 2017 1199 2074 nostros
1223 2009 1403 2092 diligentes,
1427 2031 1558 2094 securos
1584 2007 1736 2097 deinceps
1763 2009 1835 2076 illos
1867 2007 1981 2074 61661-

316 2137 372 2179 uos
404 2115 437 2178 in
467 2117 611 2200 personis
636 2123 667 2178 st
690 2114 787 2180 rebus
808 2136 917 2179 eorum
942 2135 1012 2191 esse
1036 2113 1194 2196 volumus,
1219 2115 1334 2196 eundo,
1358 2114 1482 2198 stando,
1513 2125 1610 2202 atque
1639 2113 1811 2198 redeundo,
1848 2113 1981 2178 mande·

315 2243 385 2284 mue
407 2221 503 2304 igitur
526 2219 619 2284 vobis
642 2227 673 2284 et
697 2219 885 2285 mandantes
908 2221 1112 2306 precipimus,
1134 2231 1292 2307 quatenus
1314 2221 1453 2307 prefatos
1484 2221 1684 2287 Traurenses
1717 2219 1847 2305 liberos,
1883 2235 1981 2307 atque

320 2325 428 2391 saluos
450 2325 656 2406 dimittentes,
680 2349 738 2412 pro
761 2325 882 2391 honore
902 2336 1010 2391 nostro
1035 2325 1239 2392 dilectionem
1265 2329 1311 2392 eis
1332 2337 1364 2392 et
1386 2349 1527 2392 amorem
1562 2326 1752 2409 exhibeatis,
1788 2326 1983 2412 ubicumque

317 2431 389 2496 illos
412 2432 609 2515 inueneritis,
632 2433 769 2499 scientes
794 2454 851 2518 pro
875 2441 971 2524 certo,
996 2431 1082 2518 quod
1106 2433 1134 2496 ai
1157 2431 1251 2496 aliter
1274 2432 1381 2499 facere
1404 2434 1672 2520 presumpseritis,
1697 2455 1755 2498 nos
1781 2455 1844 2496 666
1883 2429 1982 2496 modi·

316 2560 388 2603 cum
414 2537 592 2621 offendetis,
616 2547 648 2603 et
669 2539 800 2626 insuper
823 2547 932 2604 nostro
956 2537 1165 2622 subiacebitis
1192 2539 1304 2604 banuo.

462 2661 582 2728 Datum
605 2684 716 2728 mense
738 2664 930 2750 septembris
955 2663 1129 2730 indictione
1152 2663 1212 2728 XI.
1235 2662 1385 2729 feliciter.

462 2881 576 2940 Lucius.
600 2881 646 2936 De
668 2897 755 2954 regno
778 2881 921 2938 Dalmatis
942 2888 972 2938 61
994 2881 1115 2939 croatie.
1139 2881 1203 2942 Lib.
1227 2883 1281 2941 111.
1305 2899 1367 2954 cap.
1391 2882 1457 2940 XII.

796 3227 1036 3310 CXXXIX.
1064 3229 1170 3312 1178.
1198 3229 1236 3312 U
1265 3229 1497 3311 Laterauu.

316 3441 510 3526 Aleteaadro
530 3443 596 3503 111.
614 3461 709 3521 papa,
728 3443 900 3517 ,11616νά1616
921 3445 1093 3502 sumostanu
1114 3459 1156 3502 so.
1180 3443 1293 3504 Kuamc
1315 3444 1327 3501 1
1349 3443 1504 3518 Duaro'ana
1525 3463 1579 3504 sca
1605 3447 1722 3506 stetero
1738 3463 1839 3520 prava
1859 3447 1986 3506 trouu

464 3647 651 3714 Alexander
673 3650 843 3736 episcopus
866 3671 978 3714 seruus
999 3672 1165 3716 seruorum
1190 3651 1253 3716 dei.
1277 3650 1507 3716 Dilectis'liliis
1529 3652 1638 3719 Ottoni
1657 3653 1770 3718 abbati
1800 3653 1986 3718 monasterii

318 3755 423 3819 sancti
447 3754 598 3819 Damiani
622 3753 662 3820 de
684 3755 803 3838 Monte,
828 3755 960 3840 eiusque
991 3756 1153 3840 fratribus,
1183 3767 1247 3820 tam
1280 3756 1483 3842 presentibus
1518 3779 1614 3844 quam
1648 3757 1764 3822 futuris
1803 3756 1985 3842 regularem

317 3862 416 3925 vitam
442 3859 606 3946 professis,
630 3862 660 3923 16
684 3871 882 3946 perpetuum.
906 3859 999 3924 Etsi
1023 3861 1171 3925 omnibus
1196 3865 1419 3926 necessitatem
1446 3863 1645 3948 pacientibus
1665 3862 1845 3928 debeamus
1860 3861 1986 3938 adesse,

318 3967 485 4050 religiosos
507 3976 613 4030 tamen
637 3965 816 4051 benigniori
840 3988 898 4031 ncs
929 3969 1079 4032 conuenit
1109 3967 1200 4033 oculo
1234 3970 1361 4051 intueri,
1397 3978 1431 4032 ut
1465 3992 1503 4033 eo
1538 3969 1651 4032 lortius
1686 3969 1897 4033 obseruantia
1931 3992 1988 4033 sue

319 4071 528 4158 professionis
563 4071 729 4152 insistant,
764 4093 827 4158 qno
863 4073 965 4158 magis
999 4096 1034 4136 se
1069 4073 1200 4138 videant
1233 4098 1253 4138 a
1285 4073 1363 4139 sede
1404 4073 1579 4160 apostolica
1618 4076 1650 4137 in
1683 4075 1775 4138 iustis
1820 4073 1989 4160 postuleti-

317 4180 433 4244 onibus
450 4267 451 4272 ¹
467 4177 624 4244 exaudiri.
662 4177 702 4240 Et
735 4187 903 4263 eapropter
937 4178 1043 4244 dilecti
1078 4181 1110 4243 in
1145 4178 1274 4244 domino
1309 4179 1386 4262 filii,
1431 4181 1546 4244 vestris
1580 4181 1674 4245 iustis
1710 4180 1990 4266 postulationibus

317 4286 490 4351 clementer
513 4285 683 4350 annuimus
707 4293 739 4348 61
762 4283 918 4370 prefatum
943 4287 1169 4350 monasterium
1198 4290 1232 4350 in
1266 4308 1329 4372 quc
1352 4279 1462 4348 diuino
1497 4286 1669 4370 mancipati
1710 4287 1786 4350 estis
1821 4285 1990 4372 obsequio,

317 4390 380 4456 sub
404 4391 490 4456 beati
514 4391 600 4455 Petri
623 4400 656 4454 61
677 4398 787 4454 nostra
811 4391 1006 4474 protectione
1028 4391 1233 4476 suscipimus,
1257 4401 1289 4456 et
1312 4393 1468 4476 presentis
1497 4391 1607 4476 scripti
1641 4392 1809 4477 priuilegio
1844 4413 1989 4456 commu·

319 4499 433 4561 nimus.
456 4495 649 4576 Statuentes,
673 4505 708 4559 ut
731 4515 949 4581 quascumque
972 4497 1201 4582 possessiones,
1226 4519 1427 4583 quecumque
1450 4495 1536 4561 bona
1569 4497 1654 4562 idem
1691 4497 1921 4562 monasterium
1956 4497 1990 4560 iu

319 4603 551 4688 presentiarum
575 4603 658 4666 iuste
680 4611 713 4665 et
736 4602 889 4666 canonice
913 4601 1066 4686 possidet,
1088 4610 1144 4666 aut
1161 4603 1194 4666 in
1218 4601 1360 4666 futurum
1383 4603 1592 4668 concessione
1617 4605 1822 4688 pontificum,
1847 4601 1988 4687 largitio·

318 4730 359 4772 ue
383 4729 504 4792 regum,
528 4707 581 4771 vel
603 4708 793 4793 principum,
818 4705 980 4771 oblatione
1003 4707 1153 4789 fidelium,
1178 4731 1234 4773 seu
1263 4707 1335 4771 aliis
1366 4709 1457 4772 iustis
1494 4706 1606 4788 modis,
1644 4717 1813 4792 prestante
1847 4707 1989 4788 domino,

320 4813 437 4897 poterit
459 4810 604 4898 adipisci,
626 4813 719 4876 firma
743 4811 835 4877 vobis
860 4815 1039 4900 vestrisque
1062 4813 1303 4878 successoribus
1327 4824 1359 4878 et
1386 4812 1510 4880 illibata
1544 4823 1761 4899 permaneant.
1802 4815 1833 4878 in
1869 4813 1989 4901 quibus

319 4918 379 4982 hec
403 4919 542 5005 propriis
565 4918 716 4983 duximus
737 4919 950 5006 exprimenda
974 4919 1162 4985 vocabulis:
1184 4919 1410 4985 Possessiones
1434 4943 1546 4984 omnes
1571 4921 1765 4986 monasterii
1798 4921 1900 4984 sancti
1933 4919 1990 4984 Jo-

320 5260 338 5314 b
385 5260 404 5315 k
474 5167 598 5230 ¹Imeua
619 5171 746 5230 Ferra'i
776 5171 917 5248 Rayneria
950 5171 1091 5250 apominju
1118 5191 1148 5228 se
1178 5191 1196 5228 6
1223 5171 1339 5247 Jednom
1371 5189 1566 5232 auvremenom
1594 5177 1685 5250 pismu
1721 5173 1834 5254 Grgnra
1866 5171 1989 5247 biskupa

339 5277 384 5315 ars
406 5275 450 5334 og.
1717 5281 1719 5287 ·
1761 5269 1764 5276 ’
