<?xml version="1.0" encoding="UTF-8"?>
<!DOCTYPE html PUBLIC "-//W3C//DTD XHTML 1.0 Transitional//EN"
    "http://www.w3.org/TR/xhtml1/DTD/xhtml1-transitional.dtd">
<html xmlns="http://www.w3.org/1999/xhtml" xml:lang="en" lang="en">
 <head>
  <title>
</title>
<meta http-equiv="Content-Type" content="text/html;charset=utf-8" />
  <meta name='ocr-system' content='tesseract 3.04.00' />
  <meta name='ocr-capabilities' content='ocr_page ocr_carea ocr_par ocr_line ocrx_word'/>
</head>
<body>
  <div class='ocr_page' id='page_1' title='image "./codexdiplomatic00unkngoog_0404.png"; bbox 0 0 4292 5926; ppageno 0'>
   <div class='ocr_carea' id='block_1_1' title="bbox 343 409 386 474">
    <p class='ocr_par' dir='ltr' id='par_1_1' title="bbox 343 409 386 474">
     <span class='ocr_line' id='line_1_1' title="bbox 343 409 386 474; baseline -0.047 0"><span class='ocrx_word' id='word_1_1' title='bbox 343 409 386 474; x_wconf 88' lang='grc'><strong>68</strong></span> 
     </span>
    </p>
   </div>
   <div class='ocr_carea' id='block_1_2' title="bbox 342 588 2112 893">
    <p class='ocr_par' dir='ltr' id='par_1_2' title="bbox 342 588 2112 893">
     <span class='ocr_line' id='line_1_2' title="bbox 342 588 2112 696; baseline -0.002 -34"><span class='ocrx_word' id='word_1_2' title='bbox 342 588 687 684; x_wconf 68' lang='lat' dir='ltr'><strong>Bogdsnieumuedit,</strong></span> <span class='ocrx_word' id='word_1_3' title='bbox 712 597 830 662; x_wconf 90' lang='lat' dir='ltr'><strong>deinde</strong></span> <span class='ocrx_word' id='word_1_4' title='bbox 853 596 1045 685; x_wconf 77' lang='lat' dir='ltr'><strong>Stephanus,</strong></span> <span class='ocrx_word' id='word_1_5' title='bbox 1070 595 1169 662; x_wconf 84' lang='lat' dir='ltr'><strong>frater</strong></span> <span class='ocrx_word' id='word_1_6' title='bbox 1194 595 1305 684; x_wconf 85' lang='lat' dir='ltr'><strong>inpe,</strong></span> <span class='ocrx_word' id='word_1_7' title='bbox 1331 595 1401 661; x_wconf 91' lang='lat' dir='ltr'><strong>loco</strong></span> <span class='ocrx_word' id='word_1_8' title='bbox 1434 596 1541 660; x_wconf 84' lang='lat' dir='ltr'><strong>fratris</strong></span> <span class='ocrx_word' id='word_1_9' title='bbox 1573 597 1622 660; x_wconf 91' lang='lat' dir='ltr'><strong>sui</strong></span> <span class='ocrx_word' id='word_1_10' title='bbox 1656 598 1745 659; x_wconf 84' lang='lat' dir='ltr'><strong>venit</strong></span> <span class='ocrx_word' id='word_1_11' title='bbox 1774 617 1848 660; x_wconf 88' lang='lat' dir='ltr'><strong>cum</strong></span> <span class='ocrx_word' id='word_1_12' title='bbox 1880 593 2012 660; x_wconf 84' lang='lat' dir='ltr'><strong>Petram</strong></span> <span class='ocrx_word' id='word_1_13' title='bbox 2109 685 2112 696; x_wconf 37' lang='grc' dir='ltr'>Ι</span> 
     </span>
     <span class='ocr_line' id='line_1_3' title="bbox 346 695 2014 789; baseline -0.004 -20"><span class='ocrx_word' id='word_1_14' title='bbox 346 705 472 785; x_wconf 78' lang='lat' dir='ltr'><strong>comite,</strong></span> <span class='ocrx_word' id='word_1_15' title='bbox 497 705 550 788; x_wconf 92' lang='lat' dir='ltr'><strong>qui</strong></span> <span class='ocrx_word' id='word_1_16' title='bbox 576 713 651 767; x_wconf 93' lang='lat' dir='ltr'><strong>tunc</strong></span> <span class='ocrx_word' id='word_1_17' title='bbox 668 704 825 789; x_wconf 88' lang='lat' dir='ltr'><strong>temporis</strong></span> <span class='ocrx_word' id='word_1_18' title='bbox 849 702 909 767; x_wconf 94' lang='lat' dir='ltr'><strong>sub</strong></span> <span class='ocrx_word' id='word_1_19' title='bbox 933 725 1010 787; x_wconf 87' lang='lat' dir='ltr'><strong>rege</strong></span> <span class='ocrx_word' id='word_1_20' title='bbox 1034 695 1190 785; x_wconf 70' lang='lat' dir='ltr'><strong>ungarico</strong></span> <span class='ocrx_word' id='word_1_21' title='bbox 1213 711 1291 782; x_wconf 89' lang='lat' dir='ltr'><strong>erat,</strong></span> <span class='ocrx_word' id='word_1_22' title='bbox 1315 711 1347 765; x_wconf 89' lang='lat' dir='ltr'><strong>et</strong></span> <span class='ocrx_word' id='word_1_23' title='bbox 1370 703 1503 765; x_wconf 81' lang='lat' dir='ltr'><strong>miserat</strong></span> <span class='ocrx_word' id='word_1_24' title='bbox 1523 699 1611 766; x_wconf 87' lang='lat' dir='ltr'><strong>illum</strong></span> <span class='ocrx_word' id='word_1_25' title='bbox 1637 700 1741 765; x_wconf 89' lang='lat' dir='ltr'><strong>banus</strong></span> <span class='ocrx_word' id='word_1_26' title='bbox 1757 722 1830 765; x_wconf 89' lang='lat' dir='ltr'><strong>cum</strong></span> <span class='ocrx_word' id='word_1_27' title='bbox 1849 699 1947 764; x_wconf 77' lang='lat' dir='ltr'><strong>fratre</strong></span> <span class='ocrx_word' id='word_1_28' title='bbox 1962 721 2014 763; x_wconf 87' lang='lat' dir='ltr'><strong>auo</strong></span> 
     </span>
     <span class='ocr_line' id='line_1_4' title="bbox 345 803 2016 893; baseline -0.003 -21"><span class='ocrx_word' id='word_1_29' title='bbox 345 812 377 872; x_wconf 87' lang='lat' dir='ltr'><strong>ir</strong></span> <span class='ocrx_word' id='word_1_30' title='bbox 403 810 472 872; x_wconf 86' lang='lat' dir='ltr'><strong>istis</strong></span> <span class='ocrx_word' id='word_1_31' title='bbox 496 807 651 893; x_wconf 90' lang='lat' dir='ltr'><strong>partibus,</strong></span> <span class='ocrx_word' id='word_1_32' title='bbox 676 819 708 872; x_wconf 89' lang='lat' dir='ltr'><strong>et</strong></span> <span class='ocrx_word' id='word_1_33' title='bbox 730 807 794 872; x_wconf 91' lang='lat' dir='ltr'><strong>alia</strong></span> <span class='ocrx_word' id='word_1_34' title='bbox 817 809 890 872; x_wconf 87' lang='lat' dir='ltr'><strong>vice</strong></span> <span class='ocrx_word' id='word_1_35' title='bbox 912 807 1068 872; x_wconf 89' lang='lat' dir='ltr'><strong>aduersus</strong></span> <span class='ocrx_word' id='word_1_36' title='bbox 1091 829 1149 871; x_wconf 91' lang='lat' dir='ltr'><strong>nos</strong></span> <span class='ocrx_word' id='word_1_37' title='bbox 1173 807 1377 872; x_wconf 83' lang='lat' dir='ltr'><strong>insurexistis</strong></span> <span class='ocrx_word' id='word_1_38' title='bbox 1401 805 1455 885; x_wconf 92' lang='lat' dir='ltr'><strong>ibi,</strong></span> <span class='ocrx_word' id='word_1_39' title='bbox 1478 806 1555 892; x_wconf 87' lang='lat' dir='ltr'><strong>quia</strong></span> <span class='ocrx_word' id='word_1_40' title='bbox 1591 803 1636 888; x_wconf 80' lang='lat'><strong>(?)</strong></span> <span class='ocrx_word' id='word_1_41' title='bbox 1667 813 1777 869; x_wconf 91' lang='lat' dir='ltr'><strong>nostra</strong></span> <span class='ocrx_word' id='word_1_42' title='bbox 1807 807 1930 870; x_wconf 83' lang='lat' dir='ltr'><strong>rati0ne</strong></span> <span class='ocrx_word' id='word_1_43' title='bbox 1951 825 2016 887; x_wconf 89' lang='lat' dir='ltr'><strong>pro·</strong></span> 
     </span>
    </p>
   </div>
   <div class='ocr_carea' id='block_1_3' title="bbox 342 909 2130 1207">
    <p class='ocr_par' dir='ltr' id='par_1_3' title="bbox 342 909 2130 1207">
     <span class='ocr_line' id='line_1_5' title="bbox 343 909 2123 998; baseline -0.002 -22"><span class='ocrx_word' id='word_1_44' title='bbox 343 923 454 998; x_wconf 88' lang='lat' dir='ltr'><strong>specta</strong></span> <span class='ocrx_word' id='word_1_45' title='bbox 471 915 779 998; x_wconf 90' lang='lat' dir='ltr'><strong>premeuominatum</strong></span> <span class='ocrx_word' id='word_1_46' title='bbox 798 911 1018 997; x_wconf 84' lang='lat' dir='ltr'><strong>Bogdanizum</strong></span> <span class='ocrx_word' id='word_1_47' title='bbox 1036 911 1130 976; x_wconf 91' lang='lat' dir='ltr'><strong>nobis</strong></span> <span class='ocrx_word' id='word_1_48' title='bbox 1146 911 1210 976; x_wconf 89' lang='lat' dir='ltr'><strong>alia</strong></span> <span class='ocrx_word' id='word_1_49' title='bbox 1226 914 1297 976; x_wconf 89' lang='lat' dir='ltr'><strong>vice</strong></span> <span class='ocrx_word' id='word_1_50' title='bbox 1313 910 1502 998; x_wconf 87' lang='lat' dir='ltr'><strong>pristoldum</strong></span> <span class='ocrx_word' id='word_1_51' title='bbox 1519 910 1686 992; x_wconf 89' lang='lat' dir='ltr'><strong>dederunt,</strong></span> <span class='ocrx_word' id='word_1_52' title='bbox 1703 919 1736 974; x_wconf 90' lang='lat' dir='ltr'><strong>et</strong></span> <span class='ocrx_word' id='word_1_53' title='bbox 1758 930 1904 993; x_wconf 86' lang='lat' dir='ltr'><strong>granum,</strong></span> <span class='ocrx_word' id='word_1_54' title='bbox 1934 909 2016 994; x_wconf 90' lang='lat' dir='ltr'><strong>quod</strong></span> <span class='ocrx_word' id='word_1_55' title='bbox 2122 951 2123 955; x_wconf 59' lang='lat'><em>=</em></span> 
     </span>
     <span class='ocr_line' id='line_1_6' title="bbox 343 1012 2130 1108; baseline -0.002 -26"><span class='ocrx_word' id='word_1_56' title='bbox 343 1021 375 1082; x_wconf 92' lang='lat' dir='ltr'><strong>in</strong></span> <span class='ocrx_word' id='word_1_57' title='bbox 399 1027 509 1082; x_wconf 88' lang='lat' dir='ltr'><strong>nostra</strong></span> <span class='ocrx_word' id='word_1_58' title='bbox 531 1027 618 1082; x_wconf 89' lang='lat' dir='ltr'><strong>terra</strong></span> <span class='ocrx_word' id='word_1_59' title='bbox 649 1020 936 1089; x_wconf 81' lang='lat' dir='ltr'><strong>inseminaneratis.</strong></span> <span class='ocrx_word' id='word_1_60' title='bbox 969 1017 1062 1082; x_wconf 86' lang='lat' dir='ltr'><strong>vobis</strong></span> <span class='ocrx_word' id='word_1_61' title='bbox 1089 1015 1243 1096; x_wconf 85' lang='lat' dir='ltr'><strong>ahstullit,</strong></span> <span class='ocrx_word' id='word_1_62' title='bbox 1278 1039 1316 1081; x_wconf 91' lang='lat' dir='ltr'><strong>ac</strong></span> <span class='ocrx_word' id='word_1_63' title='bbox 1348 1025 1470 1102; x_wconf 89' lang='lat' dir='ltr'><strong>partem</strong></span> <span class='ocrx_word' id='word_1_64' title='bbox 1502 1036 1593 1080; x_wconf 89' lang='lat' dir='ltr'><strong>suam</strong></span> <span class='ocrx_word' id='word_1_65' title='bbox 1621 1035 1715 1099; x_wconf 90' lang='lat' dir='ltr'><strong>quarn</strong></span> <span class='ocrx_word' id='word_1_66' title='bbox 1746 1012 1793 1077; x_wconf 91' lang='lat' dir='ltr'><strong>illi</strong></span> <span class='ocrx_word' id='word_1_67' title='bbox 1828 1013 2013 1078; x_wconf 86' lang='lat' dir='ltr'><strong>subiacebst</strong></span> <span class='ocrx_word' id='word_1_68' title='bbox 2129 1103 2130 1108; x_wconf 8' lang='grc' dir='ltr'>γ</span> 
     </span>
     <span class='ocr_line' id='line_1_7' title="bbox 342 1117 2129 1207; baseline -0.003 -19"><span class='ocrx_word' id='word_1_69' title='bbox 342 1123 436 1188; x_wconf 87' lang='lat' dir='ltr'><strong>nobis</strong></span> <span class='ocrx_word' id='word_1_70' title='bbox 461 1145 558 1188; x_wconf 89' lang='lat' dir='ltr'><strong>causa</strong></span> <span class='ocrx_word' id='word_1_71' title='bbox 582 1123 749 1188; x_wconf 93' lang='lat' dir='ltr'><strong>elimosine</strong></span> <span class='ocrx_word' id='word_1_72' title='bbox 773 1125 942 1188; x_wconf 76' lang='lat' dir='ltr'><strong>concessit.</strong></span> <span class='ocrx_word' id='word_1_73' title='bbox 966 1122 1038 1188; x_wconf 88' lang='lat' dir='ltr'><strong>Hoc</strong></span> <span class='ocrx_word' id='word_1_74' title='bbox 1061 1125 1161 1207; x_wconf 85' lang='lat' dir='ltr'><strong>igitur</strong></span> <span class='ocrx_word' id='word_1_75' title='bbox 1184 1145 1242 1186; x_wconf 89' lang='lat' dir='ltr'><strong>nos</strong></span> <span class='ocrx_word' id='word_1_76' title='bbox 1266 1121 1443 1200; x_wconf 78' lang='lat' dir='ltr'><strong>audientes,</strong></span> <span class='ocrx_word' id='word_1_77' title='bbox 1468 1144 1506 1186; x_wconf 88' lang='lat' dir='ltr'><strong>en</strong></span> <span class='ocrx_word' id='word_1_78' title='bbox 1529 1142 1593 1207; x_wconf 89' lang='lat' dir='ltr'><strong>que</strong></span> <span class='ocrx_word' id='word_1_79' title='bbox 1615 1120 1858 1206; x_wconf 77' lang='lat' dir='ltr'><strong>prenominatus</strong></span> <span class='ocrx_word' id='word_1_80' title='bbox 1881 1117 2012 1205; x_wconf 85' lang='lat' dir='ltr'><strong>Stepbs·</strong></span> <span class='ocrx_word' id='word_1_81' title='bbox 2125 1180 2129 1198; x_wconf 85' lang='grc'>,</span> 
     </span>
    </p>
   </div>
   <div class='ocr_carea' id='block_1_4' title="bbox 341 1223 2012 1311">
    <p class='ocr_par' dir='ltr' id='par_1_4' title="bbox 341 1223 2012 1311">
     <span class='ocr_line' id='line_1_8' title="bbox 341 1223 2012 1311; baseline -0.002 -19"><span class='ocrx_word' id='word_1_82' title='bbox 341 1251 411 1311; x_wconf 89' lang='lat' dir='ltr'><strong>nus,</strong></span> <span class='ocrx_word' id='word_1_83' title='bbox 435 1229 536 1293; x_wconf 84' lang='lat' dir='ltr'><strong>frater</strong></span> <span class='ocrx_word' id='word_1_84' title='bbox 559 1228 644 1309; x_wconf 92' lang='lat' dir='ltr'><strong>bani,</strong></span> <span class='ocrx_word' id='word_1_85' title='bbox 668 1251 739 1295; x_wconf 89' lang='lat' dir='ltr'><strong>cum</strong></span> <span class='ocrx_word' id='word_1_86' title='bbox 767 1229 905 1293; x_wconf 88' lang='lat' dir='ltr'><strong>Petrana</strong></span> <span class='ocrx_word' id='word_1_87' title='bbox 929 1231 1046 1293; x_wconf 87' lang='lat' dir='ltr'><strong>comite</strong></span> <span class='ocrx_word' id='word_1_88' title='bbox 1069 1227 1301 1309; x_wconf 88' lang='lat' dir='ltr'><strong>iudicauerant,</strong></span> <span class='ocrx_word' id='word_1_89' title='bbox 1330 1250 1389 1291; x_wconf 90' lang='lat' dir='ltr'><strong>nos</strong></span> <span class='ocrx_word' id='word_1_90' title='bbox 1423 1227 1686 1291; x_wconf 89' lang='lat' dir='ltr'><strong>confirmauimus</strong></span> <span class='ocrx_word' id='word_1_91' title='bbox 1720 1235 1818 1310; x_wconf 83' lang='lat' dir='ltr'><strong>atque</strong></span> <span class='ocrx_word' id='word_1_92' title='bbox 1852 1223 2012 1290; x_wconf 86' lang='lat' dir='ltr'><strong>abbatissa</strong></span> 
     </span>
    </p>
   </div>
   <div class='ocr_carea' id='block_1_5' title="bbox 340 1327 2131 1526">
    <p class='ocr_par' dir='ltr' id='par_1_5' title="bbox 340 1327 2131 1526">
     <span class='ocr_line' id='line_1_9' title="bbox 341 1327 2130 1419; baseline -0.004 -21"><span class='ocrx_word' id='word_1_93' title='bbox 341 1357 414 1399; x_wconf 88' lang='lat' dir='ltr'><strong>cum</strong></span> <span class='ocrx_word' id='word_1_94' title='bbox 437 1333 563 1399; x_wconf 86' lang='lat' dir='ltr'><strong>duabus</strong></span> <span class='ocrx_word' id='word_1_95' title='bbox 588 1336 708 1399; x_wconf 89' lang='lat' dir='ltr'><strong>sanctis</strong></span> <span class='ocrx_word' id='word_1_96' title='bbox 732 1333 926 1398; x_wconf 85' lang='lat' dir='ltr'><strong>monialibus</strong></span> <span class='ocrx_word' id='word_1_97' title='bbox 950 1356 1047 1419; x_wconf 90' lang='lat' dir='ltr'><strong>super</strong></span> <span class='ocrx_word' id='word_1_98' title='bbox 1070 1355 1196 1397; x_wconf 89' lang='lat' dir='ltr'><strong>sacrum</strong></span> <span class='ocrx_word' id='word_1_99' title='bbox 1223 1333 1427 1417; x_wconf 88' lang='lat' dir='ltr'><strong>euangelium</strong></span> <span class='ocrx_word' id='word_1_100' title='bbox 1451 1330 1644 1396; x_wconf 85' lang='lat' dir='ltr'><strong>confirmare</strong></span> <span class='ocrx_word' id='word_1_101' title='bbox 1674 1329 1887 1410; x_wconf 85' lang='lat' dir='ltr'><strong>decreuimus,</strong></span> <span class='ocrx_word' id='word_1_102' title='bbox 1918 1337 2013 1413; x_wconf 86' lang='lat' dir='ltr'><strong>atquc</strong></span> <span class='ocrx_word' id='word_1_103' title='bbox 2129 1327 2130 1330; x_wconf 65' lang='grc'>’</span> 
     </span>
     <span class='ocr_line' id='line_1_10' title="bbox 340 1433 2131 1526; baseline -0.001 -22"><span class='ocrx_word' id='word_1_104' title='bbox 340 1439 479 1523; x_wconf 87' lang='lat' dir='ltr'><strong>Mirgam</strong></span> <span class='ocrx_word' id='word_1_105' title='bbox 505 1439 812 1526; x_wconf 78' lang='lat' dir='ltr'><strong>archipresbiterum</strong></span> <span class='ocrx_word' id='word_1_106' title='bbox 836 1441 865 1504; x_wconf 92' lang='lat' dir='ltr'><strong>ei</strong></span> <span class='ocrx_word' id='word_1_107' title='bbox 889 1437 1080 1524; x_wconf 89' lang='lat' dir='ltr'><strong>pristoldum</strong></span> <span class='ocrx_word' id='word_1_108' title='bbox 1107 1442 1335 1518; x_wconf 81' lang='lat' dir='ltr'><strong>concessimus,</strong></span> <span class='ocrx_word' id='word_1_109' title='bbox 1360 1435 1447 1523; x_wconf 92' lang='lat' dir='ltr'><strong>quod</strong></span> <span class='ocrx_word' id='word_1_110' title='bbox 1470 1449 1503 1500; x_wconf 89' lang='lat' dir='ltr'><strong>et</strong></span> <span class='ocrx_word' id='word_1_111' title='bbox 1524 1436 1643 1500; x_wconf 84' lang='lat' dir='ltr'><strong>factum</strong></span> <span class='ocrx_word' id='word_1_112' title='bbox 1676 1451 1726 1500; x_wconf 88' lang='lat' dir='ltr'><strong>cat</strong></span> <span class='ocrx_word' id='word_1_113' title='bbox 1754 1457 1863 1500; x_wconf 88' lang='lat' dir='ltr'><strong>coram</strong></span> <span class='ocrx_word' id='word_1_114' title='bbox 1894 1433 1946 1498; x_wconf 89' lang='lat' dir='ltr'><strong>bis</strong></span> <span class='ocrx_word' id='word_1_115' title='bbox 1977 1443 2018 1496; x_wconf 89' lang='lat' dir='ltr'><strong>ta·</strong></span> <span class='ocrx_word' id='word_1_116' title='bbox 2126 1474 2131 1502; x_wconf 66' lang='lat' dir='ltr'><strong>r</strong></span> 
     </span>
    </p>
   </div>
   <div class='ocr_carea' id='block_1_6' title="bbox 342 1538 2022 2346">
    <p class='ocr_par' dir='ltr' id='par_1_6' title="bbox 342 1538 2022 2346">
     <span class='ocr_line' id='line_1_11' title="bbox 343 1538 2013 1629; baseline -0.004 -21"><span class='ocrx_word' id='word_1_117' title='bbox 343 1542 466 1608; x_wconf 87' lang='lat' dir='ltr'><strong>stibus:</strong></span> <span class='ocrx_word' id='word_1_118' title='bbox 490 1544 697 1610; x_wconf 86' lang='lat' dir='ltr'><strong>Prestancius</strong></span> <span class='ocrx_word' id='word_1_119' title='bbox 729 1543 881 1622; x_wconf 87' lang='lat' dir='ltr'><strong>Sauidde,</strong></span> <span class='ocrx_word' id='word_1_120' title='bbox 915 1543 1072 1624; x_wconf 88' lang='lat' dir='ltr'><strong>plebanus</strong></span> <span class='ocrx_word' id='word_1_121' title='bbox 1104 1544 1206 1608; x_wconf 89' lang='lat' dir='ltr'><strong>sancti</strong></span> <span class='ocrx_word' id='word_1_122' title='bbox 1241 1541 1406 1629; x_wconf 87' lang='lat' dir='ltr'><strong>Stephani,</strong></span> <span class='ocrx_word' id='word_1_123' title='bbox 1441 1541 1578 1606; x_wconf 81' lang='lat' dir='ltr'><strong>Petraea</strong></span> <span class='ocrx_word' id='word_1_124' title='bbox 1613 1540 1778 1621; x_wconf 87' lang='lat' dir='ltr'><strong>diaconus,</strong></span> <span class='ocrx_word' id='word_1_125' title='bbox 1817 1538 2013 1624; x_wconf 76' lang='lat' dir='ltr'><strong>crisogonus</strong></span> 
     </span>
     <span class='ocr_line' id='line_1_12' title="bbox 346 1643 2015 1734; baseline -0.004 -21"><span class='ocrx_word' id='word_1_126' title='bbox 346 1650 456 1731; x_wconf 87' lang='lat' dir='ltr'><strong>iudex,</strong></span> <span class='ocrx_word' id='word_1_127' title='bbox 481 1650 609 1714; x_wconf 88' lang='lat' dir='ltr'><strong>Prunna</strong></span> <span class='ocrx_word' id='word_1_128' title='bbox 633 1647 830 1730; x_wconf 79' lang='lat' dir='ltr'><strong>Comeraari,</strong></span> <span class='ocrx_word' id='word_1_129' title='bbox 858 1647 1036 1714; x_wconf 76' lang='lat' dir='ltr'><strong>Mancellus</strong></span> <span class='ocrx_word' id='word_1_130' title='bbox 1060 1647 1176 1712; x_wconf 85' lang='lat' dir='ltr'><strong>Jacobi</strong></span> <span class='ocrx_word' id='word_1_131' title='bbox 1199 1648 1292 1728; x_wconf 85' lang='lat' dir='ltr'><strong>Fere,</strong></span> <span class='ocrx_word' id='word_1_132' title='bbox 1331 1647 1445 1712; x_wconf 89' lang='lat' dir='ltr'><strong>Petrus</strong></span> <span class='ocrx_word' id='word_1_133' title='bbox 1480 1670 1582 1734; x_wconf 91' lang='lat' dir='ltr'><strong>nepos</strong></span> <span class='ocrx_word' id='word_1_134' title='bbox 1618 1645 1792 1727; x_wconf 87' lang='lat' dir='ltr'><strong>Bratulini;</strong></span> <span class='ocrx_word' id='word_1_135' title='bbox 1827 1667 1870 1709; x_wconf 84' lang='lat' dir='ltr'><strong>ex</strong></span> <span class='ocrx_word' id='word_1_136' title='bbox 1892 1643 2015 1710; x_wconf 89' lang='lat' dir='ltr'><strong>Sclauis</strong></span> 
     </span>
     <span class='ocr_line' id='line_1_13' title="bbox 344 1749 2013 1842; baseline -0.003 -24"><span class='ocrx_word' id='word_1_137' title='bbox 344 1755 574 1842; x_wconf 88' lang='lat' dir='ltr'><strong>interfuerunt:</strong></span> <span class='ocrx_word' id='word_1_138' title='bbox 588 1754 699 1836; x_wconf 84' lang='lat' dir='ltr'><strong>Tolen,</strong></span> <span class='ocrx_word' id='word_1_139' title='bbox 716 1755 815 1820; x_wconf 85' lang='lat' dir='ltr'><strong>iudex</strong></span> <span class='ocrx_word' id='word_1_140' title='bbox 830 1755 915 1835; x_wconf 89' lang='lat' dir='ltr'><strong>Tini,</strong></span> <span class='ocrx_word' id='word_1_141' title='bbox 932 1754 1089 1836; x_wconf 89' lang='lat' dir='ltr'><strong>Zirnotta,</strong></span> <span class='ocrx_word' id='word_1_142' title='bbox 1110 1753 1219 1820; x_wconf 83' lang='lat' dir='ltr'><strong>Pribiz</strong></span> <span class='ocrx_word' id='word_1_143' title='bbox 1235 1753 1380 1832; x_wconf 89' lang='lat' dir='ltr'><strong>Zudone,</strong></span> <span class='ocrx_word' id='word_1_144' title='bbox 1398 1753 1527 1838; x_wconf 86' lang='lat' dir='ltr'><strong>Dragos</strong></span> <span class='ocrx_word' id='word_1_145' title='bbox 1544 1750 1678 1833; x_wconf 87' lang='lat' dir='ltr'><strong>Sitnicb,</strong></span> <span class='ocrx_word' id='word_1_146' title='bbox 1697 1751 1852 1831; x_wconf 90' lang='lat' dir='ltr'><strong>Desinna,</strong></span> <span class='ocrx_word' id='word_1_147' title='bbox 1869 1749 2013 1836; x_wconf 85' lang='lat' dir='ltr'><strong>Bogdan,</strong></span> 
     </span>
     <span class='ocr_line' id='line_1_14' title="bbox 343 1853 2017 1946; baseline -0.003 -22"><span class='ocrx_word' id='word_1_148' title='bbox 343 1859 444 1925; x_wconf 81' lang='lat' dir='ltr'><strong>irater</strong></span> <span class='ocrx_word' id='word_1_149' title='bbox 468 1862 536 1926; x_wconf 92' lang='lat' dir='ltr'><strong>eius</strong></span> <span class='ocrx_word' id='word_1_150' title='bbox 560 1860 754 1941; x_wconf 85' lang='lat' dir='ltr'><strong>Radomiric,</strong></span> <span class='ocrx_word' id='word_1_151' title='bbox 779 1860 887 1926; x_wconf 88' lang='lat' dir='ltr'><strong>Desco</strong></span> <span class='ocrx_word' id='word_1_152' title='bbox 910 1859 1090 1938; x_wconf 80' lang='lat' dir='ltr'><strong>Dobronia,</strong></span> <span class='ocrx_word' id='word_1_153' title='bbox 1115 1859 1236 1925; x_wconf 85' lang='lat' dir='ltr'><strong>Viecha</strong></span> <span class='ocrx_word' id='word_1_154' title='bbox 1260 1859 1387 1946; x_wconf 88' lang='lat' dir='ltr'><strong>potsub,</strong></span> <span class='ocrx_word' id='word_1_155' title='bbox 1411 1857 1553 1944; x_wconf 86' lang='lat' dir='ltr'><strong>Dragos,</strong></span> <span class='ocrx_word' id='word_1_156' title='bbox 1579 1856 1724 1942; x_wconf 86' lang='lat' dir='ltr'><strong>Bogdan,</strong></span> <span class='ocrx_word' id='word_1_157' title='bbox 1747 1856 1933 1942; x_wconf 83' lang='lat' dir='ltr'><strong>Dragomir,</strong></span> <span class='ocrx_word' id='word_1_158' title='bbox 1956 1853 2017 1920; x_wconf 90' lang='lat' dir='ltr'><strong>De·</strong></span> 
     </span>
     <span class='ocr_line' id='line_1_15' title="bbox 344 1959 2020 2051; baseline -0.004 -21"><span class='ocrx_word' id='word_1_159' title='bbox 344 1969 443 2047; x_wconf 90' lang='lat' dir='ltr'><strong>simir,</strong></span> <span class='ocrx_word' id='word_1_160' title='bbox 464 1965 603 2030; x_wconf 89' lang='lat' dir='ltr'><strong>Striessa</strong></span> <span class='ocrx_word' id='word_1_161' title='bbox 626 1977 658 2030; x_wconf 93' lang='lat' dir='ltr'><strong>et</strong></span> <span class='ocrx_word' id='word_1_162' title='bbox 681 1966 781 2030; x_wconf 85' lang='lat' dir='ltr'><strong>frater</strong></span> <span class='ocrx_word' id='word_1_163' title='bbox 804 1968 873 2030; x_wconf 89' lang='lat' dir='ltr'><strong>eius</strong></span> <span class='ocrx_word' id='word_1_164' title='bbox 904 1965 1034 2051; x_wconf 87' lang='lat' dir='ltr'><strong>Dragos</strong></span> <span class='ocrx_word' id='word_1_165' title='bbox 1066 1973 1098 2030; x_wconf 89' lang='lat' dir='ltr'><strong>et</strong></span> <span class='ocrx_word' id='word_1_166' title='bbox 1128 1964 1237 2045; x_wconf 83' lang='lat' dir='ltr'><strong>Milan,</strong></span> <span class='ocrx_word' id='word_1_167' title='bbox 1271 1965 1371 2030; x_wconf 86' lang='lat' dir='ltr'><strong>frater</strong></span> <span class='ocrx_word' id='word_1_168' title='bbox 1402 1967 1471 2030; x_wconf 87' lang='lat' dir='ltr'><strong>eius</strong></span> <span class='ocrx_word' id='word_1_169' title='bbox 1506 1963 1625 2044; x_wconf 88' lang='lat' dir='ltr'><strong>Desan,</strong></span> <span class='ocrx_word' id='word_1_170' title='bbox 1660 1975 1758 2050; x_wconf 90' lang='lat' dir='ltr'><strong>atque</strong></span> <span class='ocrx_word' id='word_1_171' title='bbox 1783 1960 1904 2027; x_wconf 78' lang='lat' dir='ltr'><strong>Chalae</strong></span> <span class='ocrx_word' id='word_1_172' title='bbox 1938 1959 2020 2024; x_wconf 89' lang='lat' dir='ltr'><strong>filius</strong></span> 
     </span>
     <span class='ocr_line' id='line_1_16' title="bbox 342 2067 2022 2156; baseline -0.003 -22"><span class='ocrx_word' id='word_1_173' title='bbox 342 2071 461 2148; x_wconf 83' lang='lat' dir='ltr'><strong>Beriai,</strong></span> <span class='ocrx_word' id='word_1_174' title='bbox 485 2081 517 2134; x_wconf 90' lang='lat' dir='ltr'><strong>et</strong></span> <span class='ocrx_word' id='word_1_175' title='bbox 540 2093 600 2155; x_wconf 88' lang='lat' dir='ltr'><strong>ego</strong></span> <span class='ocrx_word' id='word_1_176' title='bbox 622 2070 789 2135; x_wconf 70' lang='lat' dir='ltr'><strong>iohannes</strong></span> <span class='ocrx_word' id='word_1_177' title='bbox 813 2069 992 2136; x_wconf 89' lang='lat' dir='ltr'><strong>iadertinns</strong></span> <span class='ocrx_word' id='word_1_178' title='bbox 1018 2072 1160 2135; x_wconf 86' lang='lat' dir='ltr'><strong>notarius</strong></span> <span class='ocrx_word' id='word_1_179' title='bbox 1186 2069 1306 2134; x_wconf 86' lang='lat' dir='ltr'><strong>ibidem</strong></span> <span class='ocrx_word' id='word_1_180' title='bbox 1329 2069 1473 2135; x_wconf 90' lang='lat' dir='ltr'><strong>cumbis</strong></span> <span class='ocrx_word' id='word_1_181' title='bbox 1498 2069 1726 2156; x_wconf 84' lang='lat' dir='ltr'><strong>suprascriptis</strong></span> <span class='ocrx_word' id='word_1_182' title='bbox 1759 2068 1895 2132; x_wconf 84' lang='lat' dir='ltr'><strong>testibus</strong></span> <span class='ocrx_word' id='word_1_183' title='bbox 1925 2067 2022 2130; x_wconf 85' lang='lat' dir='ltr'><strong>inter·</strong></span> 
     </span>
     <span class='ocr_line' id='line_1_17' title="bbox 345 2173 2020 2264; baseline -0.003 -25"><span class='ocrx_word' id='word_1_184' title='bbox 345 2175 401 2258; x_wconf 87' lang='lat' dir='ltr'><strong>fui,</strong></span> <span class='ocrx_word' id='word_1_185' title='bbox 426 2187 458 2240; x_wconf 90' lang='lat' dir='ltr'><strong>et</strong></span> <span class='ocrx_word' id='word_1_186' title='bbox 480 2199 523 2246; x_wconf 78' lang='lat' dir='ltr'><strong>ex</strong></span> <span class='ocrx_word' id='word_1_187' title='bbox 546 2186 696 2262; x_wconf 88' lang='lat' dir='ltr'><strong>precepto</strong></span> <span class='ocrx_word' id='word_1_188' title='bbox 720 2175 806 2240; x_wconf 90' lang='lat' dir='ltr'><strong>Petri</strong></span> <span class='ocrx_word' id='word_1_189' title='bbox 827 2175 998 2242; x_wconf 84' lang='lat' dir='ltr'><strong>salonitani</strong></span> <span class='ocrx_word' id='word_1_190' title='bbox 1034 2175 1270 2262; x_wconf 87' lang='lat' dir='ltr'><strong>archiepiscopi</strong></span> <span class='ocrx_word' id='word_1_191' title='bbox 1305 2187 1338 2240; x_wconf 90' lang='lat' dir='ltr'><strong>et</strong></span> <span class='ocrx_word' id='word_1_192' title='bbox 1370 2175 1548 2264; x_wconf 85' lang='lat' dir='ltr'><strong>apostolica</strong></span> <span class='ocrx_word' id='word_1_193' title='bbox 1583 2174 1670 2240; x_wconf 90' lang='lat' dir='ltr'><strong>sadis</strong></span> <span class='ocrx_word' id='word_1_194' title='bbox 1704 2173 1805 2259; x_wconf 85' lang='lat' dir='ltr'><strong>legati</strong></span> <span class='ocrx_word' id='word_1_195' title='bbox 1839 2173 1956 2258; x_wconf 84' lang='lat' dir='ltr'><strong>scripsi</strong></span> <span class='ocrx_word' id='word_1_196' title='bbox 1990 2179 2020 2234; x_wconf 88' lang='lat' dir='ltr'><strong>et</strong></span> 
     </span>
     <span class='ocr_line' id='line_1_18' title="bbox 344 2280 506 2346; baseline 0.012 -2"><span class='ocrx_word' id='word_1_197' title='bbox 344 2280 506 2346; x_wconf 91' lang='lat' dir='ltr'><strong>rohoraui.</strong></span> 
     </span>
    </p>
   </div>
   <div class='ocr_carea' id='block_1_7' title="bbox 451 2479 1048 2552">
    <p class='ocr_par' dir='ltr' id='par_1_7' title="bbox 451 2479 1048 2552">
     <span class='ocr_line' id='line_1_19' title="bbox 451 2479 1048 2552; baseline 0 -18"><span class='ocrx_word' id='word_1_198' title='bbox 451 2479 642 2537; x_wconf 88' lang='lat' dir='ltr'><strong>Policborion.</strong></span> <span class='ocrx_word' id='word_1_199' title='bbox 667 2479 694 2536; x_wconf 93' lang='lat' dir='ltr'><strong>U</strong></span> <span class='ocrx_word' id='word_1_200' title='bbox 717 2479 817 2536; x_wconf 83' lang='lat' dir='ltr'><strong>arkiru</strong></span> <span class='ocrx_word' id='word_1_201' title='bbox 839 2479 908 2552; x_wconf 85' lang='lat' dir='ltr'><strong>gub.</strong></span> <span class='ocrx_word' id='word_1_202' title='bbox 931 2481 995 2538; x_wconf 87' lang='lat' dir='ltr'><strong>aad.</strong></span> <span class='ocrx_word' id='word_1_203' title='bbox 1041 2532 1048 2546; x_wconf 77' lang='grc'><em>,</em></span> 
     </span>
    </p>
   </div>
   <div class='ocr_carea' id='block_1_8' title="bbox 618 2771 1760 3031">
    <p class='ocr_par' dir='ltr' id='par_1_8' title="bbox 618 2771 1760 3031">
     <span class='ocr_line' id='line_1_20' title="bbox 780 2771 1595 2874; baseline 0 -20"><span class='ocrx_word' id='word_1_204' title='bbox 780 2771 891 2854; x_wconf 69' lang='lat' dir='ltr'><strong>XCI.</strong></span> <span class='ocrx_word' id='word_1_205' title='bbox 918 2773 1032 2856; x_wconf 82' lang='grc'><strong>1166.</strong></span> <span class='ocrx_word' id='word_1_206' title='bbox 1057 2773 1121 2856; x_wconf 81' lang='lat'><strong>28.</strong></span> <span class='ocrx_word' id='word_1_207' title='bbox 1148 2772 1303 2874; x_wconf 76' lang='lat' dir='ltr'><strong>ltanu.</strong></span> <span class='ocrx_word' id='word_1_208' title='bbox 1332 2771 1370 2858; x_wconf 85' lang='lat' dir='ltr'><strong>tt</strong></span> <span class='ocrx_word' id='word_1_209' title='bbox 1398 2773 1595 2858; x_wconf 81' lang='lat' dir='ltr'><strong>Mlctolh.</strong></span> 
     </span>
     <span class='ocr_line' id='line_1_21' title="bbox 618 2947 1760 3031; baseline 0.007 -24"><span class='ocrx_word' id='word_1_210' title='bbox 618 2948 725 3008; x_wconf 70' lang='lat' dir='ltr'><strong>rarus</strong></span> <span class='ocrx_word' id='word_1_211' title='bbox 748 2947 889 3026; x_wconf 66' lang='lat' dir='ltr'><strong>Meter,</strong></span> <span class='ocrx_word' id='word_1_212' title='bbox 914 2949 993 3010; x_wconf 73' lang='lat' dir='ltr'><strong>aare</strong></span> <span class='ocrx_word' id='word_1_213' title='bbox 1012 2951 1158 3031; x_wconf 65' lang='lat' dir='ltr'><strong>aaran,</strong></span> <span class='ocrx_word' id='word_1_214' title='bbox 1177 2951 1341 3025; x_wconf 64' lang='lat' dir='ltr'><strong>porsenna</strong></span> <span class='ocrx_word' id='word_1_215' title='bbox 1360 2951 1521 3025; x_wconf 63' lang='lat' dir='ltr'><strong>swuster</strong></span> <span class='ocrx_word' id='word_1_216' title='bbox 1539 2952 1639 3027; x_wconf 58' lang='lat' dir='ltr'><strong>prauo</strong></span> <span class='ocrx_word' id='word_1_217' title='bbox 1661 2951 1760 3015; x_wconf 72' lang='lat' dir='ltr'><strong>arou:</strong></span> 
     </span>
    </p>
   </div>
   <div class='ocr_carea' id='block_1_9' title="bbox 348 3133 2020 3331">
    <p class='ocr_par' dir='ltr' id='par_1_9' title="bbox 348 3133 2020 3331">
     <span class='ocr_line' id='line_1_22' title="bbox 453 3133 2020 3224; baseline 0.001 -26"><span class='ocrx_word' id='word_1_218' title='bbox 453 3158 456 3172; x_wconf 73' lang='lat'><em>¹</em></span> <span class='ocrx_word' id='word_1_219' title='bbox 504 3133 777 3222; x_wconf 79' lang='lat' dir='ltr'><strong>Quotiescumque</strong></span> <span class='ocrx_word' id='word_1_220' title='bbox 801 3158 910 3202; x_wconf 90' lang='lat' dir='ltr'><strong>earum</strong></span> <span class='ocrx_word' id='word_1_221' title='bbox 935 3159 1041 3202; x_wconf 88' lang='lat' dir='ltr'><strong>rerum</strong></span> <span class='ocrx_word' id='word_1_222' title='bbox 1067 3141 1197 3224; x_wconf 86' lang='lat' dir='ltr'><strong>negotia</strong></span> <span class='ocrx_word' id='word_1_223' title='bbox 1221 3149 1386 3223; x_wconf 85' lang='lat' dir='ltr'><strong>geruntur,</strong></span> <span class='ocrx_word' id='word_1_224' title='bbox 1411 3161 1547 3224; x_wconf 87' lang='lat' dir='ltr'><strong>quarum</strong></span> <span class='ocrx_word' id='word_1_225' title='bbox 1572 3139 1728 3204; x_wconf 87' lang='lat' dir='ltr'><strong>memoria</strong></span> <span class='ocrx_word' id='word_1_226' title='bbox 1751 3139 1935 3212; x_wconf 84' lang='lat' dir='ltr'><strong>necessario</strong></span> <span class='ocrx_word' id='word_1_227' title='bbox 1968 3159 2020 3223; x_wconf 77' lang='lat' dir='ltr'><strong>pc</strong></span> 
     </span>
     <span class='ocr_line' id='line_1_23' title="bbox 348 3241 2020 3331; baseline 0.001 -25"><span class='ocrx_word' id='word_1_228' title='bbox 348 3241 484 3306; x_wconf 86' lang='lat' dir='ltr'><strong>steritati</strong></span> <span class='ocrx_word' id='word_1_229' title='bbox 508 3242 744 3322; x_wconf 86' lang='lat' dir='ltr'><strong>transmittitur,</strong></span> <span class='ocrx_word' id='word_1_230' title='bbox 770 3241 900 3306; x_wconf 85' lang='lat' dir='ltr'><strong>vinculo</strong></span> <span class='ocrx_word' id='word_1_231' title='bbox 925 3243 1082 3326; x_wconf 87' lang='lat' dir='ltr'><strong>scripture</strong></span> <span class='ocrx_word' id='word_1_232' title='bbox 1105 3245 1255 3309; x_wconf 89' lang='lat' dir='ltr'><strong>innodari</strong></span> <span class='ocrx_word' id='word_1_233' title='bbox 1277 3254 1413 3331; x_wconf 90' lang='lat' dir='ltr'><strong>oportet,</strong></span> <span class='ocrx_word' id='word_1_234' title='bbox 1444 3267 1495 3308; x_wconf 63' lang='lat' dir='ltr'><strong>ne*</strong></span> <span class='ocrx_word' id='word_1_235' title='bbox 1518 3267 1670 3330; x_wconf 87' lang='lat' dir='ltr'><strong>processu</strong></span> <span class='ocrx_word' id='word_1_236' title='bbox 1702 3245 1857 3330; x_wconf 87' lang='lat' dir='ltr'><strong>temporis</strong></span> <span class='ocrx_word' id='word_1_237' title='bbox 1880 3242 1922 3308; x_wconf 88' lang='lat' dir='ltr'><strong>ah</strong></span> <span class='ocrx_word' id='word_1_238' title='bbox 1959 3265 2020 3307; x_wconf 85' lang='lat' dir='ltr'><strong>usu</strong></span> 
     </span>
    </p>
   </div>
   <div class='ocr_carea' id='block_1_10' title="bbox 344 3343 2136 3540">
    <p class='ocr_par' dir='ltr' id='par_1_10' title="bbox 344 3337 2136 3540">
     <span class='ocr_line' id='line_1_24' title="bbox 348 3343 2136 3437; baseline 0.002 -29"><span class='ocrx_word' id='word_1_239' title='bbox 348 3347 501 3408; x_wconf 89' lang='lat' dir='ltr'><strong>memorie</strong></span> <span class='ocrx_word' id='word_1_240' title='bbox 526 3347 702 3431; x_wconf 89' lang='lat' dir='ltr'><strong>antiquata,</strong></span> <span class='ocrx_word' id='word_1_241' title='bbox 728 3343 859 3431; x_wconf 89' lang='lat' dir='ltr'><strong>aliquod</strong></span> <span class='ocrx_word' id='word_1_242' title='bbox 883 3347 915 3410; x_wconf 89' lang='lat' dir='ltr'><strong>in</strong></span> <span class='ocrx_word' id='word_1_243' title='bbox 939 3345 1073 3412; x_wconf 90' lang='lat' dir='ltr'><strong>dubium</strong></span> <span class='ocrx_word' id='word_1_244' title='bbox 1097 3348 1245 3414; x_wconf 86' lang='lat' dir='ltr'><strong>rediuiua</strong></span> <span class='ocrx_word' id='word_1_245' title='bbox 1270 3353 1465 3437; x_wconf 89' lang='lat' dir='ltr'><strong>contemptio</strong></span> <span class='ocrx_word' id='word_1_246' title='bbox 1488 3365 1620 3414; x_wconf 88' lang='lat' dir='ltr'><strong>reuocet</strong></span> <span class='ocrx_word' id='word_1_247' title='bbox 1654 3358 1686 3413; x_wconf 89' lang='lat' dir='ltr'><strong>et</strong></span> <span class='ocrx_word' id='word_1_248' title='bbox 1720 3350 1833 3435; x_wconf 84' lang='lat' dir='ltr'><strong>gignat</strong></span> <span class='ocrx_word' id='word_1_249' title='bbox 1866 3370 1912 3418; x_wconf 72' lang='lat' dir='ltr'><strong>es</strong></span> <span class='ocrx_word' id='word_1_250' title='bbox 1944 3369 2024 3434; x_wconf 85' lang='lat' dir='ltr'><strong>pace</strong></span> <span class='ocrx_word' id='word_1_251' title='bbox 2134 3423 2136 3436; x_wconf 39' lang='grc' dir='ltr'>Ι</span> 
     </span>
     <span class='ocr_line' id='line_1_25' title="bbox 344 3449 2021 3540; baseline 0.003 -27"><span class='ocrx_word' id='word_1_252' title='bbox 344 3450 492 3534; x_wconf 87' lang='lat' dir='ltr'><strong>litigium.</strong></span> <span class='ocrx_word' id='word_1_253' title='bbox 520 3449 726 3536; x_wconf 79' lang='lat' dir='ltr'><strong>Quapropter</strong></span> <span class='ocrx_word' id='word_1_254' title='bbox 749 3472 808 3514; x_wconf 92' lang='lat' dir='ltr'><strong>nos</strong></span> <span class='ocrx_word' id='word_1_255' title='bbox 840 3451 970 3537; x_wconf 91' lang='lat' dir='ltr'><strong>quidem</strong></span> <span class='ocrx_word' id='word_1_256' title='bbox 1000 3451 1118 3518; x_wconf 91' lang='lat' dir='ltr'><strong>Vitalis</strong></span> <span class='ocrx_word' id='word_1_257' title='bbox 1146 3453 1286 3520; x_wconf 87' lang='lat' dir='ltr'><strong>Michael</strong></span> <span class='ocrx_word' id='word_1_258' title='bbox 1317 3455 1368 3519; x_wconf 88' lang='lat' dir='ltr'><strong>dei</strong></span> <span class='ocrx_word' id='word_1_259' title='bbox 1402 3456 1512 3540; x_wconf 88' lang='lat' dir='ltr'><strong>gracia</strong></span> <span class='ocrx_word' id='word_1_260' title='bbox 1542 3452 1692 3536; x_wconf 89' lang='lat' dir='ltr'><strong>Venecie,</strong></span> <span class='ocrx_word' id='word_1_261' title='bbox 1724 3453 1894 3535; x_wconf 82' lang='lat' dir='ltr'><strong>Dalmacie</strong></span> <span class='ocrx_word' id='word_1_262' title='bbox 1923 3463 2021 3540; x_wconf 83' lang='lat' dir='ltr'><strong>atqua</strong></span> 
     </span>
    </p>
   </div>
   <div class='ocr_carea' id='block_1_11' title="bbox 344 3554 2022 3646">
    <p class='ocr_par' dir='ltr' id='par_1_11' title="bbox 344 3554 2136 3656">
     <span class='ocr_line' id='line_1_26' title="bbox 344 3554 2022 3646; baseline 0.002 -27"><span class='ocrx_word' id='word_1_263' title='bbox 344 3554 504 3620; x_wconf 82' lang='lat' dir='ltr'><strong>Olrroacie</strong></span> <span class='ocrx_word' id='word_1_264' title='bbox 528 3556 606 3635; x_wconf 84' lang='lat' dir='ltr'><strong>dux,-</strong></span> <span class='ocrx_word' id='word_1_265' title='bbox 630 3555 779 3620; x_wconf 87' lang='lat' dir='ltr'><strong>omnibus</strong></span> <span class='ocrx_word' id='word_1_266' title='bbox 803 3559 921 3621; x_wconf 88' lang='lat' dir='ltr'><strong>nostris</strong></span> <span class='ocrx_word' id='word_1_267' title='bbox 945 3555 1096 3624; x_wconf 90' lang='lat' dir='ltr'><strong>fidelibus</strong></span> <span class='ocrx_word' id='word_1_268' title='bbox 1118 3581 1176 3624; x_wconf 89' lang='lat' dir='ltr'><strong>sue</strong></span> <span class='ocrx_word' id='word_1_269' title='bbox 1199 3561 1400 3646; x_wconf 83' lang='lat' dir='ltr'><strong>antiquitatis</strong></span> <span class='ocrx_word' id='word_1_270' title='bbox 1423 3570 1551 3638; x_wconf 90' lang='lat' dir='ltr'><strong>statum,</strong></span> <span class='ocrx_word' id='word_1_271' title='bbox 1576 3572 1608 3624; x_wconf 88' lang='lat' dir='ltr'><strong>et</strong></span> <span class='ocrx_word' id='word_1_272' title='bbox 1639 3559 1724 3646; x_wconf 92' lang='lat' dir='ltr'><strong>quod</strong></span> <span class='ocrx_word' id='word_1_273' title='bbox 1749 3561 1799 3624; x_wconf 87' lang='lat' dir='ltr'><strong>sai</strong></span> <span class='ocrx_word' id='word_1_274' title='bbox 1836 3559 1914 3624; x_wconf 88' lang='lat' dir='ltr'><strong>iuris</strong></span> <span class='ocrx_word' id='word_1_275' title='bbox 1949 3581 2022 3623; x_wconf 86' lang='lat' dir='ltr'><strong>esse</strong></span> 
     </span>
    </p>
   </div>
   <div class='ocr_carea' id='block_1_12' title="bbox 344 3661 2136 3858">
    <p class='ocr_par' dir='ltr' id='par_1_12' title="bbox 344 3661 2136 3858">
     <span class='ocr_line' id='line_1_27' title="bbox 344 3661 2136 3752; baseline 0.002 -28"><span class='ocrx_word' id='word_1_276' title='bbox 344 3661 546 3746; x_wconf 87' lang='lat' dir='ltr'><strong>dignoscitur</strong></span> <span class='ocrx_word' id='word_1_277' title='bbox 568 3663 759 3725; x_wconf 87' lang='lat' dir='ltr'><strong>intemerate</strong></span> <span class='ocrx_word' id='word_1_278' title='bbox 781 3673 937 3748; x_wconf 89' lang='lat' dir='ltr'><strong>perpetuo</strong></span> <span class='ocrx_word' id='word_1_279' title='bbox 961 3685 1093 3729; x_wconf 87' lang='lat' dir='ltr'><strong>seruare</strong></span> <span class='ocrx_word' id='word_1_280' title='bbox 1120 3669 1296 3752; x_wconf 90' lang='lat' dir='ltr'><strong>cupientes,</strong></span> <span class='ocrx_word' id='word_1_281' title='bbox 1327 3689 1375 3745; x_wconf 88' lang='lat' dir='ltr'><strong>ea,</strong></span> <span class='ocrx_word' id='word_1_282' title='bbox 1411 3686 1475 3750; x_wconf 91' lang='lat' dir='ltr'><strong>que</strong></span> <span class='ocrx_word' id='word_1_283' title='bbox 1505 3663 1701 3739; x_wconf 86' lang='lat' dir='ltr'><strong>venerahilis</strong></span> <span class='ocrx_word' id='word_1_284' title='bbox 1734 3663 1857 3730; x_wconf 88' lang='lat' dir='ltr'><strong>domini</strong></span> <span class='ocrx_word' id='word_1_285' title='bbox 1889 3662 2024 3729; x_wconf 87' lang='lat' dir='ltr'><strong>Heurici</strong></span> <span class='ocrx_word' id='word_1_286' title='bbox 2135 3743 2136 3746; x_wconf 8' lang='grc' dir='ltr'><strong>Ἴ</strong></span> 
     </span>
     <span class='ocr_line' id='line_1_28' title="bbox 344 3765 2136 3858; baseline 0.003 -29"><span class='ocrx_word' id='word_1_287' title='bbox 344 3766 488 3830; x_wconf 89' lang='lat' dir='ltr'><strong>Danduli</strong></span> <span class='ocrx_word' id='word_1_288' title='bbox 503 3765 671 3851; x_wconf 80' lang='lat' dir='ltr'><strong>gradensis</strong></span> <span class='ocrx_word' id='word_1_289' title='bbox 694 3767 885 3852; x_wconf 84' lang='lat' dir='ltr'><strong>patriarche,</strong></span> <span class='ocrx_word' id='word_1_290' title='bbox 910 3778 1091 3833; x_wconf 89' lang='lat' dir='ltr'><strong>nostrorum</strong></span> <span class='ocrx_word' id='word_1_291' title='bbox 1116 3770 1257 3835; x_wconf 90' lang='lat' dir='ltr'><strong>iudicum</strong></span> <span class='ocrx_word' id='word_1_292' title='bbox 1282 3782 1314 3836; x_wconf 88' lang='lat' dir='ltr'><strong>et</strong></span> <span class='ocrx_word' id='word_1_293' title='bbox 1336 3772 1517 3858; x_wconf 88' lang='lat' dir='ltr'><strong>sapientum</strong></span> <span class='ocrx_word' id='word_1_294' title='bbox 1542 3769 1687 3846; x_wconf 89' lang='lat' dir='ltr'><strong>consilio,</strong></span> <span class='ocrx_word' id='word_1_295' title='bbox 1712 3769 1796 3834; x_wconf 88' lang='lat' dir='ltr'><strong>inter</strong></span> <span class='ocrx_word' id='word_1_296' title='bbox 1819 3791 1887 3852; x_wconf 90' lang='lat' dir='ltr'><strong>nos,</strong></span> <span class='ocrx_word' id='word_1_297' title='bbox 1910 3779 1944 3834; x_wconf 88' lang='lat' dir='ltr'><strong>et</strong></span> <span class='ocrx_word' id='word_1_298' title='bbox 1968 3791 2023 3834; x_wconf 91' lang='lat' dir='ltr'><strong>no·</strong></span> <span class='ocrx_word' id='word_1_299' title='bbox 2133 3799 2136 3814; x_wconf 88' lang='grc'><strong><em>·</em></strong></span> 
     </span>
    </p>
   </div>
   <div class='ocr_carea' id='block_1_13' title="bbox 343 3869 2022 3962">
    <p class='ocr_par' dir='ltr' id='par_1_13' title="bbox 343 3869 2022 3962">
     <span class='ocr_line' id='line_1_29' title="bbox 343 3869 2022 3962; baseline 0.001 -26"><span class='ocrx_word' id='word_1_300' title='bbox 343 3869 426 3936; x_wconf 89' lang='lat' dir='ltr'><strong>biles</strong></span> <span class='ocrx_word' id='word_1_301' title='bbox 450 3871 597 3935; x_wconf 87' lang='lat' dir='ltr'><strong>arbensis</strong></span> <span class='ocrx_word' id='word_1_302' title='bbox 622 3874 762 3936; x_wconf 89' lang='lat' dir='ltr'><strong>ciuitatrs</strong></span> <span class='ocrx_word' id='word_1_303' title='bbox 786 3874 883 3954; x_wconf 88' lang='lat' dir='ltr'><strong>viros,</strong></span> <span class='ocrx_word' id='word_1_304' title='bbox 908 3871 1022 3938; x_wconf 89' lang='lat' dir='ltr'><strong>fideles</strong></span> <span class='ocrx_word' id='word_1_305' title='bbox 1046 3887 1182 3956; x_wconf 88' lang='lat' dir='ltr'><strong>nostros,</strong></span> <span class='ocrx_word' id='word_1_306' title='bbox 1207 3877 1314 3961; x_wconf 88' lang='lat' dir='ltr'><strong>quiete</strong></span> <span class='ocrx_word' id='word_1_307' title='bbox 1338 3878 1462 3940; x_wconf 85' lang='lat' dir='ltr'><strong>sancita</strong></span> <span class='ocrx_word' id='word_1_308' title='bbox 1486 3885 1570 3954; x_wconf 90' lang='lat' dir='ltr'><strong>suut,</strong></span> <span class='ocrx_word' id='word_1_309' title='bbox 1595 3875 1627 3938; x_wconf 90' lang='lat' dir='ltr'><strong>in</strong></span> <span class='ocrx_word' id='word_1_310' title='bbox 1651 3875 1779 3962; x_wconf 87' lang='lat' dir='ltr'><strong>scriptis</strong></span> <span class='ocrx_word' id='word_1_311' title='bbox 1803 3875 1953 3958; x_wconf 86' lang='lat' dir='ltr'><strong>redigere</strong></span> <span class='ocrx_word' id='word_1_312' title='bbox 1978 3874 2022 3938; x_wconf 86' lang='lat' dir='ltr'><strong>fa·</strong></span> 
     </span>
    </p>
   </div>
   <div class='ocr_carea' id='block_1_14' title="bbox 345 3975 2136 4067">
    <p class='ocr_par' dir='ltr' id='par_1_14' title="bbox 345 3975 2136 4067">
     <span class='ocr_line' id='line_1_30' title="bbox 345 3975 2136 4067; baseline 0.003 -27"><span class='ocrx_word' id='word_1_313' title='bbox 345 3979 456 4058; x_wconf 89' lang='lat' dir='ltr'><strong>cimus,</strong></span> <span class='ocrx_word' id='word_1_314' title='bbox 481 3987 513 4041; x_wconf 89' lang='lat' dir='ltr'><strong>et</strong></span> <span class='ocrx_word' id='word_1_315' title='bbox 535 3988 569 4042; x_wconf 92' lang='lat' dir='ltr'><strong>ut</strong></span> <span class='ocrx_word' id='word_1_316' title='bbox 590 3975 685 4042; x_wconf 90' lang='lat' dir='ltr'><strong>huius</strong></span> <span class='ocrx_word' id='word_1_317' title='bbox 709 3978 888 4041; x_wconf 86' lang='lat' dir='ltr'><strong>sanccionis</strong></span> <span class='ocrx_word' id='word_1_318' title='bbox 912 3978 1032 4064; x_wconf 85' lang='lat' dir='ltr'><strong>pagina</strong></span> <span class='ocrx_word' id='word_1_319' title='bbox 1054 3977 1189 4044; x_wconf 89' lang='lat' dir='ltr'><strong>solidam</strong></span> <span class='ocrx_word' id='word_1_320' title='bbox 1220 3983 1382 4067; x_wconf 88' lang='lat' dir='ltr'><strong>perpetuis</strong></span> <span class='ocrx_word' id='word_1_321' title='bbox 1414 3981 1614 4066; x_wconf 86' lang='lat' dir='ltr'><strong>temporibus</strong></span> <span class='ocrx_word' id='word_1_322' title='bbox 1649 3979 1833 4044; x_wconf 89' lang='lat' dir='ltr'><strong>firmitatem</strong></span> <span class='ocrx_word' id='word_1_323' title='bbox 1868 3981 2024 4061; x_wconf 82' lang='lat' dir='ltr'><strong>obtineat,</strong></span> <span class='ocrx_word' id='word_1_324' title='bbox 2135 4033 2136 4036; x_wconf 63' lang='lat'><strong>,</strong></span> 
     </span>
    </p>
   </div>
   <div class='ocr_carea' id='block_1_15' title="bbox 345 4083 2026 4178">
    <p class='ocr_par' dir='ltr' id='par_1_15' title="bbox 345 4083 2136 4178">
     <span class='ocr_line' id='line_1_31' title="bbox 345 4083 2026 4178; baseline 0.003 -34"><span class='ocrx_word' id='word_1_325' title='bbox 345 4095 454 4146; x_wconf 89' lang='lat' dir='ltr'><strong>nostra</strong></span> <span class='ocrx_word' id='word_1_326' title='bbox 478 4091 510 4178; x_wconf 81' lang='lat' dir='ltr'><strong>et</strong></span> <span class='ocrx_word' id='word_1_327' title='bbox 532 4104 631 4167; x_wconf 88' lang='lat' dir='ltr'><strong>supra</strong></span> <span class='ocrx_word' id='word_1_328' title='bbox 654 4093 904 4146; x_wconf 89' lang='lat' dir='ltr'><strong>memoratorum</strong></span> <span class='ocrx_word' id='word_1_329' title='bbox 928 4083 1100 4148; x_wconf 86' lang='lat' dir='ltr'><strong>illustrium</strong></span> <span class='ocrx_word' id='word_1_330' title='bbox 1122 4088 1265 4150; x_wconf 89' lang='lat' dir='ltr'><strong>virorum</strong></span> <span class='ocrx_word' id='word_1_331' title='bbox 1289 4085 1527 4171; x_wconf 87' lang='lat' dir='ltr'><strong>subscriptione</strong></span> <span class='ocrx_word' id='word_1_332' title='bbox 1551 4085 1706 4166; x_wconf 87' lang='lat' dir='ltr'><strong>roborari,</strong></span> <span class='ocrx_word' id='word_1_333' title='bbox 1730 4088 1897 4172; x_wconf 87' lang='lat' dir='ltr'><strong>nostrique</strong></span> <span class='ocrx_word' id='word_1_334' title='bbox 1924 4085 2026 4171; x_wconf 85' lang='lat' dir='ltr'><strong>sigilli</strong></span> 
     </span>
    </p>
   </div>
   <div class='ocr_carea' id='block_1_16' title="bbox 323 4187 2136 4382">
    <p class='ocr_par' dir='ltr' id='par_1_16' title="bbox 323 4187 2136 4382">
     <span class='ocr_line' id='line_1_32' title="bbox 323 4187 2136 4276; baseline 0.004 -28"><span class='ocrx_word' id='word_1_335' title='bbox 323 4189 558 4272; x_wconf 75' lang='lat' dir='ltr'><strong>¹impressione</strong></span> <span class='ocrx_word' id='word_1_336' title='bbox 582 4188 699 4251; x_wconf 87' lang='lat' dir='ltr'><strong>muniri</strong></span> <span class='ocrx_word' id='word_1_337' title='bbox 722 4187 938 4252; x_wconf 89' lang='lat' dir='ltr'><strong>decreuimus.</strong></span> <span class='ocrx_word' id='word_1_338' title='bbox 963 4187 1048 4254; x_wconf 88' lang='lat' dir='ltr'><strong>Dum</strong></span> <span class='ocrx_word' id='word_1_339' title='bbox 1074 4191 1181 4276; x_wconf 88' lang='lat' dir='ltr'><strong>itaque</strong></span> <span class='ocrx_word' id='word_1_340' title='bbox 1206 4193 1268 4254; x_wconf 87' lang='lat' dir='ltr'><strong>iam</strong></span> <span class='ocrx_word' id='word_1_341' title='bbox 1293 4190 1378 4256; x_wconf 87' lang='lat' dir='ltr'><strong>dicte</strong></span> <span class='ocrx_word' id='word_1_342' title='bbox 1403 4191 1543 4255; x_wconf 83' lang='lat' dir='ltr'><strong>ciuitatis</strong></span> <span class='ocrx_word' id='word_1_343' title='bbox 1568 4189 1692 4254; x_wconf 91' lang='lat' dir='ltr'><strong>nobiles</strong></span> <span class='ocrx_word' id='word_1_344' title='bbox 1717 4191 1777 4254; x_wconf 85' lang='lat' dir='ltr'><strong>riri</strong></span> <span class='ocrx_word' id='word_1_345' title='bbox 1800 4189 1953 4256; x_wconf 85' lang='lat' dir='ltr'><strong>Andreas</strong></span> <span class='ocrx_word' id='word_1_346' title='bbox 1978 4213 2027 4255; x_wconf 90' lang='lat' dir='ltr'><strong>sa·</strong></span> <span class='ocrx_word' id='word_1_347' title='bbox 2134 4213 2136 4246; x_wconf 56' lang='grc' dir='ltr'><strong>ε</strong></span> 
     </span>
     <span class='ocr_line' id='line_1_33' title="bbox 345 4281 2025 4382; baseline 0.004 -25"><span class='ocrx_word' id='word_1_348' title='bbox 345 4291 468 4368; x_wconf 89' lang='lat' dir='ltr'><strong>cerdos,</strong></span> <span class='ocrx_word' id='word_1_349' title='bbox 494 4301 525 4354; x_wconf 89' lang='lat' dir='ltr'><strong>et</strong></span> <span class='ocrx_word' id='word_1_350' title='bbox 548 4281 770 4356; x_wconf 73' lang='lat' dir='ltr'><strong>christoforus</strong></span> <span class='ocrx_word' id='word_1_351' title='bbox 793 4285 825 4356; x_wconf 88' lang='lat' dir='ltr'><strong>et</strong></span> <span class='ocrx_word' id='word_1_352' title='bbox 850 4291 965 4358; x_wconf 88' lang='lat' dir='ltr'><strong>Vitalia</strong></span> <span class='ocrx_word' id='word_1_353' title='bbox 989 4295 1182 4376; x_wconf 85' lang='lat' dir='ltr'><strong>sacerdotes,</strong></span> <span class='ocrx_word' id='word_1_354' title='bbox 1208 4293 1394 4382; x_wconf 88' lang='lat' dir='ltr'><strong>Dabregna,</strong></span> <span class='ocrx_word' id='word_1_355' title='bbox 1428 4297 1487 4380; x_wconf 87' lang='lat' dir='ltr'><strong>(et)</strong></span> <span class='ocrx_word' id='word_1_356' title='bbox 1520 4293 1728 4359; x_wconf 89' lang='lat' dir='ltr'><strong>Prestancius</strong></span> <span class='ocrx_word' id='word_1_357' title='bbox 1759 4295 1891 4378; x_wconf 87' lang='lat' dir='ltr'><strong>iudices,</strong></span> <span class='ocrx_word' id='word_1_358' title='bbox 1927 4295 2025 4360; x_wconf 85' lang='lat' dir='ltr'><strong>Lam·</strong></span> 
     </span>
    </p>
   </div>
   <div class='ocr_carea' id='block_1_17' title="bbox 345 4379 2136 4487">
    <p class='ocr_par' dir='ltr' id='par_1_17' title="bbox 345 4379 2136 4487">
     <span class='ocr_line' id='line_1_34' title="bbox 345 4379 2136 4487; baseline 0.005 -26"><span class='ocrx_word' id='word_1_359' title='bbox 345 4397 476 4484; x_wconf 87' lang='lat' dir='ltr'><strong>predius</strong></span> <span class='ocrx_word' id='word_1_360' title='bbox 500 4397 649 4484; x_wconf 87' lang='lat' dir='ltr'><strong>iupanua,</strong></span> <span class='ocrx_word' id='word_1_361' title='bbox 673 4379 838 4478; x_wconf 87' lang='lat' dir='ltr'><strong>Alhertus,</strong></span> <span class='ocrx_word' id='word_1_362' title='bbox 865 4397 1099 4481; x_wconf 87' lang='lat' dir='ltr'><strong>Dobrosclauo,</strong></span> <span class='ocrx_word' id='word_1_363' title='bbox 1123 4399 1260 4483; x_wconf 84' lang='lat' dir='ltr'><strong>Fuscus,</strong></span> <span class='ocrx_word' id='word_1_364' title='bbox 1285 4401 1479 4487; x_wconf 86' lang='lat' dir='ltr'><strong>Stephanus,</strong></span> <span class='ocrx_word' id='word_1_365' title='bbox 1496 4399 1678 4482; x_wconf 90' lang='lat' dir='ltr'><strong>Bertoldus,</strong></span> <span class='ocrx_word' id='word_1_366' title='bbox 1695 4400 1881 4483; x_wconf 84' lang='lat' dir='ltr'><strong>Nicholaua,</strong></span> <span class='ocrx_word' id='word_1_367' title='bbox 1899 4399 2027 4484; x_wconf 82' lang='lat' dir='ltr'><strong>Grube,</strong></span> <span class='ocrx_word' id='word_1_368' title='bbox 2134 4431 2136 4470; x_wconf 75' lang='lat' dir='ltr'><strong>r</strong></span> 
     </span>
    </p>
   </div>
   <div class='ocr_carea' id='block_1_18' title="bbox 347 4503 2029 4592">
    <p class='ocr_par' dir='ltr' id='par_1_18' title="bbox 347 4503 2136 4596">
     <span class='ocr_line' id='line_1_35' title="bbox 347 4503 2029 4592; baseline 0.006 -26"><span class='ocrx_word' id='word_1_369' title='bbox 347 4503 501 4586; x_wconf 85' lang='lat' dir='ltr'><strong>Dimigna</strong></span> <span class='ocrx_word' id='word_1_370' title='bbox 526 4513 558 4566; x_wconf 89' lang='lat' dir='ltr'><strong>et</strong></span> <span class='ocrx_word' id='word_1_371' title='bbox 582 4503 681 4592; x_wconf 86' lang='lat' dir='ltr'><strong>ceteri</strong></span> <span class='ocrx_word' id='word_1_372' title='bbox 704 4504 760 4588; x_wconf 93' lang='lat' dir='ltr'><strong>qui</strong></span> <span class='ocrx_word' id='word_1_373' title='bbox 783 4526 854 4568; x_wconf 91' lang='lat' dir='ltr'><strong>cum</strong></span> <span class='ocrx_word' id='word_1_374' title='bbox 879 4506 926 4569; x_wconf 89' lang='lat' dir='ltr'><strong>eis</strong></span> <span class='ocrx_word' id='word_1_375' title='bbox 949 4504 1088 4586; x_wconf 82' lang='lat' dir='ltr'><strong>luerunt,</strong></span> <span class='ocrx_word' id='word_1_376' title='bbox 1113 4505 1155 4570; x_wconf 92' lang='lat' dir='ltr'><strong>ad</strong></span> <span class='ocrx_word' id='word_1_377' title='bbox 1179 4509 1378 4592; x_wconf 87' lang='lat' dir='ltr'><strong>presenciam</strong></span> <span class='ocrx_word' id='word_1_378' title='bbox 1403 4517 1545 4572; x_wconf 91' lang='lat' dir='ltr'><strong>nostram</strong></span> <span class='ocrx_word' id='word_1_379' title='bbox 1569 4509 1744 4588; x_wconf 85' lang='lat' dir='ltr'><strong>venissent,</strong></span> <span class='ocrx_word' id='word_1_380' title='bbox 1769 4507 1951 4573; x_wconf 88' lang='lat' dir='ltr'><strong>secundum</strong></span> <span class='ocrx_word' id='word_1_381' title='bbox 1970 4532 2029 4575; x_wconf 87' lang='lat' dir='ltr'><strong>sus</strong></span> 
     </span>
    </p>
   </div>
   <div class='ocr_carea' id='block_1_19' title="bbox 346 4607 2136 4806">
    <p class='ocr_par' dir='ltr' id='par_1_19' title="bbox 346 4607 2136 4806">
     <span class='ocr_line' id='line_1_36' title="bbox 346 4607 2136 4698; baseline 0.006 -26"><span class='ocrx_word' id='word_1_382' title='bbox 346 4609 548 4694; x_wconf 87' lang='lat' dir='ltr'><strong>antiquitatis</strong></span> <span class='ocrx_word' id='word_1_383' title='bbox 573 4616 700 4689; x_wconf 88' lang='lat' dir='ltr'><strong>statum,</strong></span> <span class='ocrx_word' id='word_1_384' title='bbox 726 4609 861 4672; x_wconf 88' lang='lat' dir='ltr'><strong>liberam</strong></span> <span class='ocrx_word' id='word_1_385' title='bbox 884 4607 1026 4694; x_wconf 85' lang='lat' dir='ltr'><strong>eligendi</strong></span> <span class='ocrx_word' id='word_1_386' title='bbox 1050 4612 1176 4674; x_wconf 88' lang='lat' dir='ltr'><strong>comitis</strong></span> <span class='ocrx_word' id='word_1_387' title='bbox 1200 4610 1389 4676; x_wconf 88' lang='lat' dir='ltr'><strong>electionem</strong></span> <span class='ocrx_word' id='word_1_388' title='bbox 1412 4614 1570 4678; x_wconf 84' lang='lat' dir='ltr'><strong>instanter</strong></span> <span class='ocrx_word' id='word_1_389' title='bbox 1593 4612 1813 4698; x_wconf 89' lang='lat' dir='ltr'><strong>requirebant.</strong></span> <span class='ocrx_word' id='word_1_390' title='bbox 1844 4613 1912 4680; x_wconf 84' lang='lat' dir='ltr'><strong>Nos</strong></span> <span class='ocrx_word' id='word_1_391' title='bbox 1947 4638 2029 4681; x_wconf 85' lang='lat' dir='ltr'><strong>vero</strong></span> <span class='ocrx_word' id='word_1_392' title='bbox 2134 4611 2136 4688; x_wconf 69' lang='lat' dir='ltr'>J</span> 
     </span>
     <span class='ocr_line' id='line_1_37' title="bbox 346 4713 2029 4806; baseline 0.006 -29"><span class='ocrx_word' id='word_1_393' title='bbox 346 4735 364 4777; x_wconf 90' lang='lat' dir='ltr'><strong>e</strong></span> <span class='ocrx_word' id='word_1_394' title='bbox 387 4715 557 4794; x_wconf 86' lang='lat' dir='ltr'><strong>contrario,</strong></span> <span class='ocrx_word' id='word_1_395' title='bbox 582 4713 657 4777; x_wconf 91' lang='lat' dir='ltr'><strong>licet</strong></span> <span class='ocrx_word' id='word_1_396' title='bbox 681 4737 813 4800; x_wconf 88' lang='lat' dir='ltr'><strong>prorsus</strong></span> <span class='ocrx_word' id='word_1_397' title='bbox 839 4717 899 4782; x_wconf 89' lang='lat' dir='ltr'><strong>ista</strong></span> <span class='ocrx_word' id='word_1_398' title='bbox 922 4717 1025 4800; x_wconf 89' lang='lat' dir='ltr'><strong>primo</strong></span> <span class='ocrx_word' id='word_1_399' title='bbox 1045 4715 1271 4800; x_wconf 89' lang='lat' dir='ltr'><strong>abnueremus,</strong></span> <span class='ocrx_word' id='word_1_400' title='bbox 1289 4721 1328 4782; x_wconf 86' lang='lat' dir='ltr'><strong>¹in</strong></span> <span class='ocrx_word' id='word_1_401' title='bbox 1353 4728 1510 4806; x_wconf 87' lang='lat' dir='ltr'><strong>potestate</strong></span> <span class='ocrx_word' id='word_1_402' title='bbox 1534 4728 1644 4783; x_wconf 89' lang='lat' dir='ltr'><strong>nostra</strong></span> <span class='ocrx_word' id='word_1_403' title='bbox 1667 4719 2029 4788; x_wconf 86' lang='lat' dir='ltr'><strong>essecomitiselectio·</strong></span> 
     </span>
    </p>
   </div>
   <div class='ocr_carea' id='block_1_20' title="bbox 346 4819 2116 5334">
    <p class='ocr_par' dir='ltr' id='par_1_20' title="bbox 346 4819 2116 5334">
     <span class='ocr_line' id='line_1_38' title="bbox 346 4819 2031 4910; baseline 0.006 -28"><span class='ocrx_word' id='word_1_404' title='bbox 346 4841 419 4882; x_wconf 88' lang='lat' dir='ltr'><strong>nem</strong></span> <span class='ocrx_word' id='word_1_405' title='bbox 444 4828 476 4882; x_wconf 90' lang='lat' dir='ltr'><strong>et</strong></span> <span class='ocrx_word' id='word_1_406' title='bbox 500 4819 569 4882; x_wconf 90' lang='lat' dir='ltr'><strong>eius</strong></span> <span class='ocrx_word' id='word_1_407' title='bbox 594 4819 869 4884; x_wconf 87' lang='lat' dir='ltr'><strong>confirmationem</strong></span> <span class='ocrx_word' id='word_1_408' title='bbox 889 4834 1079 4903; x_wconf 87' lang='lat' dir='ltr'><strong>asserentes,</strong></span> <span class='ocrx_word' id='word_1_409' title='bbox 1093 4831 1318 4909; x_wconf 87' lang='lat' dir='ltr'><strong>prememorati</strong></span> <span class='ocrx_word' id='word_1_410' title='bbox 1335 4834 1442 4888; x_wconf 90' lang='lat' dir='ltr'><strong>tamen</strong></span> <span class='ocrx_word' id='word_1_411' title='bbox 1459 4823 1654 4888; x_wconf 84' lang='lat' dir='ltr'><strong>venerabilis</strong></span> <span class='ocrx_word' id='word_1_412' title='bbox 1672 4824 1864 4910; x_wconf 89' lang='lat' dir='ltr'><strong>patriarche,</strong></span> <span class='ocrx_word' id='word_1_413' title='bbox 1880 4826 2031 4892; x_wconf 89' lang='lat' dir='ltr'><strong>iudicum</strong></span> 
     </span>
     <span class='ocr_line' id='line_1_39' title="bbox 347 4924 2032 5016; baseline 0.007 -30"><span class='ocrx_word' id='word_1_414' title='bbox 347 4933 379 4986; x_wconf 89' lang='lat' dir='ltr'><strong>et</strong></span> <span class='ocrx_word' id='word_1_415' title='bbox 403 4924 583 5008; x_wconf 87' lang='lat' dir='ltr'><strong>sapientum</strong></span> <span class='ocrx_word' id='word_1_416' title='bbox 605 4928 842 4990; x_wconf 87' lang='lat' dir='ltr'><strong>communicato</strong></span> <span class='ocrx_word' id='word_1_417' title='bbox 864 4927 1008 5010; x_wconf 90' lang='lat' dir='ltr'><strong>consilio,</strong></span> <span class='ocrx_word' id='word_1_418' title='bbox 1033 4927 1167 4992; x_wconf 90' lang='lat' dir='ltr'><strong>liberam</strong></span> <span class='ocrx_word' id='word_1_419' title='bbox 1192 4928 1331 5012; x_wconf 89' lang='lat' dir='ltr'><strong>eligendi</strong></span> <span class='ocrx_word' id='word_1_420' title='bbox 1356 4931 1482 4993; x_wconf 88' lang='lat' dir='ltr'><strong>comitis</strong></span> <span class='ocrx_word' id='word_1_421' title='bbox 1506 4928 1689 4994; x_wconf 84' lang='lat' dir='ltr'><strong>facultatem</strong></span> <span class='ocrx_word' id='word_1_422' title='bbox 1714 4929 1859 5016; x_wconf 90' lang='lat' dir='ltr'><strong>predicto</strong></span> <span class='ocrx_word' id='word_1_423' title='bbox 1882 4933 2032 4998; x_wconf 86' lang='lat' dir='ltr'><strong>ciuitatis</strong></span> 
     </span>
     <span class='ocr_line' id='line_1_40' title="bbox 347 5015 2116 5120; baseline 0.008 -29"><span class='ocrx_word' id='word_1_424' title='bbox 347 5027 474 5092; x_wconf 90' lang='lat' dir='ltr'><strong>ciuibus</strong></span> <span class='ocrx_word' id='word_1_425' title='bbox 498 5029 706 5120; x_wconf 37' lang='lat' dir='ltr'><strong>tandem&#39;tali</strong></span> <span class='ocrx_word' id='word_1_426' title='bbox 730 5031 913 5096; x_wconf 89' lang='lat' dir='ltr'><strong>conditione</strong></span> <span class='ocrx_word' id='word_1_427' title='bbox 937 5034 1165 5112; x_wconf 89' lang='lat' dir='ltr'><strong>concessimus,</strong></span> <span class='ocrx_word' id='word_1_428' title='bbox 1189 5044 1225 5098; x_wconf 89' lang='lat' dir='ltr'><strong>ut</strong></span> <span class='ocrx_word' id='word_1_429' title='bbox 1247 5035 1308 5119; x_wconf 90' lang='lat' dir='ltr'><strong>ipsi</strong></span> <span class='ocrx_word' id='word_1_430' title='bbox 1333 5045 1471 5119; x_wconf 87' lang='lat' dir='ltr'><strong>quatuor</strong></span> <span class='ocrx_word' id='word_1_431' title='bbox 1493 5033 1534 5098; x_wconf 87' lang='lat' dir='ltr'><strong>de</strong></span> <span class='ocrx_word' id='word_1_432' title='bbox 1557 5033 1747 5100; x_wconf 91' lang='lat' dir='ltr'><strong>conciuibus</strong></span> <span class='ocrx_word' id='word_1_433' title='bbox 1783 5037 1849 5100; x_wconf 90' lang='lat' dir='ltr'><strong>suis</strong></span> <span class='ocrx_word' id='word_1_434' title='bbox 1885 5037 2031 5104; x_wconf 91' lang='lat' dir='ltr'><strong>nobilio·</strong></span> <span class='ocrx_word' id='word_1_435' title='bbox 2110 5015 2116 5030; x_wconf 40' lang='grc' dir='ltr'><em>Ι</em></span> 
     </span>
     <span class='ocr_line' id='line_1_41' title="bbox 346 5133 2031 5227; baseline 0.009 -31"><span class='ocrx_word' id='word_1_436' title='bbox 346 5133 437 5198; x_wconf 89' lang='lat' dir='ltr'><strong>ribus</strong></span> <span class='ocrx_word' id='word_1_437' title='bbox 461 5157 615 5219; x_wconf 83' lang='lat' dir='ltr'><strong>personas</strong></span> <span class='ocrx_word' id='word_1_438' title='bbox 640 5139 709 5200; x_wconf 90' lang='lat' dir='ltr'><strong>sine</strong></span> <span class='ocrx_word' id='word_1_439' title='bbox 733 5133 903 5202; x_wconf 84' lang='lat' dir='ltr'><strong>exactione</strong></span> <span class='ocrx_word' id='word_1_440' title='bbox 926 5137 1035 5223; x_wconf 90' lang='lat' dir='ltr'><strong>aliqua</strong></span> <span class='ocrx_word' id='word_1_441' title='bbox 1058 5138 1188 5222; x_wconf 87' lang='lat' dir='ltr'><strong>eligere,</strong></span> <span class='ocrx_word' id='word_1_442' title='bbox 1221 5151 1253 5202; x_wconf 87' lang='lat' dir='ltr'><strong>et</strong></span> <span class='ocrx_word' id='word_1_443' title='bbox 1282 5151 1391 5204; x_wconf 90' lang='lat' dir='ltr'><strong>nostro</strong></span> <span class='ocrx_word' id='word_1_444' title='bbox 1426 5139 1565 5206; x_wconf 87' lang='lat' dir='ltr'><strong>debeant</strong></span> <span class='ocrx_word' id='word_1_445' title='bbox 1599 5141 1786 5227; x_wconf 88' lang='lat' dir='ltr'><strong>conspectui</strong></span> <span class='ocrx_word' id='word_1_446' title='bbox 1821 5155 2031 5227; x_wconf 87' lang='lat' dir='ltr'><strong>presentare.</strong></span> 
     </span>
     <span class='ocr_line' id='line_1_42' title="bbox 347 5237 2033 5334; baseline 0.009 -33"><span class='ocrx_word' id='word_1_447' title='bbox 347 5237 415 5302; x_wconf 84' lang='lat' dir='ltr'><strong>Nos</strong></span> <span class='ocrx_word' id='word_1_448' title='bbox 439 5261 517 5304; x_wconf 90' lang='lat' dir='ltr'><strong>vero</strong></span> <span class='ocrx_word' id='word_1_449' title='bbox 540 5263 583 5304; x_wconf 86' lang='lat' dir='ltr'><strong>ex</strong></span> <span class='ocrx_word' id='word_1_450' title='bbox 606 5239 667 5305; x_wconf 87' lang='lat' dir='ltr'><strong>hiis</strong></span> <span class='ocrx_word' id='word_1_451' title='bbox 691 5264 800 5326; x_wconf 91' lang='lat' dir='ltr'><strong>unum,</strong></span> <span class='ocrx_word' id='word_1_452' title='bbox 824 5244 879 5330; x_wconf 89' lang='lat' dir='ltr'><strong>qui</strong></span> <span class='ocrx_word' id='word_1_453' title='bbox 904 5242 997 5309; x_wconf 89' lang='lat' dir='ltr'><strong>nobis</strong></span> <span class='ocrx_word' id='word_1_454' title='bbox 1020 5246 1126 5330; x_wconf 87' lang='lat' dir='ltr'><strong>aptior</strong></span> <span class='ocrx_word' id='word_1_455' title='bbox 1147 5255 1180 5308; x_wconf 89' lang='lat' dir='ltr'><strong>et</strong></span> <span class='ocrx_word' id='word_1_456' title='bbox 1214 5243 1342 5308; x_wconf 87' lang='lat' dir='ltr'><strong>fidelior</strong></span> <span class='ocrx_word' id='word_1_457' title='bbox 1375 5247 1465 5311; x_wconf 86' lang='lat' dir='ltr'><strong>visus</strong></span> <span class='ocrx_word' id='word_1_458' title='bbox 1497 5245 1602 5328; x_wconf 84' lang='lat' dir='ltr'><strong>luerit,</strong></span> <span class='ocrx_word' id='word_1_459' title='bbox 1635 5247 1825 5332; x_wconf 88' lang='lat' dir='ltr'><strong>sapientum,</strong></span> <span class='ocrx_word' id='word_1_460' title='bbox 1857 5249 1914 5334; x_wconf 89' lang='lat' dir='ltr'><strong>qui</strong></span> <span class='ocrx_word' id='word_1_461' title='bbox 1948 5259 2033 5316; x_wconf 89' lang='lat' dir='ltr'><strong>tunc</strong></span> 
     </span>
    </p>
   </div>
   <div class='ocr_carea' id='block_1_21' title="bbox 0 0 2154 5924">
    <p class='ocr_par' dir='ltr' id='par_1_21' title="bbox 0 0 2154 5924">
     <span class='ocr_line' id='line_1_43' title="bbox 0 0 2154 5924; baseline 0 0"><span class='ocrx_word' id='word_1_462' title='bbox 0 0 2154 5924; x_wconf 95' lang='lat' dir='ltr'><strong> </strong></span> 
     </span>
    </p>
   </div>
  </div>
 </body>
</html>
