4300 5930
295 380 360 453 tto

299 585 443 648 omnium
466 580 660 648 monialium
685 581 846 644 consensu
879 571 997 645 studui.
1025 579 1155 645 Scilicet
1185 575 1226 646 de
1256 581 1439 668 paretineis,
1471 603 1533 666 que
1563 589 1637 644 ante
1667 571 1791 666 portam
1808 575 1965 644 'eiusdem

295 690 486 754 monasterii
511 697 594 769 sunt,
616 709 696 772 quas
719 686 850 751 domina
873 685 1041 751 Marichna
1063 687 1211 769 Benezie,
1235 687 1310 752 dum
1335 685 1375 750 ad
1400 687 1625 750 nr'onasteriurn
1651 685 1747 764 venit,
1776 705 1884 752 seeum
1907 684 1963 749 de-

297 795 421 862 tulerat.
447 793 524 858 Post
544 791 715 858 multorum
739 815 816 858 vero
840 815 995 858 annorum
1020 792 1170 874 curicula,
1196 793 1234 856 de
1258 791 1409 878 predictis
1433 792 1604 878 perstineis
1621 815 1639 854 a
1655 789 1846 876 quibusdam
1863 793 1964 880 impe-

298 904 365 984 tite,
389 900 506 987 quibus
530 899 641 966 volens
664 901 874 964 certissimam
899 901 1055 964 rationem
1079 899 1120 963 de
1141 901 1187 964 eis
1210 898 1389 980 ostendere,
1416 898 1620 962 Dominicum
1633 897 1733 962 filium
1748 896 1888 980 Oirnate,
1905 899 1963 984 qui

299 1007 546 1094 disposicionem
572 1005 722 1070 iamdicte
745 1005 874 1071 domine
897 1005 1032 1092 pleniter
1054 1005 1277 1091 cognoscebat,
1303 1007 1413 1070 venire
1434 1003 1505 1088 feci,
1530 1014 1562 1069 et
1584 1026 1656 1068 cum
1674 1013 1747 1068 ante
1763 1003 1964 1090 subscriptos

297 1115 401 1178 testes
425 1113 464 1179 de
481 1113 657 1198 paratineis
672 1114 862 1197 interogaui,
879 1121 952 1178 ante
968 1133 1101 1198 quornm
1125 1113 1323 1198 presenciam
1341 1113 1408 1198 ipse
1422 1119 1606 1196 prenotatus
1624 1111 1806 1196 paratineas
1823 1109 1965 1176 ostendit

298 1229 330 1286 et
353 1221 462 1284 iurans
485 1220 517 1282 in
541 1220 650 1283 anima
672 1242 738 1299 sus,
763 1218 844 1282 dixit
868 1219 1043 1304 predictam
1068 1218 1234 1283 dominam·
1254 1217 1326 1281 illas
1358 1219 1389 1280 in
1422 1218 1614 1281 monasterio
1646 1215 1800 1281 detulisse
1823 1265 1963 1282 .....

300 1324 429 1412 quidem
455 1323 497 1388 ab
521 1322 629 1408 angul.
654 1374 661 1389 .
686 1374 693 1390 .
718 1323 820 1388 Rama
843 1325 999 1410 incipiunt
1022 1333 1053 1388 et
1076 1345 1178 1409 usque
1201 1323 1241 1387 ad
1265 1312 1417 1407 angulum
1439 1321 1478 1390 ds
1502 1321 1581 1386 foris
1598 1320 1682 1386 furni
1706 1369 1874 1388 ......
1899 1331 1963 1388 tur.

297 1431 376 1496 lnde
399 1441 504 1496 autern
530 1452 567 1494 su
592 1477 599 1490 .
623 1481 630 1496 .
656 1477 663 1493 .
688 1431 720 1494 in
744 1427 893 1516 aquilone
917 1439 1038 1494 rectum
1063 1452 1190 1494 cursum
1210 1428 1388 1515 tendentes,
1412 1428 1576 1524 usquead
1602 1451 1713 1516 rupem
1731 1431 1839 1517 viuam
1863 1481 1869 1493 .
1896 1477 1903 1494 .
1930 1452 1960 1492 u.

295 1540 412 1601 iterum
434 1538 465 1600 in
491 1535 658 1601 occidente
682 1538 763 1600 sicut
786 1536 927 1600 continet
949 1535 1102 1621 angulum
1122 1523 1210 1601 unde
1234 1536 1397 1621 incipiunt.
1421 1533 1491 1598 Hec
1514 1543 1618 1598 aulem
1636 1535 1775 1598 ostensio
1797 1533 1894 1614 lacta
1909 1543 1961 1598 est

299 1645 331 1707 in
356 1645 524 1732 presencia
547 1641 687 1707 Vilcotte
709 1641 826 1707 iudicis
851 1650 882 1706 et
905 1641 991 1705 Petri
1015 1641 1072 1708 lilii
1094 1641 1193 1724 Mille,
1218 1665 1256 1706 ac
1279 1639 1398 1706 (laudii
1412 1641 1516 1716 Sirini,
1540 1663 1599 1704 nee
1620 1663 1681 1706 ncn
1700 1640 1785 1706 Petri
1802 1639 1963 1722 Ortulani,

295 1761 327 1814 et
343 1749 416 1835 Ego
433 1748 585 1814 Sabatius
609 1749 744 1814 clericus
768 1747 887 1814 ibidem
910 1747 1050 1830 interfui,
1073 1758 1105 1813 et
1128 1751 1210 1813 sicut
1229 1747 1338 1813 audiui
1362 1758 1393 1810 et
1415 1746 1492 1828 vidi,
1516 1748 1561 1812 ita
1584 1748 1698 1834 scripsi
1722 1757 1753 1811 et
1768 1749 1960 1812 testissum.

403 2027 405 2031 ,
446 1949 551 2006 Metios
573 1950 672 2020 pissna
693 1967 730 2004 ns
752 1950 837 2021 muloj
854 1950 1025 2021 pergameni,
1048 1950 1201 2019 poderanoj
1226 1967 1264 2004 na
1285 1949 1344 2005 vile
1367 1948 1487 2017 miestih,
1511 1945 1582 2002 duva
1604 1965 1635 2004 se
1658 1966 1677 2002 u
1694 1946 1865 2022 pismohrsni
1883 1947 1966 2006 teln-

305 2036 430 2110 djericsh
454 2057 494 2098 sv.
517 2038 655 2110 Marijeu
681 2038 784 2108 Zadru,
808 2039 902 2111 medju
925 2038 1007 2112 pismi
1029 2037 1141 2097 durnah
1165 2037 1313 2111 spljetslrih
1336 2055 1375 2092 cv.
1398 2037 1549 2112 Ruinerija.
1593 2094 1594 2103 ¹

796 2320 943 2416 onxr.
970 2333 1059 2416 oro
1089 2334 1184 2434 goa.
1211 2335 1504 2452 nso-nm.-

297 2509 396 2572 Aurio
421 2513 632 2591 Mastropetro,
655 2511 735 2572 duta
756 2513 901 2588 mktodlei,
922 2483 1027 2574 calade
1049 2514 1154 2589 Filabu
1176 2515 1211 2574 de
1233 2513 1360 2588 Asbolos,
1383 2517 1460 2575 aeta
1482 2514 1623 2574 Zodrone
1653 2515 1758 2589 cojeri,
1783 2515 1823 2574 do
1846 2515 1880 2594 J'e
1909 2515 1969 2574 bilo

541 2636 632 2711 preto
656 2637 774 2714 clepere
797 2637 871 2714 volis
893 2637 937 2698 dio
960 2639 1001 2701 im
1023 2639 1104 2714 melei
1126 2637 1272 2699 Mletcaai
1293 2657 1336 2699 oo
1356 2657 1441 2700 meru
1463 2638 1715 2702 scarsolarum.

306 2805 309 2814 .
352 2827 355 2831 ’
453 2797 520 2892 Nos
541 2824 697 2912 Alureus)
721 2823 963 2916 Mastropetrus,
988 2827 1040 2892 dei
1064 2829 1173 2914 gracia
1195 2828 1343 2912 Veneoie,
1374 2828 1542 2894 Dolmscie
1570 2836 1667 2916 atque
1700 2827 1857 2895 Obroacie
1890 2829 1970 2911 dux,

305 2917 535 2998 committimus
558 2931 617 2996 tibi
641 2931 790 3020 Philippo
814 2933 853 2999 de
877 2933 1016 3016 Aiboles,
1040 2935 1126 3022 quod
1149 2935 1255 3000 dicere
1278 2935 1398 3001 debeas
1421 2936 1600 3001 comuniter
1621 2934 1804 3002 hominibus
1835 2936 1968 3020 Jadere,

300 3038 452 3135 quamuis
475 3039 537 3124 ipsi
561 3038 697 3104 fecerint
720 3040 806 3128 quod
830 3040 935 3106 faeere
959 3064 1022 3107 non
1045 3041 1206 3124 deberent,
1230 3051 1334 3106 temen
1364 3040 1511 3106 voluntas
1547 3039 1624 3106 mihi
1654 3064 1718 3106 non
1752 3052 1821 3108 erat
1856 3042 1966 3108 faeere

310 3146 356 3208 eis
380 3143 450 3210 fieri
473 3143 604 3232 aliqucd
626 3143 756 3228 malum,
779 3147 891 3211 necin
915 3149 1070 3234 personis,
1094 3150 1207 3214 necin
1230 3151 1335 3213 causis
1357 3146 1492 3232 illorum,
1517 3145 1575 3212 sed
1598 3147 1743 3214 homines
1763 3147 1883 3214 Jadere
1907 3157 1970 3215 ste

309 3254 423 3317 tissent
445 3274 541 3341 super
564 3274 609 3336 se,
633 3262 664 3318 et
686 3275 750 3318 non
773 3255 938 3320 venissent
960 3254 1119 3338 veneciis,
1142 3276 1308 3344 quousque
1331 3255 1392 3340 ipsi
1417 3251 1522 3319 taliter
1549 3261 1760 3336 reuertentur,
1779 3254 1865 3344 quod
1882 3265 1969 3321 esset

301 3345 350 3423 'ad
373 3357 502 3423 illorum
525 3357 770 3444 salsamentum,
789 3371 821 3426 et
843 3383 916 3450 spes
939 3370 1050 3427 nostra
1070 3360 1142 3427 talis
1165 3369 1243 3443 erat,
1266 3359 1352 3447 quod
1386 3361 1447 3446 ipsi
1480 3359 1526 3424 sic
1560 3358 1668 3425 lacere
1702 3360 1900 3444 debuissent,
1936 3373 1970 3426 et

309 3473 441 3554 propter
462 3463 523 3530 hoc
547 3464 734 3530 nolebamus
758 3463 930 3532 aduentum
952 3466 1078 3532 illorum
1100 3469 1134 3532 in
1156 3467 1316 3548 Veneciis,
1341 3489 1380 3530 ne
1404 3467 1540 3531 oriretur
1567 3466 1699 3554 aliquid,
1730 3468 1815 3533 unde
1848 3466 1970 3532 malum

308 3593 473 3652 cresscere
496 3571 670 3640 debuisset.
694 3571 777 3638 Illud
801 3596 877 3638 vero
901 3572 986 3661 quod
1009 3573 1154 3639 homines
1177 3571 1217 3638 de
1240 3574 1357 3638 nostris
1379 3571 1480 3659 galeis
1502 3595 1604 3658 nuper
1640 3573 1794 3656 fecerunt,
1831 3597 1894 3638 non
1925 3573 1970 3640 fe·

308 3687 422 3744 cerunt
444 3675 508 3765 per'
525 3687 668 3744 nostrum
692 3689 887 3768 preceptum,
912 3703 972 3746 nec
995 3703 1052 3767 per
1074 3689 1214 3746 nostram
1239 3678 1445 3760 voluntatem,
1468 3679 1524 3743 sed
1549 3680 1632 3744 sicut
1652 3679 1797 3745 homines
1818 3680 1859 3746 de
1889 3683 1971 3767 ipsis

304 3784 409 3872 galeis
432 3785 554 3867 dicunt,
577 3808 635 3872 per
657 3785 747 3866 illud,
773 3787 858 3874 quod
882 3788 970 3874 prius
993 3785 1138 3851 homines
1161 3787 1262 3871 ipsius
1286 3786 1425 3849 ciuitatis
1449 3787 1583 3870 sagittas
1607 3781 1761 3852 eiecerint
1783 3796 1814 3852 et
1830 3790 1970 3874 superbe

305 3890 408 3958 multa
428 3891 512 3968 mala
534 3891 635 3958 verba
657 3892 808 3957 dicebant
831 3895 995 3958 seueriter.
1020 3892 1083 3957 Sed
1108 3890 1194 3980 quod
1217 3890 1334 3955 accidit
1356 3889 1457 3972 aliter,
1483 3890 1577 3955 modo
1602 3915 1665 3956 non
1688 3903 1793 3979 potest
1816 3893 1887 3958 fieri
1906 3896 1971 3958 nisi

305 3997 391 4084 quod
414 3997 532 4062 factum
557 4007 615 4063 est.
637 3997 706 4062 Nec
730 4021 806 4062 vero
831 4007 930 4064 mutat
953 4000 1027 4084 (sic)
1049 3999 1196 4062 dominus
1220 4020 1414 4085 cognosqere
1438 3991 1628 4062 'voluntates
1659 3997 1796 4082 illorum,
1831 3999 1970 4086 qualiter

307 4105 381 4169 inde
405 4127 439 4169 se
463 4106 626 4170 continere
649 4103 819 4186 voluerint,
844 4114 876 4169 et
899 4108 924 4169 si
950 4106 1010 4192 ipsi
1034 4106 1241 4188 interrogant,
1267 4127 1329 4192 que
1353 4105 1394 4167 sit
1425 4103 1572 4168 voluntas
1604 4115 1723 4182 nostra,
1754 4099 1849 4188 dicat,
1882 4105 1969 4194 quod

304 4211 450 4292 aduenit,
469 4234 531 4275 non
556 4201 688 4275 aduenit
711 4233 768 4296 per
791 4220 933 4276 nostrum
954 4219 1149 4297 preceptum,
1179 4231 1238 4274 neo
1266 4233 1322 4294 per
1356 4220 1498 4274 nostram
1534 4209 1741 4292 voluntatem,
1778 4223 1810 4274 et
1844 4212 1872 4275 si
1907 4215 1968 4298 ipsi

311 4320 418 4404 quiete
441 4317 602 4384 voluerint
626 4327 720 4400 stare,
745 4340 809 4382 non
834 4318 894 4382 erit
917 4329 1026 4384 nostra
1041 4315 1191 4384 voluntas
1207 4327 1242 4382 ut
1257 4315 1403 4382 homines
1419 4315 1562 4382 Venecie
1579 4319 1626 4382 eis
1642 4317 1805 4383 offenders
1823 4319 1964 4413 debeant

516 4458 616 4524 Iznad
640 4481 745 4546 ovoga
768 4462 871 4546 pisma
894 4461 985 4546 stojis

456 4580 550 4646 Aurii
571 4581 776 4669 Mastropetri
799 4583 913 4666 Ducis,
937 4582 1128 4650 Commissio
1153 4583 1300 4670 Philippo
1324 4583 1364 4649 de
1385 4584 1529 4666 Aiboles,
1554 4595 1589 4650 ut
1603 4585 1800 4651 Jaderenses
1816 4587 1968 4652 certiores

313 4687 435 4770 reddat,
460 4697 565 4774 preter
588 4688 783 4755 voluntatem
808 4689 911 4755 Ducis
934 4692 1115 4776 contigisse,
1142 4700 1177 4754 ut
1207 4690 1324 4755 damna
1357 4691 1470 4755 iisdem
1502 4715 1521 4755 a
1552 4694 1657 4756 nautis
1689 4691 1882 4778 quibusdam
1914 4716 1967 4757 ve·

298 4797 390 4860 netis
411 4793 615 4863 inferrentur.

460 4959 490 5014 Iz
511 4959 645 5050 rulmpiss
668 4959 738 5020 (lod.
762 4961 881 5021 LXXII.
908 4961 1005 5018 elassis
1028 4962 1105 5018 XIV.
1129 4961 1181 5018 snb
1204 4961 1301 5017 CVIm
1316 4963 1342 5016 3.
1367 4962 1393 5018 U
1415 4962 1550 5034 knjidnici
1575 4983 1615 5025 sv.
1641 4965 1740 5021 Marka
1760 4984 1778 5022 u
1802 4966 1924 5022 Mlelcih.
