4300 5930
348 371 411 440 122

344 569 425 646 nari,
446 566 648 655 aliquatenus
672 571 840 656 inquietes.
865 571 1017 660 Alioquin
1043 595 1142 658 graue
1165 576 1348 640 animatus
1373 575 1548 663 periculum
1581 579 1612 642 in
1646 576 1755 642 diuino
1785 578 1903 664 poteris
1934 600 2012 642 exa·

342 671 428 735 mine
453 671 635 757 formidare,
664 677 689 739 si
714 677 851 743 ecclesie
875 681 986 765 ipsius,
1012 681 1087 745 dum
1112 683 1211 746 fueris
1235 684 1267 746 iu
1292 705 1387 747 00100
1410 682 1545 764 mortali,
1570 681 1699 748 filialem
1725 683 1941 748 obedientiam
1974 706 2015 748 ac

343 781 558 844 reuerentiam
582 783 664 846 sicut
686 783 845 868 spirituali
870 788 965 850 matri
990 787 1174 872 neglexeris
1196 788 1359 854 exhibere.
1386 789 1504 853 Datum
1529 789 1667 854 Viterbii
1691 792 1783 854 00010
1808 792 1897 854 iunii.

494 964 626 1022 Tbeiner.
650 965 755 1024 Vetera
777 977 956 1026 monumenta
980 971 1127 1027 Slauorum
1152 972 1370 1030 meridionalins.
1395 973 1430 1029 ’1.
1455 974 1477 1032 Ι.
1505 991 1532 1045 p.
1559 973 1585 1038 1.

558 1261 785 1346 uuxvlfl.
816 1265 921 1348 1181.
952 1266 1275 1350 0010101011.
1306 1267 1338 1348 U
1367 1267 1555 1350 stolnom
1576 1268 1804 1367 Btogradu.

343 1421 422 1502 Bpta
444 1424 513 1486 Ill.
539 1426 619 1500 lerutj
641 1427 776 1486 11001011·
798 1430 809 1486 i
832 1430 963 1508 0001011,
995 1430 1152 1504 dosudjuje
1182 1429 1304 1502 sapato
1333 1426 1563 1504 raqrebattomu
1598 1431 1716 1504 Topttce
1746 1430 1803 1490 1οἀ
1832 1429 2016 1492 7010111100.

502 1597 664 1677 Quoniam
687 1599 896 1666 diuturnitate
919 1611 1098 1690 temporum
1128 1601 1368 1666 benefactorum
1402 1603 1509 1687 sepius
1544 1601 1755 1666 obliuiscetur
1786 1605 1950 1684 memoria,
1986 1613 2020 1668 et

346 1699 433 1788 quod
457 1705 508 1789 pie
532 1704 710 1770 deuotionis
732 1709 854 1791 geritur
878 1708 993 1789 officio,
1019 1728 1216 1794 perpaucos
1240 1707 1411 1771 admodum
1444 1707 1513 1770 dies
1539 1709 1664 1794 ingrata
1686 1707 1768 1772 celat
1797 1708 1930 1773 obliuio.
1964 1707 2018 1771 ld·

346 1809 516 1895 circoque
540 1821 604 1874 tam
628 1834 648 1875 0
670 1823 779 1876 000110
802 1815 891 1898 regia
914 1817 1081 1878 maiestate
1104 1823 1136 1878 et
1166 1815 1391 1906 munificentia,
1414 1835 1509 1899 quam
1541 1813 1582 1878 ab
1614 1811 1791 1879 illustribus
1815 1815 1905 1892 11110,
1937 1816 2014 1878 0100

347 1913 590 2002 quibuscunque
604 1893 655 1981 (101
672 1917 821 1984 fidelibus
846 1919 905 1984 suli
929 1929 1037 1986 nostra
1060 1929 1215 2006 potestate
1236 1919 1437 2004 degentibus,
1454 1920 1504 1984 dei
1522 1919 1666 1985 ecelesiis
1682 1930 1756 1984 suut
1772 1919 1899 1999 0011010,
1918 1928 2016 2006 regia

346 2021 535 2086 auctoritate
556 2022 684 2088 firmare
708 2033 740 2088 et
763 2024 940 2110 priuilegiis
962 2036 1151 2112 perpetuare
1174 2028 1335 2112 proposui.
1359 2025 1478 2091 Notum
1503 2003 1601 2110 igitur
1623 2027 1665 2090 sit
1685 2029 1835 2092 omnibus
1859 2037 1924 2092 tam
1950 2049 2018 2092 100-

346 2126 499 2192 dernibus
522 2152 617 2216 quam
640 2130 745 2196 future
770 2136 835 2200 vite
858 2133 1107 2216 successoribus,
1140 2134 1225 2220 quod
1257 2155 1317 2218 ego
1345 2131 1425 2196 Bela
1461 2131 1520 2196 III.
1555 2130 1605 2196 dei
1640 2133 1751 2216 gracia
1785 2155 1846 2196 rex
1879 2131 2018 2196 secundi

345 2231 470 2320 Geysse
493 2239 580 2322 regis
601 2236 695 2321 iilius,
720 2261 791 2304 eum
816 2239 900 2306 Albe
924 2240 1104 2327 solempnes
1128 2241 1230 2331 sapeti
1254 2238 1407 2326 Stephani
1430 2239 1516 2322 regis
1539 2260 1669 2322 agerem
1684 2237 1762 2319 dies,
1784 2237 2018 2322 aagrabienses

345 2343 490 2408 00000101
514 2343 553 2410 (10
578 2367 636 2410 sua
659 2347 767 2433 inopia
790 2357 822 2412 et
843 2348 968 2412 iniuriis
991 2346 1052 2413 sibi
1086 2346 1183 2412 illatis
1214 2347 1379 2434 conquesti
1413 2353 1495 2409 suut.
1532 2343 1602 2429 Ego
1639 2367 1716 2408 1010
1753 2343 1921 2408 ecelesiam
1959 2342 2015 2407 dei

351 2445 521 2513 subleuare
544 2449 741 2533 desiderans,
768 2475 829 2517 non
851 2453 1008 2535 adterere,
1032 2453 1233 2518 lacrimosam
1258 2475 1367 2518 eorum
1402 2452 1633 2538 querimoniam
1658 2451 1690 2513 in
1721 2452 1889 2536 presencia
1919 2471 2020 2534 quam

348 2551 485 2638 plurium
510 2557 601 2639 regni
626 2559 686 2622 mei
713 2561 890 2646 principum
915 2559 1081 2640 ascultaui,
1102 2569 1133 2623 01
1158 2559 1287 2624 causam
1305 2557 1451 2624 discussi.
1475 2557 1677 2642 Propositum
1694 2566 1743 2620 est
1763 2558 1847 2620 euim
1872 2577 2021 2641 usupra·

348 2658 441 2724 dietis
464 2663 638 2745 canonicis,
664 2665 749 2750 quod
771 2665 906 2730 Alexius
929 2666 1089 2752 quondam
1116 2665 1227 2746 banus,
1262 2686 1320 2751 pro
1343 2665 1451 2729 anima
1481 2662 1537 2726 filii
1562 2664 1621 2743 sui,
1646 2684 1682 2726 eo
1707 2672 1853 2746 ternpore
1888 2685 1931 2726 ex
1956 2659 2022 2726 hoe

346 2764 454 2829 seculo
469 2765 673 2846 decedentis,
698 2771 844 2855 predium
868 2771 1028 2858 quoddam
1049 2770 1200 2857 Toplissa
1224 2772 1354 2835 nomine
1377 2767 1512 2834 ecclesie
1536 2767 1739 2854 zagrabiensi
1763 2790 1836 2842 cum
1868 2767 2023 2832 omnibus

346 2870 407 2933 sibi
432 2874 632 2956 pertinentiis
649 2875 841 2942 tradidisset.
859 2876 953 2957 Quod
972 2889 1082 2964 postea
1099 2877 1259 2962 quondam
1277 2875 1374 2940 Belde
1390 2875 1519 2938 nomine
1538 2895 1645 2938 eomes
1664 2873 1705 2937 de
1728 2871 1880 2939 Garestin
1906 2875 1913 2910 ¹
1939 2883 2022 2937 tem·

346 2999 423 3063 porc
447 2981 500 3043 aui
525 2982 587 3044 mei
612 2983 697 3067 regis
722 2981 799 3047 Bele
824 2983 954 3048 secundi
985 2983 1142 3048 violenter
1175 2981 1395 3068 subripuisset,
1430 2991 1462 3045 et
1495 2980 1580 3045 idem
1616 2981 1818 3067 postmodum
1851 2979 2024 3044 Mothmer

349 3084 418 3148 eius
441 3084 535 3150 heres
554 3097 586 3150 et
609 3110 776 3154 successor
798 3089 943 3165 fecisset}
959 3100 990 3154 et
1014 3091 1090 3176 quia
1107 3109 1241 3173 reguum
1264 3087 1408 3172 Ungarie
1425 3089 1508 3152 sicut
1524 3089 1664 3172 peccatis
1681 3087 1892 3171 exigentibus
1909 3089 2022 3172 sepius

352 3188 421 3254 fieri
447 3189 535 3274 solet,
560 3195 682 3257 eratin
708 3194 948 3278 disturbatione,
980 3195 1192 3282 prenominati
1224 3195 1370 3258 canonici
1401 3193 1651 3280 supersederunt
1680 3193 1857 3279 questioni,
1889 3203 2022 3278 tempus

346 3305 553 3382 expectantes
577 3309 780 3385 oportunum.
805 3299 858 3365 Ad
882 3301 1028 3366 ultimum
1053 3323 1131 3365 vero
1155 3308 1264 3364 nostro
1286 3301 1375 3384 regni
1400 3308 1543 3386 tempore
1574 3309 1648 3362 ante
1679 3308 1820 3364 nostram
1856 3297 2023 3363 excellen-

345 3402 421 3464 tiam
447 3401 529 3467 Albe
553 3415 667 3471 eontra
689 3405 903 3476 Motbmerum
927 3407 967 3472 de
991 3407 1114 3494 prefato
1148 3407 1259 3493 predio
1294 3407 1526 3494 querimoniam
1562 3403 1789 3491 deposuerunt.
1836 3404 1907 3488 Ego
1943 3426 2024 3466 1010

344 3509 479 3572 10111010
514 3511 658 3632 undique
690 3515 930 3601 circumspecta
969 3537 1026 3600 per
1064 3513 1308 3578 adtestationem
1344 3515 1484 3578 virorum
1520 3512 1676 3577 nobilium
1708 3513 1876 3577 veritatem
1908 3511 1957 3575 rei
1993 3520 2024 3572 et

344 3614 538 3678 iusticiam
530 3640 592 3680 ram
622 3618 687 3682 (110
675 3631 778 3684 orum
804 3621 1030 3684 canonicorum
1054 3641 1262 3702 cognoscens,
1283 3619 1538 3704 prenominatum
1562 3617 1720 3704 predium,
1753 3640 1809 3703 per
1846 3615 2022 3680 eonsilium

345 3729 377 3783 et
400 3741 566 3786 assensum
595 3725 793 3812 principum,
817 3724 953 3790 ecclesie
977 3725 1178 3810 zagrabiensi
1202 3719 1338 3806 reddidi,
1363 3723 1437 3788 (1010
1460 3724 1616 3788 aduocato
1632 3723 1787 3788 Dionisio
1811 3721 1907 3787 bano.
1934 3721 2025 3786 Meta

344 3848 423 3890 1010
448 3827 582 3912 predicti
606 3830 707 3916 predii
733 3831 834 3896 tendit
857 3853 959 3918 usque
983 3832 1022 3894 ad
1047 3829 1185 3896 riuulum
1211 3829 1381 3915 Globossa,
1405 3838 1438 3894 et
1460 3829 1614 3896 diuiditur
1637 3852 1709 3894 eum
1734 3839 1818 3893 meta
1851 3827 2022 3914 Srumsey.

346 3931 472 3998 Deinde
496 3935 598 4000 tendit
620 3939 765 4023 superius
788 3938 827 4002 ad
853 3947 992 4002 montem
1017 3935 1214 4017 Wolcmerii‚
1239 3936 1283 4004 ibi
1309 3933 1509 4022 protenditur
1531 3936 1565 3999 in
1582 3933 1712 4020 longum
1731 3935 1763 3998 in
1783 3933 1877 3998 dorso
1897 3935 2020 3998 montis
2071 3937 2082 3942 ”

263 4089 265 4094 ,
346 4048 378 4105 et
401 4039 569 4105 descendit
592 4043 625 4105 in
649 4042 765 4108 vallem
790 4065 847 4130 per
870 4066 983 4108 nasum
1008 4042 1151 4106 eiusdem
1182 4043 1309 4124 montis,
1345 4051 1376 4105 01
1409 4041 1484 4106 inde
1518 4050 1605 4104 recto
1641 4042 1767 4104 tramite
1801 4039 1952 4103 ascendit
1981 4039 2021 4102 ad

346 4155 487 4210 montem
511 4146 608 4210 alium
633 4148 686 4214 ubi
712 4157 761 4212 est
784 4152 845 4229 110,
868 4159 900 4214 01
924 4149 963 4214 (10
987 4151 1041 4213 110
1063 4147 1269 4212 descenditur
1292 4153 1324 4212 01
1347 4147 1492 4212 aseendit
1514 4147 1554 4211 ad
1579 4147 1713 4210 tercium
1740 4153 1891 4227 montem,
1916 4157 1951 4210 et
1965 4169 2024 4232 per

346 4262 485 4316 mentem
510 4254 583 4334 itur,
609 4262 640 4317 et
663 4253 756 4318 certis
780 4256 872 4318 metis
897 4253 1063 4320 deseendit
1086 4264 1118 4318 et
1140 4253 1285 4318 ascendit
1307 4253 1347 4318 ad
1372 4276 1522 4338 magnum
1560 4260 1710 4331 montem,
1754 4250 1794 4314 ad
1828 4251 1928 4332 11010,
1966 4251 2021 4316 ubi

348 4359 492 4444 iungitur
515 4381 588 4422 cum
613 4359 875 4444 garestiensibus,
901 4372 932 4424 et
955 4384 1016 4447 per
1039 4362 1124 4424 viam
1149 4357 1237 4425 illam
1257 4361 1321 4424 itur
1335 4359 1367 4424 iu
1386 4381 1533 4443 maguam
1551 4359 1635 4422 viam
1653 4380 1710 4444 per
1735 4379 1831 4444 quam
1848 4355 2025 4422 descendit

346 4463 385 4527 ad
411 4486 528 4551 aquam
552 4463 654 4550 Bigne
679 4475 711 4530 et
734 4467 875 4552 iungitur
900 4466 1175 4553 zagrabiensibus=
1201 4465 1244 4529 Et
1268 4489 1307 4530 ne
1330 4463 1393 4530 hoe
1416 4475 1558 4530 nostrum
1578 4465 1760 4528 institutum
1787 4486 1911 4527 annosa
1945 4463 2023 4528 abo·

347 4569 426 4634 leret
449 4580 600 4653 vetustas,
629 4571 680 4637 vel
703 4574 885 4661 iniquorum
911 4585 1097 4657 peruertere
1120 4572 1227 4638 101001
1249 4576 1417 4658 sagacitas,
1436 4571 1640 4658 priuilegium
1658 4594 1715 4658 per
1736 4573 1894 4636 notarium
1911 4595 2022 4636 meum
2052 4573 2055 4579 '

346 4674 466 4739 Waaca
491 4679 621 4742 inscribi
646 4678 708 4744 feei
732 4689 763 4743 et
786 4679 885 4765 regali
912 4678 1018 4766 sigillo
1043 4693 1074 4746 et
1097 4680 1184 4744 anuli
1218 4683 1280 4744 mei
1314 4681 1524 4766 impressione
1556 4677 1716 4742 roboraui.
1754 4675 1849 4756 Quod
1883 4678 1910 4740 si
1948 4678 2023 4763 quis

347 4782 467 4847 violare
492 4787 703 4865 temptauerit,
732 4795 766 4850 ut
786 4789 874 4870 regie
897 4788 1105 4852 institutionis
1130 4809 1204 4851 reus
1228 4797 1260 4851 et
1283 4785 1417 4851 ecclesie
1443 4783 1578 4848 violator
1609 4807 1726 4870 penam
1752 4780 1828 4864 luat,
1866 4795 1899 4847 et
1921 4783 2023 4847 rebus

348 4889 499 4952 multatus
526 4888 600 4976 (sie)
626 4893 933 4958 excomunicatiouis
958 4891 1095 4960 subbeat
1118 4893 1318 4956 seutentiam.
1354 4894 1484 4956 Factum
1517 4899 1566 4954 001
1590 4899 1695 4955 autem
1722 4888 1782 4952 hoe
1813 4883 2022 4974 priuilegium

346 5018 430 5059 auno
455 4995 614 5062 dominice
637 4999 865 5065 incarnationis
890 4995 1111 5062 MOLXXXI.
1136 4999 1303 5083 Regnante
1341 4995 1574 5081 gloriosissimo
1609 5019 1685 5080 rege
1724 4993 1802 5058 Bele
1837 4995 1896 5062 Ill.
1930 4995 2026 5059 Luca

348 5103 553 5187 strigoniensi
578 5101 821 5189 archiepiscopo
845 5105 1015 5180 existente,
1038 5103 1186 5169 Johaune
1214 5103 1439 5190 besprimiensi
1463 5105 1623 5190 episeopo,
1648 5101 1796 5168 Prodano
1818 5101 2025 5186 zagrabiensi

502 5267 509 5302 ¹
530 5267 678 5331 1101001111.
