4310 5918
488 614 539 683 De
564 618 679 685 alodiis
703 623 734 681 in
761 612 907 679 Garrina.

488 725 602 790 Eidem
628 704 820 788 monasterie
846 719 1061 786 vendiderunt
1085 719 1190 785 alodia
1214 743 1271 784 sua
1288 721 1319 785 in
1335 720 1472 786 GarrIza
1496 745 1551 808 pro
1577 721 1710 788 XXXV
1727 721 1785 789 soi.
1807 723 1858 788 isti
1886 722 2013 789 villani:

331 830 483 896 videlieet
506 815 685 898 Tiressimir
710 841 741 894 ot
764 827 916 892 Dabruza
933 849 1005 890 cum
1022 825 1171 890 omnibus
1196 828 1261 891 suis
1284 830 1500 912 pertinenciis,
1526 829 1558 891 in
1581 831 1683 915 aquis,
1709 832 1741 893 in
1758 829 1858 912 siluis,
1884 831 1917 894 in
1942 853 2014 915 pra·
2133 895 2134 928 ἦ

331 935 380 1020 tis,
398 936 534 1002 testibus
558 937 624 1002 his:
639 936 746 1003 Siaiza
762 931 918 998 duernich
943 941 974 996 et
990 930 1170 998 Chaleinna
1193 945 1225 998 et
1247 933 1408 998 Prebinna
1432 958 1488 998 suo
1513 935 1610 1000 fratrc
1635 947 1666 1001 ct
1689 935 1865 1018 i'iresinna,
1891 960 2015 1024 suoque

331 1043 430 1109 fratre
453 1067 492 1110 ac
515 1045 580 1109 suis
604 1044 680 1108 filiis
704 1041 830 1106 duobus
855 1037 1009 1104 Saidinna
1033 1051 1063 1102 et
1088 1041 1238 1123 Desinoa,
1256 1051 1288 1106 et
1311 1040 1496 1123 Lubidrage
1521 1050 1553 1106 et
1575 1041 1643 1106 fere
1667 1041 1817 1108 omuibus
1838 1044 1878 1107 de
1900 1043 2014 1108 eedem
2132 1035 2134 1094 i

329 1151 403 1214 vico
427 1149 566 1216 villanis.
591 1148 634 1213 Et
657 1148 718 1214 hoc
743 1147 802 1211 sub
827 1156 970 1233 tempore
999 1144 1136 1212 abbatis.
1163 1145 1197 1212 P.

488 1256 540 1321 De
564 1254 681 1321 alodiis
704 1254 736 1318 in
759 1251 896 1318 Jassene
925 1252 1008 1316 vico.

486 1361 603 1428 Eidem
627 1361 821 1426 monasterio
844 1356 951 1422 alodia
978 1379 1037 1422 sua
1061 1358 1274 1424 vendiderunt
1292 1357 1324 1424 hi
1348 1360 1468 1444 villani,
1494 1362 1618 1428 scilicet
1640 1361 1823 1428 Thessinna
1846 1369 1878 1427 et
1899 1360 2016 1446 Dilga·

332 1472 392 1554 zai,
406 1469 481 1552 Ubi,
495 1470 569 1556 (sic)
586 1469 618 1532 in
631 1467 738 1532 Asene
753 1467 833 1530 vico.
848 1464 921 1545 Quo
935 1465 1052 1550 precio,
1071 1487 1127 1550 pro
1144 1464 1246 1530 tribue
1270 1470 1453 1550 remanetis,
1480 1469 1597 1555 quibus
1609 1468 1780 1538 aientibus
1807 1469 1877 1532 istis
1910 1467 2014 1533 Scidi-
2132 1447 2134 1540 Ξ

330 1603 370 1642 ns
395 1586 427 1641 et
450 1576 608 1641 Jursinna
639 1595 798 1638 unacum
831 1571 979 1636 Budinns
1005 1593 1062 1636 suo
1086 1570 1193 1651 fratre,
1220 1573 1363 1658 utrisque
1387 1570 1463 1638 filiis
1494 1574 1590 1658 Petri,
1626 1584 1658 1639 et
1691 1573 1752 1638 hoe
1775 1575 1834 1638 sub
1866 1583 2016 1660 tempore
2133 1585 2134 1612 ³

330 1684 459 1750 abbatis
483 1682 518 1748 P.
1040 1687 1045 1700 '

486 1787 538 1853 De
560 1806 637 1872 agro
661 1783 793 1849 Andree
818 1785 849 1847 in
871 1781 1053 1864 Chrestsni,
1076 1784 1108 1846 in
1133 1782 1203 1848 loco
1227 1785 1282 1870 qui
1306 1785 1424 1852 dicitur
1447 1787 1623 1854 Velicbina.

486 1893 602 1958 Eidem
625 1893 819 1956 monasterio
844 1888 990 1955 vendidit
1015 1912 1105 1954 suurn
1130 1913 1243 1975 agrum
1268 1893 1303 1955 in
1329 1892 1497 1960 Veilchica
1528 1895 1705 1983 quis(nam)
1733 1893 1892 1974 Andreas,
1925 1893 2014 1958 filius

329 2001 521 2084 Trebauizo,
544 2022 608 2087 quo
634 1999 750 2086 precis,
775 2020 831 2084 pro
856 1995 958 2061 tribus
975 1999 1158 2061 remanetis.
1176 1997 1319 2078 Quorum
1351 2003 1541 2081 testimonio,
1572 2004 1723 2068 istorum:
1747 2001 1908 2067 Tessinna
1938 2023 2014 2064 oum

334 2112 401 2175 suis
425 2107 499 2172 iiiiis
524 2117 556 2172 et
580 2105 753 2192 Draganui.
776 2103 818 2168 Et
841 2103 903 2168 hoe
925 2102 985 2168 sub
1010 2112 1155 2184 tempore
1178 2104 1315 2170 abbatis.
1340 2105 1375 2170 P.

486 2212 537 2277 De
560 2223 646 2277 terra
670 2210 823 2276 Stanimir
845 2209 974 2274 vendita
1000 2211 1033 2273 in
1058 2209 1256 2277 Dubrouina.

484 2319 601 2383 Eidem
627 2319 821 2383 monasterio
843 2315 989 2380 vendidit
1012 2316 1165 2381 Stanimir
1188 2327 1306 2382 terram
1331 2321 1363 2383 in
1385 2318 1573 2384 Dubrovina
1598 2343 1653 2407 pro
1688 2318 1788 2384 V1111
1818 2320 2013 2384 remanetis.

326 2427 480 2494 Testibus
502 2423 570 2489 his:
593 2424 723 2490 Siauiaa
743 2422 908 2503 duoruich,
933 2433 965 2488 et
981 2421 1160 2488 Ohrteinna
1178 2434 1208 2488 ct
1225 2423 1379 2510 Drugaza
1398 2435 1429 2490 et
1451 2425 1524 2491 filiis
1541 2425 1627 2492 Petri
1644 2426 1665 2491 J
1669 2429 1781 2491 ursina
1797 2435 1829 2491 et
1845 2425 2015 2491 Budinnar

328 2544 360 2600 ct
383 2532 446 2598 hoo
469 2530 530 2596 sub
554 2543 697 2616 tempore
721 2529 857 2594 abbatis.
883 2527 918 2593 P.

485 2637 537 2702 De
561 2648 646 2703 terra
669 2635 816 2701 Zouinna
837 2635 893 2700 iiiii
925 2634 1091 2720 Negomir.

464 2743 579 2808 Eidem
604 2744 796 2808 monasterio
822 2741 966 2806 vendidit
989 2754 1106 2806 terram
1130 2766 1221 2807 suam
1246 2744 1277 2808 in
1301 2742 1497 2810 Seuischanc
1531 2744 1687 2827 Zouinoa,
1720 2745 1806 2810 fliius
1840 2745 2011 2832 Negomir,

277 2846 280 2854 ’
326 2865 435 2940 tragos
460 2853 600 2938 quinque
626 2873 682 2936 pro
704 2873 742 2914 ea
756 2851 788 2912 in
803 2850 911 2934 precio
929 2849 1101 2935 accipiens.
1119 2849 1271 2916 Testibus
1290 2849 1355 2914 his:
1380 2851 1553 2932 Thesinna,
1571 2853 1701 2941 suisque
1720 2853 1795 2917 fiiris
1811 2863 1843 2917 et
1861 2851 1923 2918 boo
1946 2853 2012 2917 sub

327 2969 471 3047 tempore
492 2956 627 3038 abbatis,
648 2955 684 3020 P.

485 3107 672 3173 Polichorien.
696 3113 721 3170 U
744 3113 848 3170 arkivu
872 3111 1021 3186 gubernijrt
1038 3113 1221 3188 nadarskoga.

1019 3431 1174 3519 CXCV.
1207 3434 1315 3520 1077.

328 3601 420 3678 Njeki
441 3603 555 3663 Kernie
578 3599 685 3676 dumne
705 3603 879 3660 samostonu
901 3615 944 3661 su.
969 3599 1068 3671 ,loono
1093 3617 1132 3659 eo.
1165 3619 1186 3658 u
1216 3600 1379 3675 Betprodu,
1409 3603 1494 3676 svoju
1525 3603 1680 3663 ericusa.
1709 3604 1843 3679 Mibotjo
1875 3607 1903 3666 ἑ·
1918 3609 2010 3680 nicto

993 3706 1134 3781 semijistc
1157 3727 1178 3766 u
1200 3707 1338 3768 Mironu.

974 3860 1024 3926 De
1056 3873 1139 3926 terra
1166 3865 1198 3927 in
1222 3861 1357 3929 Mirans.

309 4069 311 4072 .
484 4015 520 4080 In
544 4017 673 4081 nomine
697 4015 820 4079 domini
844 4013 895 4078 dei
925 4015 1025 4078 eterni
1044 4024 1075 4076 et
1099 4013 1270 4078 saluatoris
1295 4003 1394 4080 nostri
1416 4015 1519 4082 Jhcsu
1543 4016 1672 4107 Christi,
1697 4043 1780 4084 anno
1799 4021 1840 4086 ab
1856 4023 2008 4088 incarna-

327 4127 412 4190 tione
437 4123 579 4189 eiusdem
604 4121 774 4187 millesimo
796 4119 989 4207 Lxxvtlt)
1012 4121 1189 4187 indictione
1213 4144 1290 4186 vero
1313 4121 1386 4186 XV.
1411 4123 1610 4209 apostoiante
1634 4123 1793 4210 Gregorio
1819 4126 1883 4192 VII
1911 4151 2005 4214 papa,

326 4234 503 4320 imperante
526 4227 666 4294 Michael
686 4228 768 4314 apud
795 4227 928 4308 Grecos,
953 4236 1109 4311 regnante
1134 4225 1289 4292 Suinimir
1311 4229 1396 4314 apud
1422 4227 1566 4303 Sclauos,
1592 4230 1685 4295 Petro
1711 4233 1869 4297 existente
1885 4231 2005 4298 abbate

327 4341 360 4405 in
383 4336 579 4403 monasterio
596 4338 698 4400 sancti
715 4333 884 4400 Johannis.
905 4333 973 4420 Ego
990 4331 1113 4397 Kernin
1131 4336 1333 4420 precogitans
1350 4335 1461 4398 diuina
1478 4337 1652 4421 inspirante
1669 4339 1773 4422 gratia
1789 4338 1874 4403 diem
1893 4342 2005 4404 mortis

326 4467 365 4509 ae
388 4444 604 4530 deposicionis
629 4461 708 4522 mee,
735 4450 766 4505 ct
789 4442 928 4506 comissa
950 4448 1046 4526 atque
1071 4440 1213 4505 facinora
1235 4463 1305 4504 rnea
1332 4440 1426 4504 valde
1452 4443 1684 4526 pertimiseens‚
1702 4467 1742 4508 ne
1766 4443 1931 4510 districtus
1956 4448 2003 4510 iu·

327 4549 391 4615 dex
414 4572 465 4628 me
489 4550 632 4614 occisum
669 4545 722 4612 vel
758 4546 969 4610 dormientem
1003 4549 1154 4610 citantis
1190 4547 1377 4611 criminibus
1413 4545 1598 4611 obuolutum
1622 4551 1773 4631 inueniat,
1809 4551 2004 4616 confratrem

327 4657 432 4721 mein
457 4653 602 4742 predicto
626 4654 820 4719 monasterio
844 4650 988 4732 exhibui,
1012 4663 1126 4738 postea
1149 4675 1225 4717 vcro
1252 4652 1346 4718 michi
1372 4655 1512 4718 maximo
1533 4659 1780 4740 superueniente
1812 4657 2001 4738 infortunio,

326 4763 464 4850 quedam
488 4784 579 4826 soror
602 4784 674 4826 mea
696 4784 715 4824 a
738 4758 1125 4846 quisbudamiatronibus
1149 4770 1198 4824 est
1217 4771 1308 4847 rapta
1341 4771 1372 4824 et
1396 4762 1427 4823 in
1451 4763 1604 4826 seruitute
1636 4773 1729 4826 extra
1754 4769 1895 4828 nostram
1932 4787 2002 4850 pro·

327 4871 464 4936 uinciam
489 4867 715 4934 miserabiliter
738 4864 937 4946 venditando
961 4869 1051 4931 cuius
1076 4866 1259 4932 venditione
1282 4877 1314 4931 et
1337 4867 1521 4951 captiuitste
1539 4877 1572 4930 ut
1588 4867 1656 4953 (de)
1676 4871 1804 4955 proprie
1819 4893 1915 4936 carne
1933 4894 2004 4935 mea

327 4979 533 5043 contristatus
557 4973 658 5052 valde,
682 4995 752 5038 cum
777 4995 841 5038 non
858 4971 1010 5038 haberem
1029 4995 1169 5054 censum,
1193 4994 1287 5059 quem
1308 4996 1366 5060 pro
1391 4973 1535 5059 predicta
1558 4996 1667 5039 sorore
1693 4999 1763 5041 mea
1779 4977 1937 5055 daremus,
1962 4979 2003 5044 ad

326 5083 453 5148 abbatis
477 5080 562 5146 iilius
587 5078 838 5144 misericordiam
869 5079 986 5164 pietate
1010 5081 1145 5162 cucurri,
1171 5088 1267 5165 atque
1291 5089 1326 5145 ut
1348 5080 1449 5144 nostri
1475 5082 1643 5146 miseretur
1660 5082 1829 5168 postulaui.
1848 5083 1907 5148 Ille
1925 5107 2001 5150 vero

328 5199 435 5276 utpote
460 5189 562 5252 bonus
585 5197 702 5274 pastor,
730 5187 848 5251 sororis
874 5209 942 5250 mee
967 5185 1198 5271 benignissime
1226 5187 1360 5251 intuitus
1391 5195 1423 5250 et
1453 5188 1604 5252 misertus
1639 5199 1695 5270 est,
1728 5199 1760 5254 et
1792 5212 1861 5254 eam
1894 5194 2003 5278 precio

327 5295 462 5359 redemit
494 5295 591 5357 etsie
615 5291 654 5356 de
679 5293 864 5379 captiuitate
888 5291 1049 5357 liberauit.
1075 5291 1155 5356 Cum
1177 5293 1275 5377 igitur
1300 5291 1410 5358 diuina
1433 5293 1603 5358 clementia
1627 5317 1670 5360 ex
1695 5293 1756 5360 hae
1781 5298 1848 5362 uita
1871 5319 1922 5362 me
1947 5319 2002 5362 uo·

327 5423 400 5474 care
424 5401 554 5497 dignata
577 5409 635 5492 est,
659 5399 793 5491 predicti
818 5399 1013 5466 venerabilis
1037 5399 1164 5466 abbatis
1188 5422 1251 5464 uon
1275 5402 1451 5483 immemor,
1468 5423 1526 5490 pro
1550 5399 1653 5467 salute
1676 5404 1782 5468 anime
1807 5425 1876 5469 mee
1893 5413 1925 5468 et
1942 5427 1998 5494 pre
