4254 5922
704 594 919 678 ccxnlv.
958 595 1052 678 978.
1077 596 1113 678 l.
1138 595 1366 698 listnpsda.
1394 595 1431 678 U
1459 596 1629 678 Pasovt.

328 757 419 831 uras
451 757 519 818 Otto
549 758 600 820 ΙΙ.
625 758 798 833 potorqiaje
827 759 911 818 ortui
940 757 1163 834 solnoprcdstoj
1195 773 1249 818 eoo
1278 758 1329 830 aja
1348 759 1463 837 poam,
1494 759 1620 832 soleam
1643 777 1658 820 s
1681 761 1803 834 aistimi
1820 761 1947 834 machati
1967 779 2006 820 aa

1039 863 1127 922 Mari
1149 863 1163 921 a·
1184 858 1297 923 Drusi.

487 1030 524 1094 In
548 1031 677 1094 nomine
695 1039 825 1094 annone
849 1039 881 1094 et
904 1027 1092 1094 indiuiduas
1116 1028 1279 1094 trinitatis.
1304 1026 1381 1094 Otto
1405 1027 1515 1093 diuina
1538 1028 1667 1096 fauente
1690 1031 1799 1116 gracia
1822 1031 2005 1118 Imperator

329 1136 507 1220 Augustus.
533 1135 669 1222 Oportet
691 1159 750 1202 nos
778 1137 832 1222 qui
849 1135 959 1201 diuino
977 1157 1087 1200 sumus
1104 1155 1238 1200 munere
1258 1132 1461 1220 quodmodo
1483 1138 1711 1221 praecaeteris
1728 1135 1916 1204 mortalibus
1933 1139 2005 1203 snb·

330 1242 442 1325 limati,
466 1245 534 1307 eius
559 1243 590 1306 in
614 1241 763 1307 omnibus
788 1263 901 1328 parere
921 1242 1090 1326 mandatis,
1109 1243 1200 1306 cuius
1222 1239 1400 1308 clemencia
1423 1240 1557 1327 praelati
1581 1265 1701 1308 sumus.
1721 1242 1815 1309 Unde
1839 1244 1911 1309 loca
1933 1244 2005 1328 deo,

328 1352 420 1414 cuius
437 1349 547 1434 gracia
563 1347 797 1435 praecellimus,
814 1347 970 1436 dicatalsi
982 1358 1111 1413 nostrae
1123 1347 1268 1412 dacionis
1281 1356 1314 1412 et
1325 1347 1583 1414 confirmacionis
1599 1359 1778 1434 augeantur
1790 1350 2004 1416 stabiliantur·

330 1477 392 1542 que
412 1456 612 1536 auctoritato,
637 1465 669 1519 et
691 1454 733 1519 ad
757 1463 958 1542 praesentem
983 1455 1083 1518 vitam
1108 1451 1330 1540 temporaliter
1353 1454 1604 1540 transigendam,
1629 1465 1661 1521 et
1691 1455 1732 1521 ad
1762 1466 1925 1526 aeternam
1961 1458 2006 1524 te-

327 1563 432 1627 lioiter
454 1561 888 1649 obtinendam'profuturum
913 1560 1038 1646 liquido
1058 1559 1231 1626 credimus.
1258 1557 1463 1648 Quapropter
1486 1562 1628 1627 omnium
1656 1571 1837 1628 nosuorum
1861 1563 2004 1630 fidelium

327 1680 391 1734 tam
416 1670 636 1755 praesenciam
661 1691 758 1756 quam
781 1667 960 1732 futurorum
988 1668 1116 1732 nouerit
1139 1667 1279 1748 solertia,
1305 1664 1442 1753 qualiter
1473 1666 1660 1732 Fridarious
1687 1667 1935 1754 Salaburgensis
1957 1693 2006 1734 ee-

328 1773 446 1840 clesiae
471 1773 666 1840 venerabilis
689 1773 961 1860 archiepiscopus,
991 1771 1033 1838 ad
1063 1793 1125 1838 uos
1147 1773 1281 1836 veniens
1305 1781 1448 1840 nostram
1472 1771 1647 1858 postulauit
1670 1775 1885 1858 serenitatem,
1909 1784 1944 1840 ut
1967 1776 2007 1841 oh

250 1941 254 1950 .
327 1881 484 1946 mercedis
507 1890 634 1946 nostrae
656 1889 873 1966 augmentum,
891 1877 1050 1966 quaedam
1066 1877 1146 1958 loca,
1170 1899 1253 1964 quae
1269 1879 1373 1942 nostri
1396 1888 1618 1943 antecessores
1642 1879 1683 1944 ad
1707 1879 1878 1968 ecelesiam
1902 1885 2004 1948 sancti

327 1987 413 2051 Petri
438 1990 604 2073 sanctique
628 1985 805 2052 Roudherti
829 1983 1023 2050 confessoris
1061 1981 1192 2066 Christi,
1218 1982 1273 2048 ubi
1297 1985 1367 2070 ipse
1391 1983 1600 2071 corporaliter
1622 1985 1806 2072 requiescit,
1830 1989 1881 2052 cui
1914 2011 2005 2076 prae-

326 2091 431 2157 dictus
454 2091 714 2180 archiepiscopus
731 2115 861 2179 praesse
884 2091 1024 2172 videtur,
1041 2085 1184 2154 fidelium
1210 2112 1341 2154 suornm
1366 2087 1581 2176 peticionibus
1605 2102 1842 2176 concesserunt,
1866 2117 1886 2158 a
1911 2094 2002 2160 nobis

326 2200 422 2263 etiam
446 2198 720 2264 confirmarentur.
758 2195 859 2264 (luins
883 2197 1035 2284 peticioni
1060 2196 1102 2262 ob
1126 2217 1268 2262 amorem
1293 2197 1539 2264 domini-nostri
1561 2198 1641 2264 Jesu
1675 2198 1805 2283 Christi,
1837 2209 1869 2266 et
1891 2201 1936 2267 ob
1960 2223 2004 2266 re·

329 2304 469 2372 medium
500 2306 677 2371 animarum
711 2314 949 2370 antecessorum
989 2310 1181 2386 nostrorum,
1221 2324 1260 2368 ao
1298 2302 1410 2368 beatae
1445 2306 1619 2370 memoriae
1652 2304 1761 2370 domni
1783 2329 1823 2370 ao
1855 2309 2010 2392 genitoris

326 2413 435 2496 nostri,
457 2420 648 2500 nostraeque
675 2413 777 2476 eciam
812 2411 970 2476 mercedis
997 2422 1218 2496 augmentum,
1253 2407 1364 2474 libenti
1400 2411 1507 2476 animo
1540 2433 1709 2476 assensum
1732 2411 1941 2498 praebentes,
1977 2413 2008 2478 id

324 2519 370 2582 ita
392 2518 460 2582 fieri
485 2517 698 2584 decreuimus.
726 2516 869 2604 Ideoque
896 2517 1060 2582 firmamus
1089 2515 1129 2582 ad
1159 2515 1359 2602 praedictum
1386 2519 1617 2602 monasterium
1654 2521 1757 2584 saneti
1777 2518 1865 2584 Petri
1889 2522 2006 2586 sancti-

326 2647 388 2712 que
412 2623 588 2690 Ruodberti
612 2624 759 2712 primitus
783 2622 952 2690 castellum
976 2631 1107 2688 sanctae
1139 2621 1323 2707 Erntrudis,
1347 2645 1419 2688 oum
1443 2623 1596 2690 omnibus
1622 2626 1705 2690 iuste
1728 2649 1767 2690 ac
1798 2622 1947 2712 legaliter
1969 2626 2008 2691 ad

325 2729 411 2796 idem
436 2730 602 2799 castellum
626 2717 871 2814 pertinentibus,
896 2752 968 2794 oum
994 2729 1145 2812 curtibus,
1167 2728 1407 2810 venacionibus,
1423 2731 1671 2817 piscacionibus,
1695 2731 1779 2799 idest
1803 2732 1845 2798 ah
1869 2733 2005 2800 eeclesia

327 2839 429 2902 sancti
454 2837 582 2902 Martini
606 2859 689 2924 quae
705 2836 837 2926 respicit
860 2845 971 2902 sonna
995 2834 1217 2919 monticulum,
1243 2838 1298 2923 qni
1322 2835 1421 2923 vulgo
1446 2836 1622 2904 Nochstein
1638 2847 1853 2925 nuncupatur,
1879 2861 2006 2905 sursum

327 2967 368 3008 ex
391 2952 527 3030 utraque
568 2952 657 3030 parte
681 2942 823 3008 fluminis
863 2941 980 3008 Luaris
1022 2943 1176 3008 nominati
1211 2963 1312 3029 usque
1344 2943 1377 3006 in
1408 2942 1549 3010 riuulum
1585 2942 1834 3032 Quartinspach.
1870 2949 2005 3033 Insuper

326 3051 427 3116 eciam
451 3051 482 3116 in
505 3052 575 3136 ipso
592 3046 697 3116 riuulo
720 3051 938 3132 venacionem,
956 3049 1238 3136 piscacionemque
1261 3071 1303 3112 ex
1327 3058 1462 3135 utraque
1487 3060 1577 3136 parto
1597 3053 1777 3136 praenotati
1800 3052 1943 3118 fluminis
1965 3053 2006 3118 ad

326 3167 470 3222 sanctum
495 3137 754 3222 Maximiliauum
780 3179 879 3244 usque
910 3155 986 3220 dum
1011 3154 1173 3222 Tuontina
1196 3177 1238 3220 ex
1260 3152 1438 3241 aquilonali
1462 3165 1553 3242 parte
1575 3155 1647 3221 fluit
1666 3159 1698 3220 in
1723 3157 1924 3244 praedictum
1950 3159 2006 3224 fiu-

328 3287 409 3346 men,
433 3273 529 3350 atque
552 3262 676 3328 riuulus
700 3261 847 3328 Gaustuna
871 3285 913 3328 ex
935 3259 1067 3328 australi
1103 3269 1203 3344 parte.
1234 3257 1289 3324 Ad
1319 3259 1403 3324 haec
1436 3265 1537 3326 eciam
1568 3261 1734 3328 firmamus
1757 3263 1799 3328 ad
1822 3264 2003 3350 praefatum
2103 3261 2105 3294 ³

327 3372 553 3435 monasterium
590 3371 777 3450 iuuauense,
810 3368 959 3434 forestem
984 3391 1005 3432 a
1027 3369 1163 3434 termino
1187 3369 1243 3454 qui
1269 3369 1302 3431 in
1326 3366 1479 3432 Pisoneia
1513 3369 1636 3456 incipit,
1671 3368 1733 3434 hoc
1763 3380 1813 3434 est
1835 3370 1875 3434 de
1898 3372 2002 3438 riuulo
2104 3359 2105 3362 Ἴ

327 3475 490 3562 Erilipach
513 3497 615 3566 usque
638 3476 679 3540 ad
702 3473 842 3541 Acutum
859 3487 1011 3557 montem,
1035 3477 1090 3561 qui
1106 3474 1243 3540 diutisoe
1260 3481 1394 3538 vocatur
1416 3473 1658 3560 Wassinperch,
1677 3497 1776 3562 prope
1799 3476 1950 3555 Iscalam,
1974 3481 2004 3542 in

327 3579 381 3646 illo
406 3580 476 3648 loco
500 3577 554 3646 ubi
589 3583 744 3648 terminus
775 3579 903 3646 forestis
935 3580 1107 3666 Ratpotoni
1141 3581 1267 3644 comitis
1298 3602 1333 3646 se
1361 3579 1401 3644 de
1424 3582 1485 3646 isto
1517 3579 1682 3665 disiungit.
1705 3580 1749 3645 Et
1772 3583 1805 3646 in
1828 3581 2002 3669 aquilonali

327 3697 417 3774 parte
440 3687 480 3752 de
504 3686 608 3752 riuulo
631 3686 858 3774 Tinnilinpach
873 3709 973 3774 usque
996 3686 1038 3752 ad
1061 3687 1277 3752 summitatem
1294 3687 1411 3751 montis
1426 3684 1606 3750 Oiruencus
1628 3687 1795 3764 nominati,
1819 3697 1851 3753 et
1876 3689 1918 3754 de
1942 3691 2003 3756 iarn

328 3793 414 3858 dicto
433 3805 541 3859 monte
565 3793 797 3882 Wassinpcrch
821 3816 923 3882 usque
947 3792 989 3858 ad
1012 3791 1191 3878 praefatum
1209 3791 1419 3857 monticulum
1442 3791 1619 3856 Nochstein
1643 3792 1700 3856 illa
1723 3803 1874 3860 montana
1897 3800 2003 3861 omnia

327 3901 463 3986 quaein
488 3909 644 3987 potestate
667 3891 910 3964 antecessorum¹
941 3908 1122 3963 nostrorum
1147 3897 1277 3964 fuerunt
1300 3907 1332 3963 et
1355 3907 1473 3976 nostra,
1497 3897 1539 3962 ad
1555 3897 1618 3962 iam
1635 3897 1759 3964 dictum
1776 3905 2002 3968 monasterium

327 4009 502 4072 firmamus.
528 4004 659 4071 Ourtem
684 4029 812 4093 quoque
837 4003 1068 4070 Piscoffesdorf
1085 4026 1157 4069 cum
1181 4002 1333 4069 omnibus
1356 4007 1425 4069 iure
1448 4003 1489 4069 ad
1513 4005 1648 4070 eandem
1672 4016 1795 4071 curtem
1819 4011 2001 4094 pertinenti-

327 4113 397 4194 bus,
421 4123 518 4200 atque
540 4113 754 4199 piscacionem
781 4113 812 4176 in
837 4111 909 4178 lacu
933 4111 1069 4178 Aterseo
1090 4112 1240 4196 vocitato,
1265 4113 1335 4176 sine
1358 4111 1494 4181 alicuius
1519 4110 1657 4177 hominis
1682 4113 1947 4198 contradictione,
1970 4118 1999 4182 id

326 4230 375 4284 cst
398 4217 470 4282 illos
493 4217 654 4304 quondam
679 4217 859 4304 praedictos
882 4227 1002 4282 tractus
1024 4215 1084 4281 XI.
1109 4219 1193 4283 sicut
1225 4217 1426 4284 dominicalis
1450 4227 1535 4284 terra
1559 4243 1593 4284 se
1615 4220 1657 4285 ad
1689 4221 1907 4307 Poumgarten
1932 4227 1998 4310 ipso

328 4325 398 4388 lacu
421 4324 602 4408 audiungit,
626 4346 698 4388 cum
732 4325 911 4410 piscacione
933 4325 967 4388 in
990 4323 1105 4390 eodem
1136 4323 1207 4390 lacu
1230 4325 1271 4392 ad
1295 4324 1437 4392 Atarhof
1456 4327 1557 4391 nostri
1579 4325 1659 4393 luris
1691 4329 1873 4414 pertinenti,
1898 4329 1999 4394 firma-

327 4452 397 4494 mus
421 4432 522 4494 eciam
548 4431 625 4494 istas
650 4439 755 4496 curtes
779 4431 811 4494 in
835 4431 999 4516 proprium
1022 4449 1105 4516 quae
1128 4438 1223 4496 antea
1252 4433 1285 4495 in
1310 4430 1390 4496 inibi
1419 4431 1453 4496 in
1482 4431 1674 4498 beneficium
1700 4433 1839 4516 fuerunt,
1864 4437 1933 4502 siue
1956 4459 1995 4500 ex
2104 4473 2105 4482 κ

328 4548 416 4622 parte
439 4544 677 4607 antecessorum
701 4545 882 4604 nostrorum
903 4559 960 4604 seu
993 4558 1035 4602 ex
1059 4534 1189 4601 alterius
1213 4534 1259 4602 ibi
1280 4545 1376 4602 antea
1407 4535 1598 4606 beneficiata
1628 4549 1747 4623 essent,
1778 4563 1914 4627 quarum
1944 4542 1999 4606 hec

328 4653 402 4706 sunt
424 4645 569 4708 nomina:
594 4643 647 4708 Ad
670 4641 871 4710 Scafarafielt
895 4651 1017 4709 curtem
1050 4651 1083 4708 et
1105 4641 1274 4708 ecclesiam
1298 4665 1370 4710 cum
1394 4643 1528 4726 decima,
1553 4653 1585 4709 et
1608 4647 1690 4710 sicut
1712 4646 1768 4712 ille
1791 4650 1946 4714 terminus
1969 4649 1997 4714 in

328 4747 460 4813 australi
484 4760 575 4836 parte
599 4751 710 4837 incipit
732 4751 785 4838 qui
808 4749 976 4834 Wagreini
1002 4747 1118 4813 dicitur
1136 4747 1220 4814 ultra
1236 4749 1366 4838 Ipisam,
1391 4757 1423 4817 ct
1445 4753 1479 4817 in
1503 4750 1693 4817 occidentali
1717 4772 1820 4840 usque
1843 4751 1919 4820 dum
1942 4755 1996 4820 du·

329 4857 419 4938 citur,
444 4855 499 4920 ubi
524 4855 625 4922 Urula
649 4857 719 4922 fluit
754 4860 785 4922 in
811 4857 987 4942 praefatam
1017 4877 1157 4937 amnem,
1180 4865 1212 4920 et
1235 4857 1392 4945 quidquid
1416 4860 1449 4922 in
1472 4857 1621 4922 orientali
1643 4868 1731 4942 parte
1755 4862 1818 4925 iam
1843 4859 1918 4928 dicti
1943 4859 1996 4927 fiu-

330 4963 424 5025 minis
450 4960 569 5028 habere
593 4961 751 5046 videmur,
775 4985 834 5051 per
857 4971 958 5028 tntum
979 4962 1145 5028 firmamus
1168 4963 1210 5028 ad
1237 4965 1434 5052 praedictum
1451 4965 1692 5049 monasterium,
1708 4968 1853 5054 exeeptis
1876 4967 1996 5034 duobus

330 5067 542 5152 piscatoribus
566 5091 637 5134 cum
661 5091 771 5134 eorum
795 5069 923 5135 ruribus
947 5072 980 5134 in
1003 5066 1183 5156 aquilonari
1218 5079 1318 5157 parte.
1342 5069 1394 5136 Ad
1418 5069 1633 5156 Magalieham
1656 5074 1787 5138 terciam
1812 5083 1934 5160 partem
1957 5076 1996 5139 ci·

332 5174 448 5256 uitatis,
472 5183 504 5238 et
528 5175 610 5240 sicut
632 5173 686 5239 ille
710 5177 865 5241 terminus
889 5199 923 5240 se
955 5175 1111 5262 disiungit
1134 5175 1174 5242 de
1197 5175 1260 5243 illis
1283 5176 1381 5242 rebus
1404 5178 1437 5242 in
1460 5177 1652 5244 occidentali
1675 5188 1776 5266 parte,
1796 5201 1876 5266 quas
1900 5202 1994 5267 quon·

330 5277 403 5342 dam
422 5279 462 5344 ad
486 5292 628 5346 sanctum
652 5281 893 5350 Emmeramum
911 5286 1010 5349 nostri
1042 5292 1262 5350 antecessores
1279 5283 1489 5367 tradiderunt,
1513 5293 1613 5350 totum
1640 5287 1675 5350 in
1697 5288 1833 5352 termino
1854 5284 1994 5352 orientali

330 5387 370 5450 ad
395 5387 571 5474 praefatum
595 5391 823 5456 monasterium
846 5394 1020 5476 firmamus,
1044 5392 1187 5479 exceptis
1202 5390 1295 5458 hobis
1312 5391 1423 5458 trihus.
1447 5389 1500 5456 Ad
1520 5390 1710 5476 Arnesdorf,
1724 5391 1756 5458 id
1780 5402 1829 5458 est
1843 5393 1883 5458 ad
1909 5391 1989 5460 Uua·
