4292 5926
588 571 808 654 uxxur.
839 571 930 655 om
958 593 996 672 g.
1024 571 1253 655 naa-sc.
1280 571 1374 653 nnc
1400 573 1434 653 c.
1462 571 1688 654 sororum
1748 523 1751 532 ’

302 734 400 799 Barac
422 739 490 809 bon,
511 719 681 811 potcrdjuje
701 737 877 796 comestura
896 751 939 796 sc.
972 729 1142 794 Benedicta
1175 751 1197 794 u
1229 734 1386 794 Lclrrumu
1420 733 1585 808 dorououje
1617 735 1704 796 cricce
1736 751 1781 796 su.
1814 729 1994 794 Poakrocc

1048 856 1091 899 uc
1112 839 1234 914 dilicta.

449 1029 600 1111 Quodam
624 1038 769 1117 tempore
791 1027 877 1094 facta
893 1036 942 1094 est
965 1027 1109 1094 sonnatio
1125 1049 1224 1114 super
1240 1027 1415 1094 monachos
1431 1029 1535 1094 sancti
1552 1027 1721 1095 Benedicti
1736 1028 1994 1094 lacruminensia

302 1137 418 1221 insule,
441 1135 529 1224 quod
551 1137 669 1200 iniuste
692 1134 898 1222 possiderent
920 1131 1090 1199 ecclesiam
1117 1134 1221 1198 sancti
1246 1132 1435 1226 Panchraoii
1460 1134 1501 1200 dc
1524 1133 1654 1217 Melete,
1678 1157 1788 1200 coram
1813 1157 1864 1200 me
1898 1134 1993 1200 bano

197 1301 202 1310 ,
303 1243 433 1308 Baricio
464 1240 537 1326 Ego
568 1263 641 1306 cum
669 1262 764 1305 aures
793 1259 881 1304 meas
908 1260 1019 1304 eorum
1050 1236 1224 1303 fallacibus
1248 1239 1359 1304 verbis
1385 1261 1450 1305 non
1478 1241 1585 1304 statim
1614 1238 1844 1320 accomodsui,
1882 1262 1992 1325 usque

300 1347 377 1414 dum
402 1348 528 1413 veniret
550 1345 668 1434 aliquis
692 1344 733 1410 de
755 1344 909 1410 fratribus
933 1344 1128 1428 monasterii,
1148 1345 1271 1409 interea
1287 1343 1447 1430 siquidem
1466 1346 1600 1410 veniens
1615 1345 1766 1409 dominus
1783 1343 1994 1410 Vincencins

299 1453 403 1520 abbas
426 1452 564 1540 predicti
588 1452 774 1516 monasterii
799 1472 872 1514 cum
895 1449 1089 1537 quibusdam
1114 1448 1156 1514 dc
1182 1449 1345 1531 fratribus,
1378 1451 1520 1516 ostendit
1555 1449 1651 1514 michi
1689 1449 1812 1517 litteras
1846 1449 1993 1516 idoneas

300 1567 399 1646 atque
422 1579 556 1623 veraces
579 1558 716 1642 scriptas
739 1579 760 1620 a
781 1555 946 1620 Lotauitto
970 1553 1219 1641 protospatario,
1243 1563 1275 1622 et
1298 1553 1379 1619 alias
1404 1554 1530 1621 litteras
1553 1555 1596 1619 ab
1621 1557 1826 1624 atiisnostris
1844 1555 1993 1643 antiquis

303 1663 541 1746 decessoribus,
567 1671 652 1728 terre
675 1661 886 1749 principibus,
909 1663 943 1724 in
967 1659 1085 1747 quibus
1108 1658 1227 1726 litteris
1250 1659 1327 1726 data
1351 1659 1500 1726 estdicta
1521 1658 1660 1726 ecclesia
1675 1663 1778 1728 sancti
1797 1659 1993 1727 Panchracii

283 1768 463 1856 prephato
487 1768 681 1833 monasterio
706 1768 810 1832 sancti
834 1765 1013 1848 Benedicti,
1046 1750 1234 1851 eorumque¹
1252 1764 1359 1851 sigillo
1394 1775 1549 1852 perpetuo
1584 1765 1755 1834 affirmata.
1796 1764 1893 1832 Unde
1927 1787 1993 1850 ego

304 1874 408 1940 banus
431 1873 590 1956 Bericius,
614 1895 688 1938 cnm
711 1871 788 1962 filiis
812 1873 902 1954 meis,
926 1882 1023 1958 atque
1047 1871 1246 1958 propinquis,
1269 1893 1404 1958 quoram
1429 1869 1505 1959 (sic)
1540 1871 1715 1936 huniuerso
1750 1870 1868 1958 populo
1900 1881 1992 1936 terre

304 2001 385 2064 mee,
409 2002 483 2045 cum
507 2001 625 2064 magno
650 1977 769 2065 gaudio
793 1977 922 2042 affirmo
945 1975 1082 2042 eandem
1106 1975 1276 2067 ecclesiam
1301 1974 1342 2040 dc
1364 1974 1491 2041 Babina
1514 1975 1633 2062 pulbis,
1666 1997 1730 2062 que
1765 1986 1815 2042 est
1849 1977 1884 2040 in
1919 1975 1991 2042 Me-

303 2083 377 2169 leta,
401 2107 474 2150 cum
501 2083 652 2150 omnibus
675 2083 771 2149 terris
794 2092 827 2148 et
847 2081 987 2170 planicie
1011 2083 1206 2147 monasterio
1229 2085 1333 2146 sancti
1356 2081 1536 2164 Benedicti,
1553 2081 1604 2146 bis
1620 2081 1736 2147 litteris
1753 2080 1886 2147 domino
1908 2081 1992 2147 Vin·

302 2192 408 2256 centio
432 2189 578 2256 eiusdem
602 2188 789 2254 monasterii
813 2185 923 2253 abbati
947 2183 1042 2270 datis,
1066 2196 1100 2252 et
1122 2185 1229 2272 sigillo
1254 2209 1326 2252 meu
1350 2187 1497 2272 signatis,
1514 2197 1549 2252 nt
1564 2188 1635 2253 sine
1651 2190 1737 2252 omni
1754 2186 1991 2275 impedimento

302 2294 492 2384 possideant
512 2305 544 2360 et
567 2315 680 2361 secure
703 2294 877 2381 optineant.
901 2292 973 2378 Ego
997 2303 1030 2358 et
1052 2291 1110 2357 filii
1135 2294 1198 2358 mei
1221 2293 1409 2360 defensores
1433 2303 1466 2358 ct
1489 2303 1690 2380 protectores
1707 2304 1804 2381 etque
1820 2293 1991 2360 adiutores

305 2423 417 2467 corum
441 2402 529 2466 omni
554 2411 699 2488 ternpore
723 2398 978 2465 essevolumus.
1001 2397 1208 2485 Quicumque
1231 2408 1339 2464 autem
1368 2400 1416 2464 cis
1447 2401 1645 2465 contrariom
1676 2399 1799 2482 lecerit,
1835 2397 1992 2465 maledic·

303 2497 441 2573 cionem*
453 2515 485 2572 et
507 2507 589 2572 iram
613 2505 666 2571 dei
690 2526 788 2589 super
810 2527 846 2569 se
869 2505 1017 2587 concitet,
1042 2505 1177 2591 eiusque
1193 2503 1321 2570 ulcione
1338 2512 1370 2569 et
1385 2504 1505 2570 iudicio
1521 2527 1593 2570 cum
1610 2503 1767 2592 improbis
1783 2503 1994 2593 dampnetur.

452 2611 540 2676 Data
558 2611 592 2676 in
617 2661 625 2678 .
646 2658 655 2676 .
677 2631 789 2676 mense
813 2619 951 2696 augusto
973 2609 1006 2673 in
1029 2608 1083 2674 die
1106 2609 1253 2696 septima.
1738 2601 1739 2606 ¹

453 2713 583 2782 Svana:
607 2715 659 2782 Dc
682 2713 820 2782 ecelesia
840 2713 945 2780 sancti
968 2713 1154 2780 Panchratii
1175 2714 1263 2780 'facta
1285 2737 1306 2780 a
1329 2715 1414 2781 bano
1431 2713 1571 2783 boricio.

463 2914 570 2971 Matios
592 2915 693 2986 pisana
714 2933 753 2971 na
767 2915 852 2986 maloj
870 2914 1043 2987 pergameni,
1066 2913 1137 2970 duva
1156 2932 1188 2993 se
1207 2933 1225 2970 n
1244 2915 1399 2972 okminom
1418 2915 1739 2974 arlaivudubroradkom
1753 2895 1823 2974 fasc,
1836 2917 1858 2974 1.
1875 2917 1919 2974 br.
1937 2919 1990 2977 26.

304 3003 333 3062 U
356 3003 438 3077 Illyr.
461 3001 539 3063 Sacr.
563 3003 599 3059 Τ.
622 3003 673 3062 Vl.
696 3021 725 3076 p.
752 3003 801 3058 79.
817 3003 969 3078 pogrieino
993 3000 1156 3076 priobdena.

652 3293 895 3378 LXXVIII.
923 3294 1030 3380 1157.
1057 3295 1118 3379 13.
1145 3295 1303 3399 lipoja.
1330 3295 1368 3380 U
1396 3297 1630 3383 Laterano.

248 3487 252 3496 ›
300 3456 435 3532 Adr‘q‘ou
457 3457 514 3519 IV.
538 3474 629 3533 papo,
654 3455 862 3532 pctvrdiqiuii
891 3457 1056 3532 occlusticc
1087 3459 1173 3518 utve
1202 3459 1340 3536 gradales,
1366 3461 1477 3536 pocus
1498 3461 1546 3536 joj
1574 3461 1690 3536 primot
1715 3457 1780 3523 aad
1809 3421 1990 3524 sudcrskoia

1022 3563 1275 3640 audbislcupq‘jcm.

448 3749 621 3818 'Adrianus
645 3751 816 3838 episcopus
840 3773 954 3817 seruus
976 3773 1144 3817 seruorum
1167 3749 1230 3819 dei.
1254 3751 1442 3820 Venerabili
1465 3753 1558 3820 fratri
1582 3753 1724 3822 Henrico
1754 3756 1909 3843 gradensi
1934 3779 1990 3846 pa·
2050 3738 2055 3745 ⁸

305 3855 457 3943 triarche,
479 3859 614 3944 eiusque
636 3857 880 3922 successoribus
897 3859 1051 3922 canonice
1080 3858 1315 3924 substituendis
1343 3861 1376 3924 in
1405 3871 1606 3948 perpetuum.
1629 3861 1818 3948 Apostolice
1847 3863 1990 3930 officium

305 3963 472 4052 dignitatis
491 3972 524 4028 et
547 3961 670 4028 credite
694 3963 788 4028 nobis
812 3961 1062 4050 dispensationis
1086 3963 1231 4029 debitum
1255 3963 1376 4030 utiliter
1400 3967 1792 4054 exequicomprobamur,
1816 3991 1891 4034 cum
1919 3969 1986 4034 col·

304 4067 402 4135 latam
425 4069 600 4155 unicuique
623 4066 761 4133 ecclesie
786 4066 976 4153 dignitatem
999 4069 1135 4156 prouida
1169 4069 1375 4136 solicitudine
1406 4071 1615 4153 custodimus,
1632 4083 1679 4139 ct
1712 4072 1850 4159 singulis
1883 4073 1986 4140 eccle-

308 4176 366 4241 siis
389 4175 461 4240 iura
476 4195 536 4239 sna
547 4171 671 4238 illibata
686 4171 854 4241 studemus
870 4181 902 4238 et
918 4175 1043 4258 integra
1056 4193 1258 4242 conseruare.
1284 4176 1375 4242 Sicut
1392 4179 1477 4243 enim
1496 4177 1585 4261 nulli,
1599 4177 1684 4244 ultra
1699 4201 1797 4266 quam
1814 4189 1988 4265 mereatur,

306 4277 430 4368 aliquid
451 4287 545 4345 extra
568 4278 645 4345 sede
668 4279 845 4366 apostolica
868 4279 980 4346 fauore
1000 4281 1103 4366 gratie
1129 4279 1380 4364 concedendum,
1406 4283 1456 4375 ita,
1474 4284 1595 4347 nemini
1619 4281 1706 4369 qnod
1729 4285 1780 4349 sui
1804 4286 1884 4351 iuris
1916 4309 1990 4352 esse

305 4385 494 4470 dinoscitur,
517 4408 537 4450 a
559 4384 653 4451 nobis
676 4396 725 4451 est
747 4385 907 4452 ullatenus
930 4385 1166 4473 denegandum.
1190 4385 1320 4467 Quanto
1344 4389 1453 4474 itaque
1476 4389 1590 4454 maiori
1613 4399 1662 4454 cst
1689 4391 1899 4476 prerogatius
1932 4415 1988 4457 au·

306 4513 407 4580 perne
427 4501 576 4579 respectu
598 4493 702 4577 gratie
726 4490 929 4576 sublimatus,
952 4500 1040 4558 tanto
1065 4491 1222 4558 solicitius
1245 4492 1304 4558 tibi
1321 4503 1371 4558 est
1394 4491 1646 4577 adtendendum,
1675 4503 1710 4559 ut
1741 4497 1773 4559 in
1790 4497 1993 4582 corrigendis

303 4597 444 4662 subditis
467 4596 541 4685 plus
563 4597 653 4684 apud
678 4606 710 4662 te
732 4597 834 4684 possit
851 4597 943 4680 ratio,
968 4618 1064 4682 quam
1089 4607 1239 4684 potestas,
1264 4608 1361 4686 atquc
1383 4608 1415 4664 te
1438 4598 1515 4664 boni
1538 4599 1676 4684 dulcem,
1696 4599 1772 4666 mali
1800 4623 1880 4667 vero
1897 4606 1987 4689 pium

304 4703 450 4768 sentiant
473 4711 697 4784 correctorem,
723 4723 877 4789 personas
901 4700 1028 4787 diligas,
1052 4711 1085 4768 et
1106 4702 1324 4770 subiectorum
1347 4706 1427 4770 vitia
1444 4707 1663 4792 persequaris,
1677 4709 1720 4772 be
1737 4695 1764 4771 si
1781 4705 1875 4773 aliter
1890 4731 1991 4793 agere

305 4807 388 4872 forte
411 4805 564 4891 volueris,
585 4815 728 4873 transeat
748 4808 781 4871 in
812 4805 1034 4873 crudelitatem
1070 4810 1237 4892 correctio,
1272 4818 1305 4874 et
1338 4809 1455 4897 perdes
1487 4832 1569 4897 quos
1603 4809 1769 4876 desideras
1804 4811 1991 4896 emendare,

306 4914 418 5000 sicque
440 4921 558 4980 vulnus
582 4911 683 4979 debes
706 4911 886 4994 abscidere,
911 4921 946 4979 ut
968 4935 1031 4980 non
1053 4915 1171 5000 possis,
1195 4913 1280 5000 quod
1306 4935 1419 4980 sanum
1444 4924 1494 4980 est
1524 4913 1687 4998 ulcerare,
1722 4938 1764 4981 ne
1794 4918 1823 4982 si
1857 4915 1990 5000 ferrum,

305 5019 377 5107 plus
401 5041 498 5106 quam
522 5041 574 5085 res
598 5020 702 5105 exigit
724 5019 926 5106 inprimatur,
959 5029 1074 5085 noceat
1106 5021 1160 5086 cui
1196 5019 1351 5107 prodesse
1387 5021 1532 5106 festinas,
1571 5021 1630 5087 sed
1664 5023 1712 5088 sic
1742 5019 1879 5088 alteram
1915 5045 1990 5088 can·

305 5123 413 5190 diatur
436 5147 479 5190 cx
502 5123 614 5207 altero,
638 5133 797 5212 quatenus
821 5131 854 5190 et
882 5124 959 5190 boni
990 5124 1131 5192 habeant
1163 5124 1302 5192 amando
1339 5125 1426 5215 quod
1460 5137 1606 5211 caueant,
1642 5137 1674 5194 et
1708 5127 1784 5192 mali
1813 5127 1987 5194 metuendo

305 5231 392 5318 quod
415 5229 562 5318 diligant
587 5229 794 5320 Quapropter
817 5229 1015 5298 venerabilis
1038 5232 1071 5296 in
1095 5229 1226 5299 Christo
1251 5232 1351 5298 frater
1374 5232 1517 5300 Henrice
1540 5232 1734 5322 patriarcba,
1758 5235 1823 5300 tuis
1846 5231 1990 5320 postola-
