4310 5918
573 563 724 648 CXIX.
753 563 869 648 1033.
883 550 933 650 ⁸5.
961 564 1123 672 srpuja.
1152 563 1189 646 U
1217 562 1371 648 hadra.

134 761 228 820 Traso
274 765 346 836 opat
376 761 542 821 monartira
571 779 614 824 ca.
650 763 810 822 Krteoano
840 759 908 834 dcte
937 761 1028 833 melca
1058 760 1137 820 kata
1167 779 1188 819 a
1218 761 1354 822 ramlera
1388 775 1427 820 ra
1457 759 1556 836 dntpa
1587 761 1667 822 tatu
1695 762 1820 822 caorah

846 865 1108 928 Konstanttaoatlr.

290 1002 372 1084 †In
405 1000 527 1068 Christi
559 1005 698 1070 nomine.
730 1002 826 1070 Anno
849 1003 891 1070 ah
914 1004 1140 1070 incarnacione
1164 1001 1285 1068 donnini
1308 1001 1477 1070 millesimo
1501 1005 1669 1069 tricesimo
1691 1003 1751 1086 111,
1772 1004 1818 1070 in-

135 1106 278 1172 dictione
309 1107 376 1173 1111
409 1107 452 1194 (Ι)
483 1131 594 1174 menae
626 1108 731 1190 iulius,
754 1107 815 1174 die
838 1107 878 1174 V.
903 1107 1073 1190 Regnante
1096 1107 1241 1192 piissimo
1265 1129 1304 1172 ac
1325 1118 1480 1194 perpetuo
1504 1119 1640 1194 augusto
1663 1107 1820 1192 Romano,

136 1216 259 1279 ciuitati
291 1214 412 1279 Jadere
444 1225 576 1298 regente
608 1214 762 1280 cathedra
792 1213 999 1300 pontificatus
1023 1211 1152 1277 domino
1176 1212 1308 1280 Andrea
1332 1212 1527 1278 venerabilis
1551 1217 1732 1301 episcopas,
1758 1237 1818 1280 nec

131 1343 193 1384 non
226 1330 259 1386 et
293 1319 413 1386 ibidem
443 1324 530 1407 prior
559 1320 707 1386 dominus
742 1318 919 1405 Gregorius
943 1329 975 1384 et
999 1316 1184 1407 proconsul.
1216 1319 1283 1384 Nos
1307 1319 1446 1406 denique
1468 1319 1601 1386 Trasius
1625 1319 1737 1405 abbas,
1759 1319 1820 1386 deo

134 1436 267 1491 anctore
291 1436 325 1491 et
347 1448 439 1491 sacra
455 1427 622 1512 scriptura,
641 1425 872 1512 perscrutando
897 1425 1013 1490 bonam
1030 1426 1147 1490 etenim
1173 1433 1316 1490 nostram
1340 1424 1548 1508 voluntatem,
1566 1435 1598 1490 et
1614 1447 1671 1511 per
1686 1424 1818 1492 firmam

132 1529 342 1596 stabilitatem
377 1529 438 1596 hoc
461 1541 686 1597 testamentum
711 1531 847 1594 fecimus
865 1531 905 1595 de
927 1531 998 1615 ipsa
1021 1529 1160 1605 domum,
1179 1551 1241 1616 que
1265 1528 1447 1596 habuerunt
1468 1531 1529 1616 ipsi
1552 1529 1613 1596 filii
1639 1530 1820 1596 Constatini

131 1657 205 1700 cum
239 1638 327 1702 omni
361 1637 562 1723 pertinencia
585 1658 653 1718 sua,
680 1659 741 1700 non
766 1634 861 1720 longe
885 1637 926 1700 ab
952 1637 1022 1722 ipso
1047 1637 1241 1700 monasterio
1266 1635 1350 1699 beati
1373 1633 1568 1720 Chrisogcni
1593 1636 1743 1718 martiris,
1767 1635 1821 1702 de·

132 1740 253 1805 derunt
284 1742 377 1820 nobis
408 1743 479 1828 ipsa
513 1741 619 1806 domo.
652 1741 694 1804 Et
725 1763 782 1828 pro
814 1743 885 1827 ipsa
916 1740 1012 1804 domo
1043 1740 1192 1805 dedimus
1223 1739 1317 1804 aliam
1343 1739 1467 1824 domur,
1493 1763 1555 1828 que
1581 1740 1640 1806 fuit
1663 1739 1820 1806 Seniueni

131 1869 208 1911 cum
234 1849 435 1933 pertinencia
458 1869 516 1911 sua
540 1857 571 1911 et
594 1846 836 1932 quatuordecim
862 1844 955 1910 solidi
980 1847 1100 1912 setirici
1124 1846 1164 1911 de
1188 1867 1267 1911 auro
1297 1845 1427 1926 mundo,
1452 1869 1510 1933 per
1532 1847 1674 1913 iussione
1697 1845 1819 1912 domini

130 1949 287 2036 Gregorii
323 1953 421 2038 priori
446 1961 477 2016 et
500 1950 687 2038 proconsuli
707 1951 748 2016 de
771 1953 842 2038 ipsa
866 1953 997 2016 ciuitate
1024 1951 1158 2034 ΙιιιΙιιιιι,Ι
1180 1953 1299 2038 scripta
1323 1974 1380 2038 per
1404 1973 1533 2016 manum
1558 1951 1690 2016 Martini
1714 1961 1819 2036 trega·

130 2059 207 2140 rici,
228 2060 351 2123 missus
376 2058 417 2122 ab
441 2061 512 2144 ipso
535 2061 642 2143 priore
663 2057 814 2122 dominus
838 2056 1000 2142 Gregorio
1025 2060 1112 2143 prior
1135 2067 1168 2122 et
1191 2057 1372 2143 proconsul,
1397 2067 1446 2121 set
1468 2065 1500 2121 et
1521 2080 1542 2121 a
1565 2055 1668 2138 nobis,
1695 2067 1819 2122 etcum

134 2161 212 2227 aliis
235 2162 330 2226 bonis
373 2161 559 2228 hominibus
594 2165 626 2226 in
661 2164 791 2226 ciuitate
820 2165 1041 2246 traguriensis,
1074 2173 1106 2228 et
1133 2162 1176 2228 ibi
1206 2163 1487 2244 confirmauerunt,
1517 2184 1588 2228 cum
1617 2164 1761 2228 notarius
1791 2171 1823 2226 et

135 2291 210 2332 cum
235 2267 308 2334 aliis
334 2267 645 2349 bonis'hcminibus,
672 2277 705 2332 ut
727 2271 754 2332 si
777 2267 950 2353 aliquando
972 2279 1116 2355 ternpore
1142 2281 1264 2334 mutare
1289 2266 1352 2332 vel·
1367 2289 1534 2333 remouere
1552 2267 1722 2348 voluerint,
1748 2291 1820 2331 cen·
1889 2321 1895 2326 .

137 2384 207 2437 tum
232 2372 327 2437 solidi
352 2381 545 2458 componant
568 2381 600 2437 et
622 2382 749 2437 taceant
780 2395 837 2459 pro
869 2375 987 2440 inuitis.
1024 2373 1106 2454 Nam
1131 2374 1171 2438 de
1196 2376 1255 2437 ista
1277 2375 1518 2448 conueniencia,
1550 2395 1614 2459 que
1645 2372 1708 2438 fuit
1740 2374 1823 2436 sicut

133 2476 366 2562 supradictum,
384 2487 442 2559 est,
467 2477 624 2541 Martinus
642 2478 681 2542 de
705 2481 835 2542 cultata
860 2477 989 2562 Jadera,
1006 2477 1090 2542 filius
1107 2479 1285 2542 Maurencii
1302 2477 1471 2558 indicator,
1488 2499 1552 2541 una
1568 2499 1640 2541 cum
1656 2475 1823 2542 lohannes

138 2585 318 2667 negarine,
341 2581 430 2647 lilius
450 2583 547 2647 Piruo
571 2583 738 2669 presbiter,
764 2607 899 2670 qnorum
927 2583 1053 2648 illorum
1078 2587 1198 2649 noticia
1214 2585 1362 2648 testium:
1386 2581 1518 2648 Andree
1539 2581 1636 2660 lilius,
1662 2585 1763 2666 testis,
1791 2591 1824 2646 et

135 2689 286 2752 tribanus
323 2687 435 2768 Vitali,
461 2691 561 2772 testis,
586 2689 734 2754 tribunus
759 2689 879 2774 Draga,
897 2691 997 2772 tectis,
1022 2688 1280 2754 Archidiaconus
1298 2691 1397 2768 testis,
1422 2687 1529 2754 Drasa
1552 2689 1698 2753 tribunus
1720 2689 1821 2752 tertis.

136 2792 352 2858 Drunuaanni
381 2793 545 2858 Parnacca
568 2793 648 2876 lilio,
672 2797 773 2859 testis.
798 2795 842 2858 Et
863 2817 923 2878 ego
946 2795 1053 2860 Maius
1081 2796 1235 2860 diaconus
1259 2805 1356 2881 atque
1376 2798 1519 2858 notarius
1536 2803 1667 2877 rogatus
1686 2793 1728 2857 ab
1747 2794 1818 2878 ipso

133 2897 294 2962 Martinus
307 2897 476 2982 iudicntor,
490 2898 550 2963 hec
563 2901 681 2985 pagina
693 2899 833 2964 scribere
847 2903 1025 2985 procuraui,
1037 2913 1069 2964 et
1082 2911 1193 2988 postea
1203 2900 1356 2987 traditam
1369 2898 1505 2964 feliciter
1515 2898 1684 2985 compleui.
1699 2897 1815 2962 Amen.

300 3029 404 3084 llatica
428 3047 464 3083 na
487 3029 560 3086 koti.
585 3029 610 3086 U
635 3030 732 3101 guber.
757 3031 924 3087 aadarslrom
947 3031 1056 3088 arhiru.
1079 3029 1153 3104 Gaps
1178 3031 1226 3086 lx.
1252 3031 1286 3090 N.
1316 3033 1385 3086 120.

845 3319 974 3404 CXX.
1001 3323 1113 3406 1034.

215 3490 343 3560 Scotna,
366 3489 440 3550 fena
462 3490 619 3566 (limajoua
642 3491 748 3564 doraje
769 3493 912 3552 remidio
935 3495 1014 3566 avoje
1036 3493 1108 3554 tate
1130 3497 1304 3554 aomostcna
1326 3510 1369 3552 co.
1392 3493 1552 3554 Krteocaa
1574 3511 1596 3550 a
1620 3491 1742 3554 Zadra.

300 3627 336 3690 ln
362 3629 490 3694 nominc
513 3629 634 3694 domini
659 3629 710 3694 dei
735 3631 844 3694 eterni.
869 3628 964 3694 Anno
988 3629 1030 3694 ab
1054 3631 1272 3694 incarnatione
1290 3628 1432 3694 eiusdem
1451 3627 1619 3693 millesimo
1643 3627 1822 3693 XXXllll.

139 3741 295 3817 regnante
328 3733 472 3818 piissimo
506 3735 699 3820 imperatore
729 3734 885 3817 Romano,
909 3737 942 3800 in
966 3736 1096 3800 ciuitate
1119 3745 1226 3800 autem
1251 3731 1371 3800 Jadera
1395 3731 1578 3820 presidente
1601 3733 1732 3799 domino
1757 3733 1822 3798 An·

139 3837 215 3902 drea
247 3837 411 3924 episcopo,
443 3839 602 3926 prioratus
634 3849 741 3905 autem
775 3839 919 3905 eiusdem
952 3842 1092 3906 ciuitatis
1124 3849 1255 3924 regente
1286 3838 1445 3924 Gregorio
1478 3837 1713 3904 decentessime
1742 3840 1821 3906 viro.

139 3940 286 4020 Qualiter
315 3965 375 4028 ego
407 3942 536 4027 Sanina,
561 3968 644 4010 uxor
668 3945 818 4026 Gimmai
841 3948 981 4031 cogitaui
1004 3945 1114 4010 diuina
1139 3946 1314 4031 inspirante
1338 3944 1508 4008 clementia
1531 3965 1602 4009 meo
1625 3945 1742 4026 animo,
1767 3967 1824 4031 pro

141 4048 317 4113 remedium
348 4050 455 4114 anime
488 4073 568 4133 mee,
599 4061 714 4116 octaua
745 4073 818 4136 pars
842 4051 882 4116 de
905 4052 1030 4133 domus,
1053 4073 1116 4138 que
1141 4053 1210 4115 visa
1231 4071 1302 4115 sum
1325 4049 1445 4114 habere
1466 4060 1498 4114 et
1522 4071 1585 4136 que
1611 4071 1661 4114 me
1684 4059 1819 4134 tangere

142 4151 279 4234 ridetur,
313 4155 346 4218 in
378 4157 573 4221 monasterio
607 4159 709 4221 sancti
741 4157 915 4241 Grisogoni
946 4157 1045 4222 offers
1077 4178 1133 4242 pro
1165 4135 1271 4220 anim‘e
1308 4176 1377 4219 mee
1407 4153 1561 4236 remedio,
1598 4155 1748 4241 quatinus
1786 4177 1825 4220 ea

145 4281 226 4343 pars,
250 4257 406 4324 videlicet
428 4269 552 4343 octaua,
581 4263 810 4326 monasterium
831 4261 994 4348 possideat
1017 4264 1048 4326 in
1073 4273 1273 4348 perpetuum,
1297 4271 1329 4325 et
1351 4259 1393 4324 ab
1417 4259 1529 4325 ecdem
1554 4269 1687 4333 rectore,
1712 4262 1766 4347 qui
1791 4262 1824 4326 in

144 4364 253 4430 eodem
287 4367 483 4432 monasterio
515 4368 547 4432 in
565 4367 617 4432 die
640 4366 747 4432 obitus
771 4370 834 4433 mei
858 4369 947 4433 visas
971 4368 1067 4434 fuerit
1091 4367 1168 4447 fore,
1197 4366 1317 4431 infelici
1341 4367 1467 4454 corpori
1493 4387 1564 4430 mec
1588 4363 1748 4452 sepultum
1770 4367 1822 4430 tri·

147 4469 269 4535 bnator.
295 4470 330 4536 Si
349 4473 421 4558 qais
437 4483 543 4538 autem
561 4483 633 4561 post
648 4495 753 4540 meum
771 4473 939 4540 decessum
957 4477 988 4538 in
1005 4473 1112 4560 aliquo
1129 4474 1307 4538 contrarius
1324 4470 1466 4537 eiusdem
1484 4481 1597 4537 octane
1624 4469 1825 4557 partiuncula

146 4597 214 4640 esse
245 4577 394 4658 voluerit,
427 4577 546 4644 habeat
578 4601 702 4644 mecum
728 4603 791 4645 ana
812 4603 883 4644 cum
911 4581 990 4644 meis
1013 4578 1195 4661 heredibus,
1219 4576 1403 4663 habeatque
1426 4576 1683 4652 maledictionem
1717 4575 1769 4640 dei
1793 4585 1825 4640 et

144 4691 324 4747 sanctorum
350 4705 503 4764 omarum,
528 4687 633 4771 aitque
657 4709 730 4750 cum
754 4697 901 4772 apostata
924 4685 1117 4770 dampnatus
1143 4687 1176 4748 in
1199 4684 1252 4749 die
1275 4683 1434 4748 aduentus
1455 4681 1586 4748 domini.

353 4793 374 4872 †
396 4789 468 4874 Ego
492 4790 641 4856 Andreas
662 4793 833 4878 episcopus
856 4793 957 4856 testis.
1191 4789 1304 4876 †Eg0
1328 4789 1534 4854 Prestancius
1551 4787 1700 4853 tribunus
1717 4791 1819 4854 testis.

352 4898 373 4976 †
397 4894 467 4978 Ego
491 4893 668 4980 Gregorius
691 4899 778 4982 prior
796 4897 896 4961 testis.
1195 4899 1216 4978 †
1239 4897 1310 4983 Ego
1332 4895 1444 4961 Dabro
1464 4895 1612 4961 tribunus
1634 4895 1735 4960 testis.

354 4999 469 5084 †Ego
493 5000 648 5066 diaconus
672 5002 784 5068 Petrus
808 5003 909 5067 testis.

356 5107 376 5184 †
399 5101 470 5192 Ego
493 5104 668 5171 Anffredus
692 5107 853 5194 presbiter
875 5109 989 5194 scripsi
1013 5117 1045 5173 et
1064 5106 1225 5174 roboraui.

304 5243 409 5298 hlatica
439 5261 477 5300 na
508 5244 687 5316 podagedkcj
720 5248 884 5318 pergameni
914 5247 1023 5319 pisana,
1051 5246 1123 5303 duva
1145 5265 1175 5316 se
1203 5263 1222 5302 u
1244 5244 1430 5318 aagrchahkoj
1453 5244 1617 5316 aemaljslroj
1640 5242 1824 5318 piemohrani,

150 5332 241 5404 mchu
262 5331 441 5404 najstnrijimi
465 5332 608 5390 listinami.
625 5333 695 5391 Doc.
720 5333 756 5390 11.
