4254 5922
315 399 378 468 184

309 605 402 664 cento
425 595 505 664 soldi
532 595 666 682 pradetti
682 596 712 662 al
728 598 920 663 monasterio
941 596 973 662 di
989 620 1014 663 s.
1034 595 1164 664 Stefano
1180 600 1412 683 protomartire,
1437 597 1496 662 che
1522 599 1650 684 dposto
1673 599 1779 663 vicino
1808 597 1872 663 alla
1897 600 1978 664 citth

309 705 341 770 di
365 703 494 791 Spalsto
518 703 569 768 nel
592 707 817 790 promontorio.
841 703 933 769 Falto
950 705 1064 770 furano
1081 704 1110 769 le
1127 727 1202 770 cose
1217 705 1360 792 predatte
1376 702 1439 770 alia
1456 727 1610 792 presence
1625 704 1658 770 di
1674 707 1777 792 questi
1796 707 1976 771 testimoni:

310 810 428 875 Primo.
468 809 499 874 al
523 812 743 896 prenominato
776 812 994 875 aroiuescovo.
1032 809 1188 894 Gregorio
1223 833 1371 886 vescovo,
1411 809 1573 896 Agraiisto
1605 811 1646 878 da
1678 811 1754 876 Bari
1779 811 1823 899 (0)
1849 811 1977 876 Dobro·

310 914 377 979 slao
389 913 508 999 figliolo
527 915 558 980 di
572 913 723 996 Gemina,
737 915 898 981 Desirniro
911 915 1096 997 ubrisarico,
1112 916 1289 1000 Dragoslao
1305 915 1443 982 Bridstie
1455 916 1665 1005 (bribirstico)
1678 917 1848 984 Dominico
1863 916 1979 1004 postei-

309 1022 390 1102 nico‚
414 1021 565 1106 Budrsgo
588 1021 763 1110 capellano.
787 1021 953 1086 Budimiro
976 1021 1095 1106 figlioio
1120 1023 1153 1088 di
1177 1022 1351 1107 Daridrug.

466 1126 510 1190 Et
526 1130 556 1192 io
582 1125 741 1213 Gregorio
767 1126 959 1192 cancelliere'
978 1126 1029 1191 dei
1046 1128 1168 1214 prefato
1191 1129 1238 1193 Re
1262 1130 1370 1213 signor
1394 1131 1466 1212 mio,
1490 1128 1531 1192 ho
1554 1131 1664 1193 scritto
1698 1138 1811 1216 queste
1843 1149 1918 1194 cose
1938 1128 1980 1193 de

311 1257 368 1300 suo
392 1233 503 1299 ordine
527 1244 558 1298 et
582 1233 617 1299 hi
640 1235 833 1298 testimonib,
858 1233 944 1298 urio
967 1232 1129 1299 Giovanni
1146 1233 1266 1319 figliolo
1290 1235 1322 1300 di
1345 1233 1545 1319 Dragerado,
1570 1257 1627 1323 per
1640 1233 1751 1301 ordine
1775 1235 1808 1300 di
1832 1235 1921 1301 detto
1944 1257 1982 1300 re

311 1342 422 1426 eIgnor
444 1342 517 1420 mio,
542 1340 752 1405 introduttore
776 1339 809 1404 di
832 1348 944 1425 questo
975 1342 1134 1404 territorio
1157 1339 1191 1405 fu
1211 1341 1403 1406 testimonio.

467 1463 630 1518 Extraelum
654 1478 687 1516 ex
710 1460 813 1517 Codice
835 1461 1025 1532 manuscripto
1047 1461 1240 1518 Bibliothecae
1256 1461 1416 1517 Marcianae
1436 1461 1570 1534 Venetiit,
1587 1463 1639 1517 sub
1657 1462 1748 1519 titulo.
1768 1463 1904 1520 Scrittnre
1924 1447 1986 1522 dal*

310 1559 467 1608 monastero
491 1551 519 1606 di
542 1569 563 1606 s.
587 1549 702 1608 Stelano
725 1550 754 1604 di
777 1549 902 1623 Spalato.
925 1549 1021 1606 Classe
1044 1550 1080 1610 V.
1103 1549 1170 1606 Cod.
1194 1551 1244 1606 51.
1265 1549 1374 1607 Italica
1398 1568 1462 1626 pag.
1486 1551 1536 1608 21.
1555 1569 1573 1607 a
1595 1559 1681 1612 terso.

914 1738 1121 1821 CCXXII.
1153 1739 1237 1822 ulio
1264 1739 1382 1823 1000.

311 1905 402 1982 Pops's
425 1906 658 1982 draccolenosts'h
678 1905 879 1965 somostassske
901 1901 987 1966 ahoe
1013 1901 1219 1975 koludjers'cah
1240 1919 1282 1961 sc.
1306 1902 1420 1976 Martie
1441 1922 1462 1963 u
1489 1904 1599 1966 Zadra.

468 2041 574 2130 Capsa
596 2044 698 2108 sancti
722 2039 821 2126 Cirin,
845 2065 942 2128 capsa
965 2041 1067 2106 sancti
1097 2038 1245 2126 Grigoro.
1275 2037 1413 2106 Crucem
1436 2063 1585 2127 magnam
1610 2053 1641 2108 et
1664 2043 1761 2109 aliam
1783 2051 1985 2129 argenteam.

311 2149 449 2218 Crucem
473 2149 592 2235 lignem
616 2158 777 2236 copertam
800 2158 942 2234 argento.
961 2146 1107 2228 Quatuor
1123 2168 1233 2210 cruces
1251 2147 1411 2232 paruulos,
1435 2158 1466 2212 et
1482 2173 1578 2216 uuum
1593 2150 1789 2216 cristaidum.
1807 2149 1899 2216 Duos
1927 2173 1986 2215 an·

312 2257 401 2343 gelos
424 2256 465 2324 de
487 2267 631 2342 argento.
656 2253 796 2342 Ceperta
819 2254 858 2319 de
874 2263 1016 2342 argento.
1042 2251 1166 2317 Fistula
1180 2275 1287 2318 aurea.
1308 2253 1498 2320 Turibulum
1515 2266 1714 2340 argenteum.
1739 2254 1831 2321 Duos
1855 2255 1982 2322 cerofe-

311 2367 412 2430 rarios
435 2385 568 2448 magnos
589 2370 621 2426 et
642 2360 723 2426 aiios
748 2360 908 2448 paruulos.
934 2361 1023 2426 Duos
1048 2357 1163 2424 calices
1183 2368 1362 2444 argenteos.
1385 2359 1462 2424 Tria
1487 2360 1602 2426 altaria
1633 2364 1761 2427 viatica.
1794 2361 1900 2428 Unam
1940 2363 1988 2448 pi·

310 2471 421 2536 xidem
445 2493 516 2534 cum
541 2467 694 2554 reliquiis.
715 2465 815 2532 XIIII
838 2469 945 2545 camsI,
971 2465 999 2530 V
1023 2464 1244 2552 suprapelicia‚
1264 2477 1328 2530 tres
1353 2489 1533 2553 campanas,
1559 2491 1652 2532 unam
1670 2467 1884 2550 dalmaticam,
1901 2467 1989 2532 duos

310 2578 426 2658 atritas,
450 2575 483 2640 X
507 2573 670 2657 umeralia,
693 2573 855 2654 Keteios,
879 2571 960 2638 VIII
986 2572 1173 2659 manipulos,
1197 2571 1244 2638 VI
1267 2572 1424 2658 cingulos,
1447 2571 1545 2638 VIIII
1562 2595 1685 2660 pannos
1706 2574 1824 2639 desita
1851 2584 1990 2660 roperta

311 2683 352 2748 de
375 2682 406 2746 al
432 2719 469 2729 —
492 2717 536 2728 -
567 2702 626 2745 sex
656 2702 777 2766 pannos
811 2688 900 2744 autes
932 2701 1003 2744 cum
1035 2689 1112 2760 seta,
1144 2677 1174 2742 V
1206 2680 1317 2742 ssuani
1348 2691 1509 2744 cumsutos
1539 2703 1611 2744 cum
1640 2691 1716 2764 seta,
1743 2680 1790 2746 VI
1810 2683 1879 2746 sine
1903 2691 1988 2760 seta,

312 2826 354 2838 -
372 2826 414 2838 -
438 2810 559 2874 pannos
583 2797 670 2852 sutos
693 2809 764 2852 cum
789 2795 866 2865 seta,
891 2807 954 2872 que
978 2795 1137 2871 ponuntur
1160 2784 1243 2850 infra
1259 2785 1390 2866 cortina,
1416 2783 1462 2850 VI
1485 2787 1624 2852 cortinas
1647 2796 1679 2850 et
1702 2809 1800 2852 unum
1827 2809 1989 2872 pannum,

313 2919 374 2983 que
390 2904 522 2961 vocatur
537 2893 656 2976 velera,
681 2902 712 2958 et
736 2892 826 2958 VIII.
843 2915 966 2980 pannos
989 2891 1030 2956 ad
1054 2892 1308 2978 cooperiendum.
1326 2891 1407 2956 Tres
1431 2913 1553 2977 pannos
1576 2892 1617 2959 de
1634 2901 1702 2958 seta
1729 2903 1761 2959 et
1787 2917 1884 2960 unum
1913 2895 1989 2960 sine

313 3011 381 3066 seta
392 2999 433 3066 ad
446 2999 704 3086 suspendendum
720 2999 804 3064 infra
820 2997 995 3064 columbas.
1010 2997 1042 3062 X
1055 3021 1175 3076 pannos
1191 2997 1232 3062 ad
1249 2997 1346 3084 pedes
1363 2997 1477 3080 crucis,
1495 2998 1578 3064 XIII
1591 3022 1723 3086 pannos,
1740 3023 1803 3087 que
1821 3011 1990 3086 ponuntur

312 3107 571 3194 superemines,
596 3105 652 3172 VI.
676 3104 815 3192 pepelos,
840 3109 894 3191 qui
918 3103 1069 3170 dicuntur
1084 3101 1187 3185 ferali,
1212 3114 1347 3190 quatuor
1364 3103 1488 3168 casulas
1505 3106 1577 3188 coti,
1593 3105 1705 3172 dianas
1728 3117 1761 3172 et
1783 3130 1881 3172 uuum
1899 3131 1981 3194 pan·

312 3235 387 3278 num
411 3211 451 3278 de
474 3211 630 3298 sepulcro,
654 3210 684 3275 V
707 3210 1008 3297 corporalia,unu1n
1032 3217 1137 3295 tapete
1160 3231 1300 3295 grecum,
1324 3209 1404 3274 duos
1425 3233 1518 3276 renes
1535 3211 1609 3298 (sic)
1632 3221 1665 3277 et
1687 3212 1768 3278 duos
1792 3235 1915 3298 pannos
1942 3214 1987 3279 ad

313 3317 539 3406 coperiendurn
562 3325 714 3382 mortuos.
1210 3323 1218 3342 ⁸

471 3429 618 3488 Uarlsiru
641 3427 833 3500 kaludjericsh
857 3447 896 3484 sv.
920 3429 1020 3500 Marije
1044 3447 1062 3484 u
1080 3428 1185 3484 'Zadru

902 3614 1131 3700 CCXXIII.
1163 3613 1253 3698 eod
1281 3615 1394 3698 losa

315 3784 426 3862 Draco,
445 3785 537 3856 prior
557 3782 707 3842 Zodorala'
719 3781 875 3856 dosadjm‘e
888 3799 917 3852 μ
939 3776 1020 3840 dedit
1049 3779 1120 3840 Veli
1147 3779 1325 3852 caudata?
1339 3784 1511 3840 samostaac
1525 3797 1568 3840 su.
1590 3781 1704 3854 Martie
1726 3799 1747 3840 u
1770 3781 1992 3856 Zadrsnpeto

1091 3903 1213 3960 amomo.

473 4016 567 4082 Auno
590 4017 821 4082 incarnationis
843 4015 946 4081 Jhesu
971 4013 1090 4079 Christi
1114 4015 1214 4079 nostri
1238 4014 1360 4079 domini
1385 4013 1553 4080 millesimo
1570 4013 1648 4083 XCI
1664 4014 1747 4103 Kyri
1764 4015 1882 4083 Alexio
1899 4013 1987 4083 Con·

316 4122 567 4210 stantinopoleos
591 4123 777 4210 imperante,
806 4131 949 4208 tempora
982 4143 1044 4208 quo
1068 4119 1252 4186 Uladislans
1278 4119 1514 4186 Pannoniorum
1539 4135 1607 4202 rex',
1644 4119 1795 4186 Chrostie
1826 4123 1989 4188 inuadens

315 4251 459 4316 reguum,
484 4229 647 4294 dominum
673 4229 812 4309 almum,
837 4251 931 4294 suum
956 4235 1103 4314 nepotem
1128 4228 1159 4290 iu
1185 4225 1238 4291 illo
1267 4227 1378 4292 statuit
1402 4251 1521 4314 regem,
1548 4227 1707 4293 iaderensi
1732 4251 1809 4294 vero
1832 4215 1989 4296 cathedre

315 4335 432 4402 domno
455 4333 587 4400 Andrea
603 4335 831 4404 venerabiliter
858 4333 1051 4422 presciente,
1076 4355 1192 4420 meque
1220 4333 1340 4418 Draga,
1365 4332 1472 4399 domni
1497 4331 1668 4400 Praetentii
1685 4337 1826 4422 episcopi
1856 4349 1988 4422 nepote,
2113 4329 2123 4357 ‘

315 4445 379 4507 iam
403 4444 501 4506 tercio
527 4442 696 4527 priorante,
722 4437 851 4506 Accidit
874 4453 909 4506 ut
932 4443 964 4506 in
988 4441 1091 4528 primo
1121 4463 1205 4504 enno
1239 4461 1308 4504 mac
1339 4441 1437 4504 tercie
1467 4443 1719 4526 recuperationis
1750 4464 1859 4506 eoram
1891 4443 1989 4508 nobis

316 4571 355 4614 ac
378 4547 499 4634 prefato
524 4548 685 4634 episcopo,
710 4545 857 4634 alliisque
884 4569 981 4633 quam
1004 4546 1158 4632 pluribus,
1178 4547 1313 4610 oriretur
1331 4547 1531 4634 querimonia
1548 4546 1665 4614 domne
1683 4547 1776 4614 Veke
1792 4547 1857 4614 filie
1874 4547 1988 4630 Ciche,

318 4677 380 4742 que
404 4655 465 4717 viri
489 4653 548 4734 sui,
573 4651 726 4717 videlicet
753 4651 947 4716 Dobroslavi
976 4651 1102 4718 thorum
1135 4651 1317 4718 custodiens
1348 4654 1461 4737 viginti
1493 4655 1596 4736 annis,
1629 4653 1689 4720 deo
1718 4655 1845 4738 deuota
1877 4679 1988 4723 mona·

317 4761 397 4826 atico
421 4759 571 4825 utebatur
592 4758 713 4841 habitu,
737 4780 834 4844 quam
858 4757 971 4823 Petrus
995 4781 1087 4824 socer
1109 4781 1195 4840 suus,
1228 4757 1310 4825 filius
1332 4757 1441 4823 domni
1478 4758 1592 4841 Dabri,
1624 4759 1734 4826 verbis
1767 4782 1897 4827 suorum
1931 4763 1988 4828 ds·

318 4875 428 4952 ceptus
452 4869 712 4953 propinquorum,
729 4885 788 4930 suo
812 4863 1211 4948 exhereditaueratverb0‚
1231 4863 1394 4952 filiumque
1411 4887 1511 4947 suum,
1536 4887 1631 4952 quern
1654 4889 1725 4932 cum
1750 4865 1887 4953 quadam
1905 4870 1987 4936 scla-

318 4969 460 5038 uuncuia
483 4981 592 5036 natum
615 4969 766 5053 habebat,
791 4972 932 5038 moriens
955 4973 1058 5036 tocius
1082 4969 1348 5036 sue-hereditatis
1369 4970 1489 5038 iecerat
1512 4972 1673 5054 heredem,
1697 4971 1781 5038 hane
1795 4984 1902 5039 autam
1921 4999 1987 5042 sno·

319 5076 447 5144 nachali
471 5079 626 5142 irretitam
649 5076 790 5160 vinculo,
816 5099 878 5162 qua
902 5074 991 5141 illum
1015 5077 1183 5159 alimentis,
1202 5079 1465 5165 vestimentisque
1481 5078 1607 5143 fouerat
1621 5081 1780 5161 continue,
1797 5081 1882 5167 quod
1900 5085 1989 5149 veris

319 5184 475 5273 probatur
497 5182 739 5268 assertionibus,
764 5191 928 5270 expertem
953 5205 1083 5248 suorum
1105 5183 1175 5250 lieri
1198 5185 1346 5264 iusserat,
1370 5185 1481 5254 dicans
1512 5183 1579 5250 filio
1604 5193 1739 5268 mortuo,
1764 5183 1840 5252 huic
1864 5190 1987 5255 viuenti

321 5293 423 5376 nurui,
447 5293 540 5380 quasi
563 5300 697 5374 mortue,
721 5291 765 5356 nil
790 5291 900 5356 deberi
924 5289 1003 5358 dari.
1029 5290 1131 5372 Quem
1165 5294 1260 5358 etiam
1292 5293 1356 5358 iam
1387 5291 1491 5358 dictus
1523 5291 1754 5378 Dobroslauus,
1789 5291 1875 5358 filius
1900 5281 1987 5378 hius,

322 5408 455 5488 paterna
478 5405 582 5465 motus
605 5397 733 5485 pietate,
759 5419 916 5465 consensu
940 5397 1086 5486 coniugis
1109 5421 1165 5464 sus
1188 5395 1292 5482 Veke,
1325 5419 1420 5486 quam
1449 5397 1589 5465 futuram
1621 5409 1756 5466 nouerat
1788 5399 1988 5486 monacham,
