4292 5926
1798 445 1841 511 47

161 647 297 692 suorum
321 649 455 693 numero
477 625 637 692 collocare
659 627 820 712 dignatur.
845 626 895 690 Tu
918 649 996 692 vero
1019 629 1103 692 inter
1127 629 1186 694 hec
1209 632 1351 696 animum
1375 631 1417 696 ad
1433 635 1569 718 patriam
1595 637 1723 720 erigens
1748 636 1841 702 exilii

158 733 322 817 presentis
345 733 538 816 angustiam,
561 733 693 797 attentis
717 731 818 797 oculis
839 733 946 797 cordis
970 736 1128 818 excogita,
1155 745 1186 800 et
1210 735 1338 821 plebem
1371 738 1564 804 dominicam
1601 743 1750 825 regimini
1786 753 1841 806 tuo

155 839 365 903 commissam
390 841 474 903 iusto
497 837 648 924 exemplo
672 849 704 902 et
727 838 910 924 gubernare
935 849 966 904 et
988 840 1099 903 fouere
1132 863 1194 905 non
1227 841 1366 907 desinas.
1400 843 1435 908 ln
1474 843 1636 909 lucrandis
1672 847 1842 912 animabus

154 943 295 1028 inuigila
318 993 326 1010 .
351 995 358 1010 .
384 943 463 1010 cleri
488 944 714 1010 rectitudinem
740 954 809 1008 asto
833 944 1007 1026 sollicitus;
1031 945 1200 1010 utilitatem
1226 947 1363 1012 ecclesie
1393 950 1512 1014 iniuste
1547 952 1652 1036 perire
1687 963 1719 1015 et
1755 952 1841 1018 dete·

155 1049 272 1114 riorari
297 1049 386 1114 nulla
410 1050 607 1135 negligentia
631 1050 684 1114 vel
709 1051 911 1136 surreptione
934 1055 1112 1136 permittas,
1137 1063 1170 1115 et
1192 1054 1224 1116 in
1249 1057 1346 1117 certis
1371 1055 1463 1118 bonis
1483 1056 1634 1140 operibus
1647 1057 1841 1123 sacerdotali

156 1153 386 1236 sollicitudine,
411 1157 455 1220 ita
478 1156 609 1220 domino
634 1155 791 1240 largiente
822 1156 967 1240 inuigila,
999 1166 1032 1221 ut
1062 1165 1136 1220 ante
1175 1157 1315 1222 tribunal
1352 1163 1453 1223 eterni
1489 1161 1603 1224 iudicis
1639 1166 1842 1244 constitutus,

156 1259 298 1324 fructum
324 1261 407 1324 bone
429 1263 634 1346 operationis,
660 1263 714 1347 qui
738 1260 779 1324 ad
803 1261 984 1326 mercedem
1009 1273 1095 1326 tuam
1120 1265 1287 1348 pertineat,
1313 1267 1416 1328 eidem
1442 1267 1636 1352 redemptori
1662 1280 1779 1344 nostro,
1805 1273 1836 1334 in

156 1386 224 1450 que
248 1365 341 1430 letari
366 1367 476 1451 possit,
502 1365 667 1431 exhibeas.
693 1365 778 1430 Illud
802 1389 888 1448 vero,
914 1367 999 1430 unde
1017 1393 1036 1430 a
1058 1367 1150 1432 uobis
1175 1368 1312 1434 sollicite
1335 1369 1568 1455 indulgentiam
1594 1375 1748 1458 postulas,
1780 1379 1842 1440 sci-

155 1469 243 1548 licet,
269 1472 355 1559 quod
379 1495 422 1536 ex
446 1471 554 1537 debito
577 1474 751 1536 iuramenti
775 1470 993 1554 apostolorum
1018 1471 1129 1536 limina
1153 1477 1286 1538 visitare
1311 1478 1510 1560 astringeris,
1542 1489 1573 1542 et
1596 1482 1687 1564 graui
1720 1483 1840 1565 egritu-

155 1575 231 1640 dine
254 1578 452 1664 prepeditus,
477 1577 510 1642 id
535 1581 776 1664 perseipsum
801 1577 957 1642 hactenus
982 1601 1045 1643 non
1071 1582 1202 1664 potuisti
1227 1580 1367 1660 efficere,
1393 1595 1446 1646 tue
1471 1583 1676 1667 fraternitati,
1700 1609 1742 1649 ex
1765 1609 1842 1673 apo·

155 1681 273 1748 stolice
294 1683 381 1747 sedis
405 1683 605 1768 benignitate
628 1686 832 1748 remittimus.
852 1685 916 1749 Sed
941 1707 1012 1749 cum
1040 1690 1309 1772 opportunitatem
1335 1688 1393 1752 tibi
1425 1691 1596 1754 clementia
1627 1691 1738 1754 diuina
1772 1713 1842 1777 per-

157 1789 291 1868 miserit,
316 1790 344 1852 si
369 1799 479 1874 perte
505 1791 612 1874 ipsum
637 1812 700 1854 non
725 1792 854 1876 poteris,
880 1800 1049 1876 partuum
1075 1795 1222 1856 nuntium
1248 1804 1382 1856 matrem
1405 1804 1491 1858 tuam
1511 1805 1655 1860 sanctam
1673 1819 1863 1860 romanam*

155 1893 325 1957 ecclesiam
351 1894 522 1958 deuotione
546 1895 656 1960 debita
679 1894 809 1960 studeas
833 1897 974 1960 visitare.
1000 1894 1168 1975 Quatenus
1193 1921 1260 1980 nos,
1289 1899 1330 1963 de
1362 1911 1417 1964 tue
1448 1900 1646 1966 habitudinis
1683 1911 1777 1984 statu,
1810 1913 1842 1967 et

155 2007 190 2062 tu
216 1997 257 2063 de
281 2001 340 2081 his,
365 2023 428 2087 que
451 2003 538 2066 circa
559 2025 618 2066 nos
641 2013 790 2087 aguntur,
815 2003 919 2087 possis
944 2012 1107 2087 prestante
1130 2005 1259 2070 domino
1283 2005 1461 2070 informari.
1486 2007 1537 2072 De
1562 2018 1669 2072 cetero
1693 2029 1749 2092 pro
1767 2009 1841 2073 visi-

155 2105 277 2169 tatione
300 2115 357 2170 tua
378 2106 571 2171 fraternitati
595 2118 649 2172 tue
673 2109 794 2193 gratias
817 2109 955 2193 agimus.
980 2108 1102 2176 Datum
1127 2111 1240 2196 Signis
1263 2111 1306 2176 X.
1333 2113 1490 2178 kalendas
1514 2114 1668 2180 octobris.

308 2304 340 2362 Ia
363 2305 539 2380 rukopianog
561 2307 684 2380 bularija
707 2308 919 2381 dobrorackog,
943 2316 995 2369 etr.
1022 2309 1095 2368 262.

528 2601 687 2684 LXIX.
713 2603 821 2687 1153.
850 2605 913 2686 19.
939 2604 1154 2704 prosince.
1182 2604 1218 2688 U
1247 2606 1479 2690 Laterano.

152 2779 320 2840 Anastasio
343 2779 402 2842 IV.
424 2797 515 2860 papa,
534 2783 699 2856 podieljrq'e
722 2783 912 2857 nodbtskupu
936 2783 1172 2843 dubrooattomu
1196 2783 1330 2858 Andrtji,
1353 2787 1571 2860 nauutstupstt
1583 2789 1679 2862 pluet,
1701 2793 1713 2847 a'
1733 2795 1832 2863 potor-

704 2888 787 2961 rijtu‘e
804 2889 968 2962 portastice
992 2889 1175 2948 dubrooatlre
1197 2893 1291 2950 eritve.

311 3073 504 3138 Anastasius
534 3075 706 3160 episcopus
740 3095 853 3138 seruus
887 3097 1054 3141 seruorum
1089 3078 1151 3160 dei,
1183 3079 1361 3145 venerabili
1393 3080 1483 3146 fratri
1517 3081 1647 3149 Andree
1681 3088 1833 3170 regusino

154 3178 400 3266 archiepiscopo
424 3181 558 3265 eiusque
583 3182 826 3245 successoribus
850 3183 1004 3246 canonice
1037 3183 1275 3248 substituendis
1310 3187 1341 3249 in
1378 3198 1581 3273 perpetuum.
1613 3189 1650 3254 In
1684 3193 1837 3257 eminenti

153 3284 241 3350 sedis
264 3285 441 3371 apostolice
462 3285 593 3372 specula
617 3286 808 3372 disponente
832 3287 962 3351 domino
986 3292 1162 3372 constituti,
1188 3290 1303 3354 fratres
1329 3303 1456 3356 nostros
1489 3297 1658 3382 episcopos
1690 3297 1835 3362 fraterna

153 3391 311 3456 debemus
335 3393 467 3456 caritate
490 3392 636 3478 diligere,
660 3403 692 3456 et
718 3392 864 3458 ecclesiis
889 3393 951 3458 sibi
975 3417 994 3458 a
1018 3394 1078 3459 deo
1103 3397 1284 3460 commissis
1318 3409 1452 3484 paterna
1488 3401 1693 3466 solicitudine
1731 3406 1836 3490 proui-

144 3495 243 3588 dere.
268 3495 431 3577 Quocirca
455 3495 651 3562 venerabilis
672 3499 705 3562 in
730 3497 859 3563 Christo
883 3499 982 3564 frater
1016 3501 1148 3565 Andrea
1180 3505 1332 3586 ragusine
1364 3505 1616 3592 archiepiscope,
1649 3510 1712 3572 tuis
1746 3511 1838 3573 iustis

156 3602 430 3690 postulationibus
453 3605 593 3689 gratiam
614 3604 835 3690 impertientes
865 3629 1043 3688 assensum,
1076 3618 1108 3670 et
1138 3609 1376 3692 predecessoris
1412 3613 1513 3674 nostri
1546 3611 1650 3677 felicis
1684 3617 1839 3678 memorie

157 3731 240 3795 pape
264 3708 444 3773 Innocentii
467 3711 614 3793 vestigiis
637 3709 830 3792 inherentes,
856 3711 1011 3796 prefatam
1037 3712 1217 3796 ecclesiam,
1251 3715 1301 3778 cui
1332 3715 1392 3778 deo
1424 3726 1555 3780 auctore
1585 3741 1715 3803 preesse
1747 3719 1838 3784 dino-

158 3817 269 3894 sceris,
294 3815 355 3879 sub
378 3815 465 3881 beati
488 3815 576 3879 Petri
604 3826 636 3880 et
665 3827 775 3880 nostra
805 3819 1004 3902 protectione
1035 3821 1238 3904 suscipimus,
1270 3829 1302 3884 et
1333 3825 1490 3905 presentis
1523 3825 1634 3908 scripti
1666 3824 1836 3910 priuilegio

159 3923 406 4002 communimus,
431 3921 723 4008 confirmamusque
747 3921 805 3986 tibi
829 3924 956 4007 tuisque
987 3922 1237 4006 successoribus,
1274 3934 1305 3988 et
1339 3923 1479 3988 illibatas
1512 3926 1604 3990 vobis
1639 3927 1725 3990 omni
1759 3937 1837 3991 tem·

160 4047 238 4112 pore
262 4025 466 4090 decernimus
491 4049 688 4112 permanere,
712 4050 823 4091 omnes
846 4026 1014 4113 parochias
1038 4027 1079 4092 ad
1103 4029 1152 4091 ius
1176 4030 1346 4092 commisse
1371 4030 1427 4093 tibi
1462 4029 1597 4094 ecclesie
1625 4032 1836 4116 pertinentes,

159 4129 283 4195 scilicet
306 4154 439 4215 regnum
463 4131 664 4216 Zachulmie,
688 4155 823 4217 regnum
850 4132 997 4213 Seruilie,
1021 4157 1060 4197 ao
1083 4157 1217 4218 regnum
1241 4133 1407 4217 Tribunis,
1429 4137 1593 4200 ciuitatem
1618 4159 1756 4224 quoque·
1780 4161 1833 4202 ca·

152 4235 372 4303 tharinensem
397 4261 453 4303 seu
485 4239 580 4320 Rose,
612 4237 856 4304 budoanensem
890 4238 1083 4322 Auarorum,
1119 4239 1365 4324 liciniatensem,
1401 4241 1652 4325 scodrinensem,
1689 4243 1836 4306 driuasti·
1953 4247 1963 4266 ⁶

153 4365 287 4408 oensem
312 4353 344 4408 et
366 4342 598 4430 polatinensem
624 4367 698 4409 cum
720 4345 870 4426 abbatiis,
905 4344 1051 4410 ecclesiis
1082 4354 1114 4410 et
1142 4345 1302 4432 parochiis
1334 4347 1411 4412 suis.
1444 4346 1597 4411 Preterea
1629 4370 1838 4434 quascunque

152 4450 391 4534 possessiones,
416 4472 607 4536 quecunque
632 4451 718 4516 bona
741 4451 772 4515 iu
798 4449 953 4533 ecclesiis,
978 4451 1122 4533 decimis,
1146 4451 1242 4532 villis,
1268 4451 1400 4536 colonis,
1425 4452 1556 4538 prediis,
1581 4457 1677 4537 agris,
1700 4456 1838 4518 nemori-

98 4599 103 4603 -
153 4553 223 4635 bus,
250 4553 424 4637 montibus,
449 4554 594 4634 collibus,
620 4559 722 4642 aquis,
746 4559 857 4642 pratis,
882 4567 938 4622 aut
961 4557 1158 4644 quibuslibet
1180 4557 1253 4622 aliis
1278 4558 1384 4640 rebus,
1407 4557 1578 4623 diecesane
1611 4559 1664 4624 vel
1695 4563 1837 4646 proprie·

153 4660 233 4724 tarie
261 4659 484 4746 dispositionis
509 4661 601 4725 titulo
625 4661 738 4726 eadem
764 4661 905 4727 ecclesia
927 4663 960 4725 in
984 4663 1217 4748 presentiarum
1239 4666 1321 4728 iuste
1347 4675 1379 4728 et
1411 4667 1566 4728 canonice
1597 4666 1750 4750 possidet,
1782 4677 1837 4730 aut

152 4764 352 4830 infuturum
378 4769 584 4831 concessione
612 4768 809 4852 pontificum,
841 4767 1011 4852 largitione
1043 4788 1154 4852 regum
1190 4769 1241 4834 vel
1274 4771 1464 4855 principum,
1497 4767 1659 4834 oblatione
1692 4763 1834 4836 fidelium

154 4893 209 4937 seu
234 4871 308 4936 aliis
330 4874 423 4937 iustis
448 4873 553 4938 modis
579 4887 787 4960 prosperante
810 4874 940 4937 domino
958 4877 1074 4960 poterit
1095 4875 1241 4960 adipisci,
1259 4876 1352 4938 firma
1369 4877 1427 4940 tibi
1445 4879 1573 4962 tuisque
1591 4879 1834 4941 successoribus

154 4988 186 5043 et
206 4977 335 5044 illibata
359 4990 577 5064 permaneant.
600 4978 694 5044 Pallii
726 5001 856 5068 quoquc
890 5003 993 5062 usum,
1029 4981 1232 5066 pontificatus
1266 4982 1418 5046 videlicet
1451 4981 1549 5046 officii
1587 4982 1829 5068 plenitudinem,

140 5082 345 5150 humilitatis
369 5095 401 5149 et
423 5086 544 5150 iustitie
576 5088 714 5170 signum,
749 5085 791 5150 ad
821 5089 991 5150 missarum
1023 5086 1179 5151 solemnia
1211 5087 1424 5168 cebebranda,
1459 5089 1541 5152 sicut
1571 5090 1830 5154 antecessoribus

154 5192 216 5255 tuis
239 5213 430 5256 concessum
454 5191 554 5256 fuisse
577 5192 763 5274 dinoscitur,
788 5192 847 5271 tibi
870 5193 1060 5256 auctoritate
1084 5193 1261 5278 apostolica
1285 5197 1520 5260 confirmamus.
1547 5191 1619 5270 Quo
1645 5195 1694 5257 hie
1720 5195 1834 5259 diebus

155 5303 277 5363 tantum
300 5295 487 5362 fraternitas
510 5308 566 5364 tua
588 5300 634 5363 uti
658 5299 850 5382 meminerit,
874 5297 992 5384 quibus
1015 5299 1274 5364 antecessoribus
1297 5301 1361 5363 tuis
1384 5299 1427 5362 ab
1450 5299 1627 5384 apostolica
1650 5299 1727 5365 sede
1754 5323 1830 5365 con-
