4276 5934
190 320 198 340 ⁹
297 365 362 462 212

297 558 502 648 beneplacito
526 569 637 630 nostro
652 560 863 647 procederet,
888 571 923 626 ut
946 561 1004 625 tibi
1029 561 1164 648 pallium
1189 562 1400 644 conferemus,
1426 573 1457 626 et
1481 575 1514 627 tu
1539 563 1633 628 nobis
1658 564 1877 640 iuramentum
1904 563 1979 628 fide-

298 664 397 730 litatis
420 675 593 754 prestares,
618 673 649 729 te
675 665 789 751 procul
813 667 911 730 dubio
934 666 1114 731 faceremus
1140 667 1226 731 dicto
1251 667 1431 754 patriarche
1455 667 1607 753 gradensi
1632 668 1865 754 professionem
1883 692 1976 734 cano-

298 773 404 846 nicam
428 781 460 835 et
483 770 625 835 debitam
651 770 868 836 obedientiam
894 772 1061 838 exhibere.
1088 773 1152 838 Sed
1177 776 1238 859 ipsi
1265 777 1372 838 nuncii
1397 774 1477 842 tales
1503 773 1674 840 noluerunt
1708 774 1832 840 litteras
1868 797 1978 862 repor-

297 885 377 956 tare,
403 875 520 963 quibus
544 878 684 941 reuersis
710 880 779 942 sine
802 876 955 942 mandato
979 886 1097 960 nostro,
1123 877 1258 944 ecclesie
1283 879 1440 943 iadertine
1458 879 1576 945 diceris
1595 882 1738 963 regimen
1752 883 1978 967 assumpsisse,

299 989 332 1046 et
354 984 388 1045 in
412 1005 450 1046 ea
471 991 536 1046 tam
559 983 758 1068 temporalia,
783 1005 878 1069 quam
905 985 1085 1074 spiritualia
1108 985 1352 1068 administrare;
1377 989 1454 1072 quia
1478 1009 1555 1051 vero
1579 1008 1680 1072 graue
1705 989 1799 1052 nimis
1817 997 1875 1067 est,
1893 986 1980 1072 quod

299 1086 340 1151 de
364 1095 419 1152 tua
443 1090 685 1176 presumptione
710 1091 907 1175 proponitur,
932 1113 991 1156 neo
1023 1091 1129 1156 subito
1166 1091 1316 1156 volumus
1352 1090 1568 1158 damnationis
1604 1095 1797 1156 sententiam
1833 1091 1979 1172 iaculari,

299 1191 492 1257 fraternitati
517 1192 575 1278 per
598 1192 775 1278 apostolica
799 1197 920 1280 scripta
942 1198 1144 1276 mandamus,
1169 1206 1200 1262 et
1224 1197 1369 1261 districte
1393 1199 1597 1283 precipimus,
1622 1209 1780 1283 quatenus
1797 1199 1881 1262 intra
1899 1197 1979 1261 duos

298 1320 437 1379 menses,
462 1311 535 1384 post
558 1301 793 1386 susceptionem
826 1304 1034 1386 presentium,
1071 1326 1142 1366 cum
1179 1305 1372 1388 competenti
1410 1324 1542 1370 numero
1580 1305 1807 1368 canonicorum
1843 1302 1981 1368 ecclesie

296 1402 465 1486 iadertine,
489 1405 551 1468 iter
573 1406 692 1490 aripias
717 1405 757 1470 ad
782 1406 890 1471 sedem
915 1409 1126 1493 apostolicam
1155 1409 1316 1490 veniendi,
1353 1408 1539 1474 redditurus
1575 1410 1669 1474 nobis
1709 1431 1807 1494 super
1842 1432 1982 1474 excessu

299 1533 394 1597 quem
419 1509 630 1596 prediximus,
656 1512 824 1577 rationem.
850 1512 899 1578 Ita
923 1513 1010 1600 quod
1034 1516 1060 1578 si
1086 1511 1256 1600 culpabilis
1288 1517 1438 1579 inuentus
1471 1537 1534 1578 non
1567 1515 1678 1596 fucris,
1712 1519 1785 1579 cum
1817 1516 1912 1580 nobis
1941 1514 1980 1580 de

299 1614 515 1703 postulatione
539 1618 703 1696 canonica,
728 1627 759 1682 et
782 1640 919 1704 persone
944 1630 997 1684 tue
1020 1619 1195 1684 idoneitate
1219 1612 1410 1702 constiterit,
1433 1619 1653 1685 translationis
1677 1624 1824 1705 gratiam,
1845 1633 1877 1685 et
1910 1621 1979 1707 pal-

299 1719 379 1785 lium
400 1723 545 1808 recipere
571 1723 743 1806 merearis3
767 1724 974 1809 postmodum
998 1723 1139 1789 debitam
1164 1725 1258 1789 nobis
1282 1724 1471 1789 fidelitatem
1500 1735 1532 1790 et
1567 1727 1654 1790 dicto
1691 1726 1873 1812 patriarche
1909 1749 1979 1812 gra·

300 1825 392 1891 densi
417 1827 648 1914 professionem
673 1831 861 1892 canonicam
886 1832 1110 1916 impensurus3
1136 1829 1278 1916 alioquin
1303 1854 1447 1894 exnunc
1477 1841 1508 1894 to
1535 1833 1664 1896 noueris
1688 1833 1729 1896 ab
1764 1832 1871 1896 officio
1904 1855 1977 1917 pon·

300 1932 410 1998 tificali
435 1955 638 2022 suspensum,
663 1944 695 1999 et
718 1958 776 1999 nos
802 1939 965 2001 canonicis
989 1939 1146 2002 iadertine
1179 1937 1315 2001 ecclesie
1347 1937 1475 2000 dedisse
1510 1937 1646 2002 firmiter
1680 1939 1712 2000 in
1737 1937 1909 2018 mandatis,
1945 1945 1977 2004 ut

301 2037 397 2102 aliam
423 2061 593 2124 personam
616 2039 764 2106 idoneam
789 2045 942 2108 canonice
967 2043 1027 2108 sibi
1053 2043 1175 2130 eligant
1207 2044 1240 2107 in
1263 2054 1435 2131 pastorem,
1460 2043 1581 2107 Datum
1607 2043 1759 2108 Laterani
1788 2043 1847 2108 111.
1880 2064 1978 2108 nonas

300 2143 492 2214 decembris.

448 2313 557 2370 Farlati
581 2315 660 2388 lllyr.
682 2333 753 2371 sacr.
777 2317 810 2372 T.
836 2317 870 2376 V.
894 2325 943 2373 etr.
970 2318 1019 2374 68.
1051 2317 1183 2374 Theiuer,
1207 2317 1283 2374 Mon.
1308 2323 1362 2374 vot.
1385 2316 1459 2372 Slav.
1486 2316 1583 2400 merid.
1606 2317 1628 2374 I.
1649 2323 1698 2372 str.
1724 2317 1754 2374 3.

591 2629 886 2718 CCLXXXII,
915 2632 1027 2714 1199.
1058 2631 1124 2712 28.
1152 2632 1366 2731 prusiaca
1395 2631 1431 2712 U
1461 2631 1691 2710 Lateranu.

300 2810 459 2870 Innocentio
481 2810 552 2872 III.
570 2827 666 2884 papa,
685 2809 813 2883 portetis
838 2811 1029 2896 nudbislccpa
1051 2812 1064 2868 r'
1086 2810 1179 2868 ostctc
1210 2809 1360 2868 soetentte
1393 2811 1480 2870 ortae
1513 2811 1706 2886 dubrocudte,
1730 2810 1771 2868 da
1805 2809 1978 2868 tcterdcsctu

569 2938 679 2994 structu
701 2951 791 3010 scopa
811 2934 947 2994 dohodlru
970 2935 1132 3007 doprtncsu
1155 2950 1197 2992 aa
1214 2933 1320 3008 pomoc'
1338 2939 1408 2992 rato
1430 2951 1467 2994 aa
1489 2938 1572 2993 sactu
1594 2933 1710 3006 camna.

405 3087 613 3153 Innocentius
630 3091 800 3175 episeopus
819 3069 932 3154 seruus
950 3109 1127 3152 seruorum.
1154 3087 1216 3152 Dei
1234 3085 1474 3152 venerabilibus
1491 3087 1643 3152 fratribus
1668 3087 1807 3152 ecclesie
1827 3089 1976 3170 ragusiae

300 3192 544 3281 archiepiscopo
568 3204 600 3260 et
624 3195 837 3279 suffraganeis
861 3197 941 3276 eius,
966 3204 997 3259 et
1021 3193 1148 3258 dilectis
1174 3195 1248 3260 filiis
1273 3193 1457 3277 abbatibus,
1496 3195 1666 3279 prioribus,
1703 3193 1845 3273 decanis,
1877 3191 1977 3255 archi·

302 3297 458 3379 diaconis,
483 3309 514 3365 et
538 3303 698 3365 uniuersis
723 3301 848 3365 clericis
873 3310 937 3364 tam
964 3299 1112 3381 subditis,
1138 3322 1233 3386 quam
1260 3299 1392 3385 prelatis
1418 3302 1448 3362 in
1474 3301 1627 3384 ragusina
1661 3300 1829 3384 prouincia
1865 3298 1979 3360 consti·

303 3407 382 3470 tutis
406 3405 541 3471 salutem
563 3417 596 3470 et
618 3407 827 3492 apostolicam
842 3406 1112 3472 benedictionem.
1130 3405 1256 3470 Graues
1273 3405 1438 3494 orientalis
1455 3415 1538 3468 terre
1556 3406 1710 3485 miserias,
1729 3411 1760 3467 et
1773 3405 1981 3466 necessitates

305 3522 458 3598 urgentes
480 3513 546 3577 iem
570 3514 686 3600 potius,
708 3515 849 3599 peccatis
872 3511 1090 3598 exigentibus,
1116 3511 1235 3576 deflere
1260 3514 1414 3597 cogimur,
1440 3533 1535 3596 quam
1561 3509 1692 3594 referre,
1724 3532 1796 3574 cum
1832 3508 1875 3572 ad
1911 3531 1981 3573 eum
2014 3521 2016 3528 ’

302 3627 430 3703 statum,
455 3620 483 3684 si
508 3629 614 3684 tamen
638 3628 740 3684 status
765 3619 922 3683 dicendus
947 3628 995 3682 est
1019 3640 1123 3692 casus,
1140 3617 1227 3702 quod
1243 3616 1388 3681 dolentes
1407 3617 1555 3696 dicimus,
1573 3617 1687 3680 eadem
1705 3626 1790 3680 terra
1807 3615 1984 3696 deuenerit,

301 3734 337 3790 ut
359 3726 421 3790 nisi
444 3726 538 3790 citius
563 3726 664 3811 ipsius
688 3725 785 3790 fuerit
808 3725 994 3789 necessitati
1018 3745 1216 3804 succursum,
1241 3732 1273 3786 et
1290 3743 1459 3788 occursum
1476 3721 1645 3786 conatibus
1662 3744 1873 3807 paganorum,
1893 3723 1982 3803 pauci

302 3829 488 3914 Christiani,
513 3832 569 3918 qui
593 3853 627 3896 se
652 3830 831 3896 defensioni
856 3829 1045 3894 hereditatis
1069 3829 1189 3893 domini
1215 3837 1246 3893 et
1271 3829 1417 3893 crucifixi
1438 3829 1601 3914 obsequiis
1618 3828 1828 3910 detinuerunt,
1853 3827 1983 3892 hostiles

303 3939 437 4024 sagittas
462 3940 511 4002 sui
536 3938 704 4024 sanguinis
729 3937 887 4001 effusione
910 3935 1102 4000 inebriaturi
1127 3935 1309 4016 credantur,
1333 3944 1364 3999 et
1388 3957 1588 4019 paganorum
1612 3933 1738 4018 gladios
1763 3936 1830 3998 suis
1864 3933 1982 4016 iugulis

309 4043 477 4132 placaturi.
502 4041 659 4128 Reliquiis
683 4041 890 4107 desolationis
915 4042 1001 4108 illius
1033 4051 1117 4106 terre
1149 4044 1220 4105 sine
1244 4064 1300 4126 spe
1325 4041 1455 4104 humani
1481 4040 1617 4104 subsidii
1643 4039 1817 4124 perdendis
1834 4038 1983 4114 totaliter,

307 4159 339 4214 et
362 4150 403 4214 ab
427 4149 573 4214 hostibus
598 4148 793 4233 occupandis
817 4170 910 4212 nemo
935 4157 993 4229 est,
1019 4149 1073 4232 qui
1095 4146 1276 4226 subueniat,
1301 4169 1374 4211 curn
1399 4145 1439 4210 de
1476 4145 1621 4230 partibus
1656 4144 1720 4208 illis
1758 4167 1840 4230 pene
1873 4167 1983 4209 omnes

307 4259 371 4320 iam
394 4255 549 4320 redierint
570 4256 744 4341 peregrini.
769 4253 807 4317 Id
830 4263 937 4318 autem
961 4254 1117 4318 hactenus
1142 4253 1290 4317 dominus
1314 4251 1413 4316 Jesus
1436 4251 1595 4333 Christus,
1628 4261 1663 4316 ut
1691 4251 1845 4338 probaret
1878 4251 1983 4315 adhuc

310 4361 425 4427 fortius
448 4361 545 4426 fidem
569 4369 721 4441 nostram,
746 4368 778 4423 et
790 4357 984 4443 intelligeret
1000 4357 1137 4444 plenius,
1154 4361 1208 4442 qui
1227 4366 1301 4420 sunt
1318 4357 1397 4437 eius,
1419 4355 1669 4420 misericorditer
1685 4356 1856 4441 impediuit
1872 4378 1984 4421 manus

307 4489 417 4532 eorum
442 4468 475 4530 in
500 4467 587 4551 ipsos
612 4475 811 4545 conuertere,
836 4476 868 4528 et
902 4487 958 4528 eos
995 4465 1078 4527 inter
1113 4486 1148 4526 se
1184 4461 1422 4526 multiformiter
1458 4462 1682 4526 discordantes
1721 4463 1911 4547 permittens
1946 4461 1985 4524 ad

307 4575 447 4637 inuicem
472 4571 639 4651 deseuire,
657 4553 691 4635 ut
715 4568 909 4662 Christianis
936 4565 1065 4633 interim
1089 4569 1130 4632 ad
1154 4570 1256 4654 ipsius
1282 4579 1366 4633 terre
1390 4568 1570 4632 subsidium
1596 4571 1756 4650 excitatis,
1782 4567 1909 4632 facilior·
1933 4569 1984 4630 da-

309 4687 398 4742 retur
423 4675 562 4740 facultas
583 4677 797 4762 recuperandi
821 4675 957 4762 perdita,
983 4675 1078 4739 etde
1103 4673 1252 4738 hostibus
1278 4672 1508 4760 triumphandi.
1532 4673 1725 4760 Recepimus
1757 4675 1841 4735 enim
1863 4673 1985 4738 litteras

309 4781 542 4848 venerabilium
578 4781 711 4846 fratrum
749 4792 930 4846 nostrorum
955 4828 963 4846 .
988 4828 1028 4847 ..
1060 4780 1277 4844 antiochensis
1301 4791 1332 4844 et
1355 4829 1362 4845 .
1389 4829 1396 4843 .
1420 4828 1427 4843 .
1453 4778 1696 4844 ierosolimitani
1721 4779 1984 4864 patriarcharum,

312 4888 633 4975 archiepiscoporum
658 4890 754 4953 etiam
778 4898 810 4952 et
833 4889 1058 4972 episcoporum
1084 4889 1250 4970 utriusque
1276 4887 1450 4970 prouincia,
1468 4884 1615 4948 similiter
1631 4895 1663 4947 et
1679 4886 1790 4948 caries.
1806 4885 1839 4947 in
1859 4883 1984 4948 Christo

310 4997 448 5063 filiorum
473 5003 655 5060 nostrorum
679 4994 721 5059 A.
744 4994 1079 5070 ierosolimitanorum,
1104 5001 1136 5056 et
1159 4991 1195 5055 L.
1221 4993 1437 5056 armeniorum
1462 5014 1576 5076 regum
1601 4989 1782 5068 illustrium,
1807 4999 1840 5054 et
1857 4989 1984 5054 dilecto-

312 5127 383 5169 rum
420 5100 559 5165 filiorum
585 5151 592 5165 .
618 5150 625 5165 .
651 5148 658 5164 .
684 5110 716 5164 et
739 5148 746 5164 .
772 5147 779 5163 .
806 5148 813 5164 .
839 5101 1066 5184 magistrorum
1098 5096 1421 5162 ierosolimitanorum
1454 5094 1621 5182 hospitalis
1655 5107 1686 5158 et
1719 5093 1831 5158 militie
1866 5093 1981 5180 templi,

313 5209 514 5300 aliorumque
538 5205 712 5276 multorum
736 5206 837 5296 ipsius
861 5216 947 5272 terre
971 5205 1119 5273 miserias
1143 5211 1175 5268 et
1198 5205 1407 5268 necessitates
1431 5201 1557 5288 plenius
1581 5212 1791 5288 exponentes,
1816 5214 1849 5265 et
1879 5210 1982 5288 postu·
