4310 5918
1756 405 1817 474 169

290 599 337 662 De
359 601 518 666 territorio
545 602 575 664 in
600 599 746 666 Seruiee.

285 704 387 770 Terre
412 729 487 770 vero
509 729 571 794 que
593 719 641 772 ost
665 710 695 770 in
721 707 1038 793 Seruize,incipiens
1060 731 1081 771 a
1105 704 1175 772 lecu
1206 707 1347 790 orientis,
1371 717 1521 794 protense
1555 730 1629 774 vero
1663 708 1812 796 edueqne

135 821 259 896 puteum
286 811 464 876 occidentis
489 815 521 878 in
545 812 755 900 longitudine,
781 825 812 876 et
835 837 854 876 e
890 812 971 879 colle
995 812 1155 899 aquilenis
1180 824 1270 878 tense
1293 836 1395 900 usque
1420 814 1460 880 ed
1484 813 1583 879 alium
1610 813 1724 880 collem
1750 837 1813 882 me-

24 947 26 956 =
136 919 213 982 ridie
237 941 281 982 ex
304 918 481 1000 latitudine,
507 923 622 1006 partim
646 920 721 984 dete
742 931 791 985 est
814 919 918 984 eidem
947 923 1141 984 monasterio
1165 942 1183 983 e
1208 943 1283 1006 rege
1317 918 1536 1008 Obresymiro,
1570 933 1604 986 ut
1633 921 1814 1010 predictum

135 1037 189 1089 est.
214 1024 345 1090 Partem
371 1049 448 1091 vero
472 1027 583 1091 tribuit
605 1026 720 1091 Petrus
745 1025 879 1110 Obside,
903 1027 1007 1092 fectus
1028 1026 1145 1091 ibidem
1174 1025 1358 1110 monachus,
1383 1026 1478 1092 aliam
1506 1049 1634 1115 quoquc
1667 1026 1820 1094 Veilcaze

136 1141 165 1194 et
189 1130 383 1216 Dregorado
407 1132 526 1198 ibidem
552 1132 649 1216 dedit,
685 1132 780 1197 aliem
806 1143 927 1218 partem
946 1135 1049 1197 silicet
1072 1131 1228 1220 quidquid
1246 1155 1337 1196 suurn
1362 1131 1431 1212 fuit,
1449 1143 1480 1196 et
1496 1133 1556 1198 hoc
1572 1131 1649 1198 fecit
1677 1156 1734 1220 pro
1759 1157 1818 1199 suo

134 1235 206 1318 filio,
225 1259 321 1323 quem
348 1237 381 1302 P.
408 1237 508 1302 ebbae
533 1242 775 1325 exeornporeuit
794 1239 834 1303 de
860 1223 996 1304 Cossiza'
1016 1249 1160 1304 teuzone.
1185 1237 1228 1302 Et
1251 1261 1308 1326 pro
1326 1237 1411 1302 illius
1425 1250 1525 1325 perte
1549 1238 1640 1304 dedit
1656 1240 1691 1306 P.
1717 1241 1819 1306 abbas

133 1341 175 1406 illi
200 1342 394 1428 Dragoredo
419 1367 550 1409 vaccam
575 1368 671 1410 unam
695 1360 726 1408 et
748 1347 919 1410 quencum
952 1367 1044 1409 erare
1069 1353 1240 1430 potentem,
1265 1353 1297 1408 ct
1319 1345 1461 1430 quinque
1494 1343 1616 1409 lanatas
1650 1343 1735 1433 (sic).
1760 1346 1820 1412 Est

133 1459 163 1512 et
184 1447 306 1513 ibidem
331 1449 394 1514 slis
412 1437 503 1514 ⁴terro
519 1461 625 1538 empta
642 1450 701 1516 sub
716 1461 860 1538 tempore
885 1451 970 1537 Lupi
987 1450 1113 1516 ebbetis
1129 1473 1149 1514 e
1165 1449 1331 1536 capellano
1350 1451 1484 1516 ecclesie
1501 1461 1682 1517 sanctoruni
1703 1451 1819 1519 Cosme

132 1564 162 1618 et
185 1537 337 1620 Demiuni
356 1579 412 1643 pro
437 1547 500 1622 una
526 1579 628 1622 vacce
651 1559 684 1622 in
707 1557 909 1642 Jegodanns,
935 1568 966 1621 et
989 1557 1030 1622 ab
1048 1555 1176 1622 villanis
1194 1556 1273 1621 mibi
1291 1555 1561 1622 cohabitantibus.

291 1661 343 1726 De
367 1664 527 1728 territorio
555 1662 707 1728 Moimiri.

243 1780 246 1792 “
288 1766 361 1852 Ego
385 1767 525 1845 Moimir,
552 1792 609 1856 pro
633 1779 743 1834 eterne
768 1768 870 1853 gloria
894 1767 978 1834 dono
1002 1777 1101 1832 totam
1125 1777 1252 1854 partem
1276 1765 1374 1832 alodii
1400 1769 1472 1850 mei,
1490 1767 1618 1834 volente
1635 1778 1667 1834 et
1683 1792 1817 1836 consen·

132 1875 228 1936 tiente
254 1883 287 1938 et
307 1873 499 1940 colaudente
524 1876 622 1941 fratre
648 1899 717 1940 meo
744 1873 891 1957 Draselo,
917 1875 1003 1963 quod
1027 1876 1140 1960 incipit
1163 1873 1204 1938 ad
1234 1873 1317 1938 velle
1342 1885 1526 1938 sanctorum
1551 1871 1670 1940 Oosme
1694 1886 1725 1940 et
1751 1875 1818 1942 Ds-

134 1981 242 2061 mieni,
269 2003 373 2067 usque
397 1981 438 2046 ad
460 1984 657 2047 territorium
683 1983 911 2047 monacharum
938 1983 1038 2046 sancti
1063 1981 1199 2046 Thome.
1223 1979 1281 2044 Isti
1299 1989 1373 2044 sunt
1396 1989 1505 2064 testes,
1530 2003 1665 2068 quorum
1688 1984 1819 2048 nomIne

135 2083 296 2169 leguntur.
321 2086 444 2152 Jurene
468 2090 607 2174 iuppeno
632 2088 671 2152 de
696 2089 853 2176 Sydrege,
878 2099 910 2152 et
927 2086 1076 2153 Orucone
1110 2089 1288 2174 postiuppo,
1314 2097 1345 2150 et
1372 2086 1505 2152 Lisizeo
1528 2098 1560 2152 et
1584 2087 1761 2174 Vitodrago
1786 2099 1819 2154 et

24 2235 25 2238 η
133 2190 200 2256 aliis
218 2215 317 2278 quem
347 2193 464 2282 plures.
490 2195 577 2282 (sic).

292 2295 344 2363 De
367 2309 453 2366 terra
477 2323 572 2387 quem
597 2300 686 2365 dedit
709 2301 835 2366 Budien
860 2300 1029 2387 presbiter.

293 2405 417 2470 Budieo
441 2407 600 2494 presbiter
624 2409 783 2472 concessit
806 2407 909 2472 eidem
936 2407 1132 2470 monasterio
1157 2429 1214 2493 pro
1238 2415 1349 2470 eterna
1373 2405 1440 2469 vite
1472 2415 1589 2470 terrem
1618 2405 1650 2470 in
1688 2404 1818 2470 Dolleni

133 2532 188 2596 pro
213 2532 281 2596 que
304 2510 340 2575 P.
364 2511 466 2578 ebbae
489 2536 561 2578 cum
587 2516 653 2578 suis
677 2513 830 2578 fratribns
853 2513 942 2578 dedit
965 2515 993 2578 ei
1014 2513 1169 2598 optimum
1194 2533 1322 2598 equum.
1346 2511 1499 2576 Testibus
1524 2510 1589 2575 bis:
1615 2509 1814 2578 Ohrulrenne

135 2619 320 2704 postiuppo,
344 2628 376 2682 et
394 2617 501 2684 Vitele
526 2631 557 2684 et
580 2619 743 2684 Ursainne
1476 2607 1480 2616 ¹

292 2722 344 2788 De
367 2724 473 2791 alodio
498 2725 583 2790 Petri
609 2726 778 2815 presbiteri
804 2735 836 2790 et
861 2723 1019 2790 monachi

293 2829 456 2896 Presbiter
480 2832 603 2916 Petrus,
627 2833 758 2898 effeetus
785 2832 902 2898 ibidem
936 2831 1121 2914 monachus,
1146 2832 1305 2896 concessit
1339 2829 1442 2894 eidem
1480 2829 1670 2893 monasterio
1705 2837 1807 2894 totum
1865 2820 1871 2870 ’-

135 2959 224 3000 suum
250 2936 392 3002 alodium
418 2938 538 3003 ibidem
565 2942 596 3004 in
620 2939 749 3022 DolenI,
783 2939 917 3004 testibus
941 2939 990 3003 bis
1015 2940 1181 3024 utriusque
1206 2936 1292 3016 doni,
1318 2933 1533 3001 Obruebennc
1557 2936 1736 3022 postiuppo,
1762 2933 1817 3000 Vi·

135 3041 206 3125 tale,
233 3042 405 3110 Urscinna.
430 3043 472 3108 Et
496 3045 556 3110 hoe
580 3045 640 3110 sub
664 3045 751 3111 Petri
776 3045 904 3111 abbatis
929 3057 1082 3131 tempore.

209 3205 213 3213 .
288 3148 341 3214 De
365 3159 452 3216 terra
474 3174 569 3238 quem
594 3151 683 3218 dedit
707 3151 874 3216 Nessemir
897 3154 929 3216 in
954 3151 1096 3216 Nesseri.

294 3255 409 3322 Eidem
435 3260 629 3324 monasterio
654 3259 742 3324 dedit
771 3259 854 3324 idem
888 3257 1053 3322 Nessemir
1082 3254 1274 3321 Gussiobius
1299 3257 1426 3318 vineam
1458 3256 1489 3336 in
1521 3251 1811 3338 Nelosei·Nssseri,

136 3362 284 3428 similiter
308 3387 364 3450 pro
389 3367 499 3452 requie
521 3368 710 3449 animarum,
735 3367 833 3430 immo
857 3365 1011 3452 quiequid
1034 3375 1192 3428 terrerum
1217 3361 1338 3427 ibidem
1362 3363 1493 3424 sitarum
1519 3383 1575 3423 sue
1605 3361 1686 3446 perti
1721 3362 1816 3444 perti·

138 3468 241 3550 nebet,
268 3469 515 3536 testificantibus
539 3472 718 3557 presbitero
742 3471 781 3537 de
805 3471 990 3549 Asserichs,
1016 3469 1159 3552 Rsuizai,
1195 3467 1356 3554 Dregezai
1384 3477 1416 3532 et
1440 3465 1581 3530 Dessina
1613 3489 1670 3530 suo
1707 3467 1815 3550 fratre,

138 3585 168 3638 et
189 3575 335 3664 Symone
351 3601 423 3642 cum
446 3601 503 3644 suo
528 3578 635 3662 fratre,
661 3603 720 3644 nec
737 3603 798 3644 non
824 3589 856 3644 et
880 3581 1006 3644 vineam
1026 3577 1110 3641 idem
1135 3573 1252 3640 ibidem
1279 3575 1438 3638 concessit
1459 3575 1490 3636 in
1515 3574 1675 3638 territorio
1701 3571 1815 3660 Vlosy·

138 3685 258 3748 nesseri
278 3695 311 3749 et
333 3685 486 3772 quicquid
508 3695 664 3750 terrerum
689 3686 755 3750 illic
779 3689 910 3752 sitarum
936 3707 993 3750 sue
1016 3685 1099 3770 perti
1120 3683 1281 3770 pertinuit,
1307 3691 1339 3745 et
1363 3678 1423 3744 boc
1447 3689 1590 3766 tempore
1624 3678 1752 3744 abbatis
1778 3679 1813 3745 P.

295 3788 345 3854 De
370 3801 458 3856 curte
482 3789 630 3878 Cossyra
653 3795 684 3856 in
709 3791 868 3858 Oresteni.
1389 3845 1394 3856 .

24 3975 25 3990 ,
296 3895 453 3962 Chossize
476 3907 570 3963 teuzo
596 3921 651 3986 pro
676 3899 779 3986 glorie
803 3921 942 3986 superne
974 3906 1105 3984 paterne
1137 3895 1296 3960 concessit
1327 3891 1432 3958 eidem
1455 3893 1648 3957 monasterio
1690 3903 1814 3958 curtem

24 4017 26 4086 ς
138 3999 285 4087 frugibus
307 4013 392 4069 terre
415 4002 552 4069 fertilem
579 4009 611 4071 in
636 4003 793 4088 Oresteni,
810 4027 882 4070 cum
906 4004 1054 4070 omnibus
1078 4001 1157 4066 inibi
1183 3999 1425 4066 conincentibus
1451 3997 1563 4063 bumili
1590 4020 1694 4085 prece,
1714 3999 1838 4086 since·¹

138 4130 233 4195 reque
259 4109 438 4196 deuotione,
462 4111 577 4178 fratres
601 4115 669 4178 'eius
693 4113 754 4178 loci
772 4113 811 4178 ed
829 4136 862 4176 se
887 4132 1078 4192 commeans,
1096 4128 1213 4193 eosque
1237 4128 1373 4192 superne
1395 4104 1565 4170 obsecrans
1588 4103 1648 4168 sub
1671 4113 1815 4192 tempore

24 4239 25 4242 ¹
139 4211 172 4279 P.
205 4215 400 4282 venerabilis
424 4217 560 4300 abbatis,
585 4217 634 4283 bis
659 4219 800 4303 legitime
821 4216 1077 4298 testificantibus,
1099 4213 1205 4280 sil-icet
1227 4211 1342 4295 Slsize,
1367 4209 1555 4296 Chalei'nne,
1580 4210 1759 4295 Deiigezai

24 4319 25 4328 ¹
276 4323 327 4390 De
351 4335 446 4406 terre,
471 4349 533 4412 que
554 4337 603 4392 est
626 4329 658 4391 in
684 4325 855 4412 Jegotbne.

276 4430 388 4498 Abbes
414 4432 527 4498 Petrus
544 4435 622 4500 emit
644 4443 762 4498 terrem
788 4433 822 4496 in
852 4429 1014 4516 chothne
1047 4427 1086 4492 de
1123 4423 1266 4492 Bratichi
1289 4420 1446 4488 Besrodie
1470 4445 1526 4508 pro
1557 4418 1634 4487 XII.
1666 4444 1812 4486 romann-

141 4534 187 4614 tis,
222 4535 303 4602 deus
338 4561 395 4624 pro
419 4561 457 4604 ee
488 4541 582 4604 etiam
607 4539 725 4605 bonurn
759 4561 876 4624 equum
900 4536 1057 4600 Lubomir
1079 4535 1220 4620 iuppeno
1245 4530 1284 4595 de
1309 4528 1455 4611 Sidrege,
1489 4539 1520 4592 et
1550 4527 1703 4614 quicquid
1734 4527 1814 4594 inibi

25 4685 26 4688 κ
141 4651 186 4704 est
206 4651 374 4728 terrerum,
392 4667 558 4732 aquarum,
577 4658 748 4733 petrarum,
766 4647 918 4710 siluarum
942 4653 973 4708 et
992 4643 1133 4708 omnium
1159 4639 1224 4704 illie
1248 4637 1485 4725 pertinentium.
1509 4634 1661 4700 Testibus
1677 4634 1812 4702 idoneis.

24 4749 25 4758 ’
293 4748 345 4814 De
368 4761 458 4816 curte
477 4751 615 4816 filiorum
640 4750 803 4816 chrozai
826 4753 858 4814 in
883 4748 1043 4816 Oresteni.

292 4857 365 4924 Filii
388 4859 551 4924 Dobrozei
579 4859 789 4924 vendiderunt
805 4857 908 4923 eidem
923 4855 1115 4922 monasterio
1133 4861 1254 4918 curtem
1271 4852 1423 4937 optimam
1442 4849 1475 4914 iu
1493 4846 1641 4913 Oresteni
1664 4869 1721 4933 pro
1740 4845 1812 4913 VII.

24 5007 28 5040 ,
142 4959 257 5046 solidis,
281 4964 416 5030 testibus
440 4965 613 5046 Thesinns,
632 4989 753 5052 suoque
771 4965 868 5030 fratre
884 4961 1045 5045 Bretiebe,
1063 4959 1215 5033 Sidinnzr:
1250 4969 1281 5022 et
1304 4954 1364 5020 boc
1388 4953 1448 5020 sub
1465 4963 1608 5042 tempore
1631 4952 1758 5018 abbatis
1775 4952 1812 5018 P.

275 5069 325 5136 De
349 5082 435 5136 terre
457 5071 652 5138 Lutbstrech
675 5073 782 5136 fratris
813 5070 990 5136 Obroatini.

273 5175 388 5242 Eidem
412 5181 607 5244 monasterio
631 5178 777 5244 vendidit
801 5175 983 5256 Lutbstreb,
1008 5175 1108 5238 freter
1132 5170 1299 5238 Obroatini
1323 5191 1415 5234 suum
1438 5169 1592 5254 optimum
1617 5163 1757 5230 clodium
1774 5165 1806 5230 in

143 5277 305 5349 Chresteni
328 5307 385 5373 pro
410 5285 510 5350 XIIII
534 5285 652 5351 solidis
679 5285 830 5350 ‘I'estibus
854 5283 960 5348 Slaize
983 5277 1149 5359 duornieh,
1176 5273 1343 5342 Chalenna
1362 5286 1393 5339 et
1417 5296 1473 5338 suo
1499 5272 1595 5346 fratre
1620 5270 1804 5358 Probinuec

143 5397 171 5452 et
190 5387 346 5457 lureinne
368 5403 398 5458 et
420 5393 572 5458 Desinne.
598 5392 640 5458 Et
663 5391 723 5458 boe
744 5391 804 5458 sub
828 5399 971 5479 tempore
996 5385 1099 5452 abetis
1122 5383 1158 5456 Ρ.
