4292 5926
1044 552 1154 634 Lvl.
1181 553 1295 634 1146.

406 731 559 813 Dedcmtr,
583 730 722 805 otverujc
745 751 775 792 sa
799 733 839 791 du
867 731 935 792 nem
955 729 1016 791 uite
1033 730 1135 792 traua
1159 729 1270 790 Getica
1292 729 1331 790 od
1353 733 1527 790 sumostano
1541 748 1582 791 ss.
1606 732 1721 791 Kuame
1744 730 1757 789 i
1778 730 1954 804 Deoniana.

479 921 517 986 In
541 923 671 986 nominc
693 921 825 987 domini.
849 921 945 984 Anno
969 919 1113 985 eiusdem
1139 919 1367 984 incarnationis
1392 919 1563 986 millesimo
1587 917 1739 985 CXLVI.
1763 917 1942 983 indictione
1960 915 2018 981 IX.

332 1030 364 1090 in
389 1035 533 1113 tempore
557 1027 644 1092 Petri
669 1027 793 1092 Pollani
817 1028 908 1092 ducis
931 1026 1157 1108 veneciarum,
1179 1035 1211 1090 et
1233 1025 1420 1111 Lampredii
1442 1025 1592 1092 iadertini
1614 1026 1864 1112 archiepiscopi,
1882 1033 1915 1088 et
1931 1022 2018 1088 Petri

331 1134 468 1197 comitis.
491 1132 563 1218 Ego
586 1133 753 1214 Dedomir,
777 1143 812 1197 ut
835 1134 933 1198 ceteri
957 1129 1108 1196 mortales
1132 1132 1319 1216 ignorancia
1339 1131 1433 1216 primi
1455 1133 1577 1218 peccati
1611 1131 1770 1212 detentus,
1803 1117 1911 1195 meum
1946 1151 2019 1192 esse

334 1237 485 1303 obtabam
509 1239 598 1321 illud,
622 1239 707 1326 quod
733 1262 795 1302 non
820 1248 898 1321 erat,
921 1237 1095 1325 querebam
1119 1247 1247 1317 terram,
1273 1259 1336 1322 que
1360 1236 1457 1320 vulgo
1483 1236 1604 1301 Gariaa
1629 1247 1818 1318 vocatur„a
1850 1234 2020 1299 monachis

331 1345 433 1408 sancti
458 1343 631 1426 Damiani3
654 1355 825 1430 postquam
848 1345 933 1408 enim
957 1343 1143 1408 recordatus
1168 1366 1248 1424 sum,
1273 1341 1359 1428 quod
1382 1345 1501 1408 iniusta
1517 1343 1708 1429 querebam,
1733 1341 1820 1428 quod
1838 1341 1938 1405 michi
1956 1364 2019 1406 non

336 1449 501 1531 attinebat,
526 1451 642 1514 vocaui
665 1449 814 1514 abbatem
839 1447 1030 1513 Niciforium
1054 1450 1182 1514 nominc
1206 1469 1314 1513 coram
1350 1447 1593 1536 archiepiscopo
1628 1455 1661 1512 et
1696 1449 1815 1512 comite
1847 1458 1881 1512 et
1914 1447 2021 1512 tribus

331 1554 501 1636 iudicibus,
527 1553 638 1620 Grubs
662 1557 801 1638 nornine,
827 1563 859 1618 et
881 1555 1027 1620 Desinna
1050 1562 1083 1618 ct
1104 1553 1199 1636 Fara,
1223 1563 1255 1620 st
1276 1553 1385 1618 multis
1408 1553 1481 1618 aliis
1505 1553 1695 1636 astantibus,
1720 1575 1861 1640 quorum
1886 1554 2021 1616 nomina

330 1658 514 1746 subscripta
539 1669 623 1741 sunt,
645 1669 677 1724 et
700 1660 833 1746 promisi
858 1681 909 1724 me
933 1679 1096 1745 nunquam
1116 1658 1254 1744 amplius
1278 1681 1335 1745 pro
1359 1657 1414 1724 illa
1444 1669 1530 1725 terra
1559 1659 1739 1746 inquietare
1771 1657 1924 1722 abbatam
1958 1679 2020 1722 neo

330 1764 484 1852 aliquem,
508 1767 583 1852 quia
607 1788 667 1830 nec
691 1763 787 1830 michi
811 1787 871 1830 nec
904 1763 1001 1830 alicui
1035 1787 1180 1830 meorum
1214 1767 1342 1830 attinet
1375 1765 1419 1829 Hi
1452 1773 1527 1830 sunt
1549 1775 1663 1831 testes:
1695 1765 1793 1829 Prata
1823 1763 1873 1849 (ili
1908 1763 2023 1848 Perta)

333 1869 575 1957 regisiudc(x)
599 1880 631 1935 et
653 1870 813 1934 Petrunus
837 1891 879 1934 ex
903 1881 993 1955 parte
1017 1869 1218 1952 Solauorum,
1242 1870 1369 1936 exalia
1404 1894 1481 1936 vero
1511 1881 1600 1956 parta
1632 1880 1700 1936 arat
1729 1868 1898 1936 Jobannes
1929 1868 2021 1933 lilius

330 1975 492 2056 Zanbare,
516 1975 603 2039 filius
627 1975 765 2058 Sluradi,
790 1983 822 2040 et
843 1973 1156 2070 PctraaaPstirauli
1180 1988 1213 2042 et
1236 1973 1356 2044 Oosuto
1380 1989 1412 2043 et
1437 1976 1558 2043 Vita-ra·
1575 1977 1673 2042 frater
1690 1976 1863 2063 pontificis.

480 2173 674 2234 Policborion.
698 2174 725 2232 U
745 2174 846 2231 aritia
867 2174 936 2248 gub.
959 2175 1021 2235 aad.

1042 2467 1173 2552 LVII.
1199 2470 1307 2552 1147.

331 2651 471 2710 Ludocik
493 2651 573 2725 tratj
593 2651 782 2722 [runceaktt
810 2651 951 2724 umevodo
973 2651 1154 2727 altrimenti,
1181 2651 1283 2725 jarba
1317 2649 1458 2725 Sucen'jn
1491 2655 1586 2724 opatu
1619 2652 1657 2710 u.
1691 2648 1837 2724 Dioniia,
1875 2650 1952 2708 tato
1982 2651 2018 2722 je

331 2761 431 2818 sretno
450 2757 565 2832 arepto
587 2774 609 2815 a
631 2757 699 2816 take
722 2757 850 2830 oparata
880 2752 1261 2838 (dalmaticato-truatur)
1290 2757 1302 2814 t
1329 2757 1406 2817 aaao
1437 2774 1477 2832 pa
1512 2755 1656 2816 radostno
1690 2755 1844 2829 dotetuju
1875 2755 2020 2814 adoravi

1030 2861 1171 2936 tamodru‘i
1195 2857 1314 2936 bobun.

478 3047 666 3114 Ludouious
690 3049 741 3115 dei
766 3051 870 3135 gratia
901 3073 961 3115 rex
993 3049 1193 3116 Francorum
1227 3059 1259 3114 et
1289 3049 1358 3115 dux
1387 3038 1634 3137 rlquitanorum,
1668 3051 1837 3116 carissimo
1867 3073 1926 3116 suo
1959 3049 2015 3114 Sn-

334 3157 425 3240 gcrio
450 3154 628 3222 venerabili
651 3153 761 3220 abbati
784 3156 816 3222 b.
849 3155 1002 3244 Dionysii
1026 3155 1161 3220 salutem
1185 3165 1217 3221 ct
1239 3157 1398 3221 sinceram
1423 3150 1638 3222 dilectionem.
1676 3154 1727 3222 Dc
1752 3157 1855 3244 portis
1883 3153 2012 3240 Hunga·

332 3263 380 3324 ric
404 3259 599 3348 (Dalmatis)
619 3261 791 3326 scribimus
814 3261 920 3343 vobis,
957 3261 1138 3350 illucusquc
1173 3261 1283 3328 diuino
1318 3271 1396 3328 nutu
1432 3274 1520 3328 recto
1552 3263 1655 3346 limite
1686 3261 1911 3353 procedentes,
1942 3284 2011 3326 cunr

336 3368 425 3431 omni
447 3369 609 3454 sospitate,
631 3367 749 3452 gaudio
766 3377 798 3432 et
820 3367 950 3442 bonore,
974 3391 1032 3435 nos
1056 3379 1088 3434 ct
1111 3370 1274 3455 principes
1303 3370 1403 3434 nostri
1438 3367 1493 3432 leti
1522 3371 1737 3454 peruenimns,
1769 3369 1891 3454 ubique
1922 3368 2010 3433 nobis
2122 3415 2124 3456 3

333 3469 511 3536 auxiliante
534 3472 675 3537 domino.
710 3471 884 3538 Terrarum
909 3475 1072 3561 principes
1102 3485 1134 3540 et
1163 3483 1297 3540 ouantes
1328 3485 1506 3547 occursant,
1539 3483 1570 3538 at
1600 3472 1657 3539 leti
1689 3496 1748 3538 nos
1779 3475 1948 3561 rccipiunt,
1980 3484 2010 3539 at
2122 3475 2124 3570 j

332 3575 472 3642 libenter
495 3577 683 3644 deseruiunt
705 3588 738 3644 et
760 3579 919 3646 honorant
942 3581 1062 3646 deuoti.
1087 3579 1129 3646 Et
1153 3582 1184 3644 in
1210 3579 1268 3674 his¹
1284 3579 1433 3646 omnibus
1457 3580 1680 3647 benedicimus
1703 3581 1849 3647 Domino
1873 3591 1933 3646 etc.

335 3865 361 3920 A
416 3866 434 3921 d
481 3777 643 3921 Ducbqsne.
665 3778 810 3922 {istoriae
832 3779 1006 3836 Francorum
1029 3779 1132 3850 Script.
1158 3780 1314 3839 coaetanei.
1334 3781 1370 3840 T.
1402 3781 1453 3838 IV.
1484 3787 1533 3837 str.
1565 3781 1639 3840 494.
1670 3781 1799 3838 Wenzsl.
1830 3782 1899 3837 Cod.
1929 3780 2004 3850 Dipl.

363 3883 415 3938 rpa
437 3907 444 3922 .
470 3865 545 3925 cont.
586 3884 644 3938 .p.
691 3867 720 3924 9.

887 4117 1523 4264 mmmmffim'

336 4355 456 4416 Gaudio
479 4355 651 4430 naupasia
673 4355 819 4430 sptiatslri,
844 4355 998 4416 adustavtt
1020 4357 1059 4416 od
1079 4357 1270 4432 cottiarum
1290 4359 1428 4432 paupere,
1454 4359 1525 4418 molt
1546 4362 1626 4434 aseja
1649 4361 1810 4430 academice,
1834 4363 1874 4420 da
1897 4378 1942 4418 mu
1967 4377 2004 4419 su

377 4481 540 4553 poteratne
562 4498 583 4538 a
606 4479 679 4539 arm
694 4479 811 4554 posside
835 4479 877 4539 50
899 4481 1084 4555 hisenhart,
1107 4481 1190 4542 sarto
1213 4483 1254 4541 tm
1276 4482 1377 4542 rotate
1400 4483 1548 4544 tetartina
1566 4486 1697 4547 desetine
1719 4487 1820 4561 prada
1842 4485 1956 4559 Sptjata

856 4599 879 4639 ο

480 4665 518 4732 In
543 4644 672 4736 nomine
702 4679 812 4738 sancte
844 4681 875 4738 et
905 4672 1071 4739 indiuidua
1098 4674 1260 4740 trinitatis.
1293 4671 1388 4739 Anno
1422 4675 1552 4761 quidem
1586 4674 1751 4739 dominica
1784 4669 2001 4739 incarnationis

334 4769 436 4837 MCL.
454 4773 628 4840 indictione
644 4775 729 4841 XIII
745 4776 807 4842 boc
823 4780 1036 4864 conscriptum
1054 4778 1131 4867 (est)
1149 4789 1183 4844 ut
1199 4779 1415 4866 subsequitur.
1432 4780 1503 4865 Ego
1527 4779 1676 4844 Gaudius
1701 4789 1812 4844 sancte
1838 4777 2000 4844 salonitana

332 4877 469 4945 ecclesis
492 4881 765 4968 archiepiscopus,
794 4883 921 4948 firmum
952 4894 984 4949 et
1007 4884 1122 4950 stabile
1153 4907 1341 4971 permanere
1373 4885 1528 4971 dispono:
1564 4884 1704 4971 qualiter
1734 4907 1795 4969 ego
1828 4889 2000 4970 prenotatus

330 4983 604 5072 archiepiscopus,
634 5009 732 5051 causa
752 4989 947 5055 visitationis
970 4991 1011 5055 ad
1035 4993 1156 5056 curiam
1181 5013 1347 5055 romanam
1365 4991 1413 5056 ire
1434 4991 1557 5075 volens,
1591 4971 1790 5078 paupertatis
1824 4989 2000 5055 necessitate

332 5101 537 5176 aggrauatus‚
574 5115 594 5156 a
617 5091 745 5156 clericis
769 5114 826 5178 pro
851 5095 918 5157 suis
941 5093 1086 5162 ecclesiis
1116 5094 1311 5160 adiutorium
1346 5097 1482 5183 quesiui‚
1512 5095 1629 5183 prefati
1660 5118 1739 5161 vero
1763 5095 1870 5160 clerici
1892 5099 1994 5157 contm

330 5195 459 5262 metali
484 5197 580 5263 modo
604 5196 862 5284 responderunt:
890 5197 975 5278 Quia
1000 5223 1059 5266 nec
1082 5202 1145 5266 tuis
1169 5201 1473 5286 predeccessorIbus
1496 5201 1656 5296 dedimus,
1679 5223 1741 5267 nec
1764 5199 1837 5281 tibi,
1863 5221 1915 5266 noc
1938 5195 2000 5260 lul!
