4292 5926
558 657 772 742 XXXIII.
799 659 905 742 1121.
933 657 996 742 28.
1015 659 1155 760 nujus.
1184 659 1220 742 U
1247 660 1511 744 Beneventu.

185 871 327 932 Kotitsto
350 871 400 932 ΙΙ.
414 889 507 946 papa,
528 870 706 946 potitiujuti
723 870 858 932 Girurdu
878 865 1073 946 nudhislrupu
1096 873 1334 932 dubronctlromu
1350 873 1568 946 nudmslrupsti
1585 875 1678 948 pluit,
1704 875 1873 948 potardjuye

848 994 948 1050 prauo
970 978 1089 1052 rejecere
1114 979 1207 1038 orisve.

344 1163 491 1238 Calixtus
514 1168 685 1254 episcopus
709 1189 822 1234 seruus
858 1187 1023 1231 seruorum
1047 1163 1108 1248 dei,
1141 1165 1318 1232 venerabili
1342 1165 1433 1230 fratri
1458 1165 1597 1234 Girurdo
1620 1169 1764 1255 Ragusie
1789 1171 1865 1234 ciui-

182 1275 259 1336 tatis
284 1273 429 1354 antistiti,
460 1273 580 1336 nostris
602 1295 660 1358 per
683 1271 735 1336 dei
756 1275 906 1357 gratiam.
929 1273 1079 1338 manibus
1104 1283 1305 1336 consecrato.
1340 1274 1474 1359 eiusque
1506 1274 1749 1340 successoribus
1775 1279 1869 1340 eano-

184 1381 257 1443 nice
281 1377 515 1442 substituendis
550 1380 583 1442 in
619 1390 818 1464 perpetuum.
856 1377 907 1442 De
936 1379 1058 1444 domini
1088 1367 1257 1464 'sapiencia
1292 1381 1448 1464 scriptum
1478 1391 1535 1454 est,
1568 1383 1643 1468 quia
1674 1381 1869 1466 pertingite

182 1483 249 1549 fine
273 1507 376 1572 usque
396 1484 438 1548 ad
463 1483 560 1548 finem
582 1483 717 1563 fortiter,
741 1497 773 1550 et
796 1485 937 1571 disponit
960 1487 1068 1549 omnia
1092 1485 1242 1548 suauiter.
1267 1483 1373 1550 Huius
1398 1485 1614 1573 disposicione
1639 1485 1733 1552 beato
1759 1486 1866 1566 Petro,

179 1593 317 1678 eiusque
340 1613 472 1656 romane
496 1589 635 1656 ecclesie
659 1613 833 1656 concessus
866 1601 914 1656 est
945 1592 1048 1656 tocius
1081 1590 1218 1656 ecclesie
1243 1593 1455 1678 principatus,
1485 1603 1519 1657 ut
1542 1615 1601 1680 per
1624 1594 1693 1658 eius
1717 1603 1867 1658 constan·

180 1699 265 1762 ciam
289 1695 425 1761 fratrum
448 1697 619 1762 infirmitas
644 1696 860 1778 confirmetur,
885 1711 917 1762 et
941 1721 1000 1784 per
1017 1697 1162 1762 eiusdem
1186 1695 1329 1778 tutelam,
1354 1709 1386 1763 et
1414 1701 1648 1784 protectionem
1674 1699 1790 1764 diffuse
1810 1721 1868 1786 per

181 1805 295 1868 orbem
320 1803 456 1870 ecclesie
481 1805 652 1868 muniatur.
677 1802 859 1890 Eapropter
882 1803 981 1869 frater
1004 1807 1036 1868 in
1063 1801 1192 1868 Christo
1225 1803 1414 1868 charissime
1440 1803 1589 1888 Girarde,
1626 1827 1720 1892 quem
1747 1810 1866 1870 nostris

177 1921 344 1998 tamquam
368 1910 454 1976 beati
478 1909 566 1974 Petri
590 1911 739 1974 manibus
765 1912 796 1976 in
821 1909 964 1996 Ragusie
991 1912 1131 1975 ciuitatis
1154 1909 1433 1998 archiepiscopum
1458 1933 1516 1998 per
1540 1912 1592 1977 dei
1616 1915 1760 1997 graciam
1787 1935 1861 1978 eon·

178 2019 389 2084 secrauimus.
411 2017 487 2098 Noe,
512 2019 567 2104 qui
591 2015 667 2082 licet
691 2015 815 2102 indigni
841 2017 924 2082 beati
949 2016 1037 2082 Petri
1064 2017 1168 2082 locum
1191 2017 1338 2082 obtinere
1371 2019 1597 2104 conspicimur,
1631 2021 1784 2105 peticioni
1809 2033 1862 2084 tue

183 2123 359 2189 clementer
382 2125 565 2205 annuimus,
590 2136 621 2189 et
644 2124 684 2189 ad
703 2124 869 2210 exemplar
885 2123 1152 2211 predecessorum
1170 2133 1353 2188 nostrorum
1378 2134 1490 2189 sancte
1509 2126 1672 2208 memorie,
1698 2125 1867 2206 Zacharie,

183 2229 353 2296 Benedicti
378 2241 410 2294 et
432 2229 611 2311 Paschalis‚
649 2240 792 2295 sanctam
816 2229 1041 2314 Raguseorum
1063 2229 1234 2296 ecclesiam
1266 2233 1425 2318 presentis
1449 2231 1612 2316 priuilegii
1640 2234 1758 2319 pagina
1783 2255 1866 2298 com·

182 2339 356 2401 munimus.
382 2335 560 2403 Statuimus
578 2338 673 2420 enim,
699 2347 733 2402 ut
757 2336 925 2424 parrochie
947 2356 1057 2402 omnes
1082 2359 1162 2424 quas
1180 2335 1318 2402 ecclesia
1342 2335 1455 2400 eadem
1480 2337 1641 2422 preteritis
1666 2339 1869 2424 temporibus

180 2444 365 2528 possedisse
389 2446 608 2530 cognoscitur,
641 2445 702 2508 tibi
740 2445 869 2530 tuisque
894 2443 1135 2509 successoribus
1168 2445 1276 2530 quiete
1300 2444 1333 2506 in
1365 2441 1510 2507 futurum
1535 2454 1566 2508 et
1588 2445 1714 2529 integre
1739 2467 1867 2510 conser-

150 2565 318 2634 ,uentur3
342 2549 707 2616 videlicetZachulmie
741 2573 886 2636 regnum,
919 2559 951 2615 et
971 2573 1107 2634 regnum
1139 2549 1285 2623 Seruilie,
1317 2548 1540 2638 Tribunieque
1572 2572 1721 2636 regnum,
1752 2553 1866 2616 ciuitas

183 2680 312 2745 quoqne
335 2657 548 2722 cathaniensis
570 2680 627 2722 seu
651 2656 747 2737 Rosc,
772 2656 992 2722 huduanensis
1017 2656 1210 2738 Auarorum,
1244 2655 1465 2740 liciniatensis,
1498 2656 1728 2741 scodrineusis,
1761 2658 1866 2724 driua·

181 2767 299 2828 atensis
324 2775 356 2828 et
379 2762 565 2850 polatensis,
602 2785 673 2828 cum
706 2763 861 2844 abbaciis,
898 2762 1044 2829 ecclesiis
1068 2775 1100 2828 et
1123 2761 1285 2849 parochiis
1316 2785 1437 2830 earum.
1477 2763 1581 2830 Pallei
1605 2789 1683 2831 vero
1707 2789 1799 2832 usum
1826 2789 1867 2831 ex

184 2868 361 2956 apostolice
385 2871 472 2934 sedis
497 2869 689 2934 liberalitate
715 2870 774 2934 tihi
795 2869 1002 2936 concedimus
1027 2873 1112 2935 intra
1136 2869 1317 2950 ecclesiam,
1353 2881 1478 2936 tantum
1502 2870 1616 2936 diebus
1641 2871 1721 2954 illis,
1754 2874 1862 2960 quiin

180 2978 325 3064 antiquis
342 2975 478 3040 ecclesie
496 2987 603 3040 vestre
620 2974 801 3062 priuilegiis
815 2977 1044 3062 distinguntur.
1066 2974 1357 3042 Consecracionem
1375 2987 1483 3042 tamen
1500 3000 1722 3060 suceessorum
1739 2987 1865 3044 tuorum

180 3082 284 3164 nobie,
298 3083 482 3168 nostrisque
496 3082 738 3146 successorihus
751 3086 785 3146 in
798 3096 988 3169 perpetuum
1002 3093 1217 3150 reseruantes.
1231 3081 1332 3148 Porro
1346 3082 1480 3164 decime,
1495 3085 1727 3170 possessiones,
1743 3084 1864 3170 predia,

181 3209 238 3254 eeu
262 3202 372 3253 cetera
394 3188 489 3270 bons,
515 3211 578 3275 que
602 3191 634 3253 in
652 3190 794 3276 presenti
818 3187 924 3254 eidem
942 3188 1080 3256 ecclesie
1098 3187 1254 3274 legittime
1276 3190 1447 3275 pertinent,
1472 3189 1505 3254 in
1530 3188 1687 3271 ecclesiis,
1711 3192 1742 3253 in
1768 3189 1864 3271 villis,

179 3295 211 3358 in
235 3294 359 3358 colonis
384 3317 441 3359 scu
467 3293 652 3377 colonabus,
678 3298 710 3358 in
734 3295 831 3380 agris,
857 3294 910 3360 vel
933 3298 1038 3382 aquis,
1065 3294 1119 3360 vel
1142 3293 1220 3358 aliis
1244 3294 1342 3360 rebus
1376 3295 1549 3360 diocesane
1573 3317 1629 3360 seu
1653 3297 1864 3382 proprietarie

181 3401 417 3486 disposicionis,
447 3423 574 3486 queque
598 3403 630 3465 in
655 3399 798 3466 futurum
835 3400 983 3467 libertate
1019 3403 1211 3488 principum,
1246 3399 1298 3465 vel
1335 3399 1504 3465 oblacione
1533 3398 1677 3466 fidelium
1699 3404 1781 3466 iuste
1805 3425 1855 3485 po·

178 3509 281 3571 teritis
305 3507 452 3592 adipisci,
484 3507 577 3571 firma
609 3507 703 3573 vobis
726 3530 853 3594 semper
877 3519 909 3573 et
931 3507 1057 3573 illibata
1088 3517 1309 3594 permaneant.
1331 3505 1546 3572 Decernimus
1575 3507 1684 3592 igitur,
1718 3517 1752 3572 ut
1776 3530 1817 3572 nu
1830 3507 1865 3572 lli

179 3615 312 3679 omnino
329 3611 494 3679 hominum
512 3613 608 3680 liceat
624 3613 759 3680 eandem
777 3614 948 3680 eeclesiam
965 3626 1085 3680 temere
1103 3611 1302 3700 perturbare,
1319 3624 1374 3678 aut
1391 3615 1460 3678 eius
1477 3616 1699 3700 possessiones
1717 3613 1857 3698 auferre,

178 3719 230 3785 vel
254 3719 380 3786 ablatas
403 3722 553 3801 retinere,
588 3722 742 3803 minuere,
779 3719 832 3786 vel
855 3723 1035 3788 temerariis
1067 3719 1303 3786 vexacionihus
1336 3718 1482 3804 fatigare,
1520 3719 1577 3784 sed
1601 3721 1708 3784 omnia
1732 3721 1858 3806 integra

179 3836 421 3908 conseruentur,
446 3840 511 3892 tam
536 3829 600 3894 tuis
625 3849 721 3914 quam
746 3825 936 3892 clericorum
962 3839 993 3892 et
1017 3849 1195 3913 pauperum
1212 3825 1324 3891 usibus
1349 3825 1524 3909 profutura.
1549 3825 1621 3890 Tua
1643 3827 1742 3912 igitur
1764 3829 1861 3892 inter·

179 3947 237 4013 est,
260 3933 361 3997 frater
384 3933 567 4012 karissime,
591 3935 624 3996 in
641 3935 806 4020 prosperis
831 3945 861 3998 te
885 3933 1040 3998 humilem
1066 3933 1232 4014 exhihere,
1254 3944 1286 3998 et
1309 3934 1341 3996 in
1365 3932 1523 4015 aduersis,
1549 3934 1575 3996 si
1600 3933 1728 4019 quando
1754 3936 1862 3998 eueni·

178 4053 243 4118 unt,
258 4063 331 4105 cum
346 4041 473 4104 iusticia
487 4049 638 4119 erectum,
653 4048 791 4104 amicum
807 4039 910 4122 bonis,
925 4041 1087 4126 peruersis
1101 4041 1309 4118 contrarium,
1323 4039 1440 4104 nullius
1454 4061 1607 4124 umquam
1621 4038 1736 4104 faciem
1751 4051 1861 4104 contra

179 4151 347 4214 veritatem
373 4149 541 4232 suscipias,
567 4145 687 4210 nullius
712 4167 864 4232 umquam
887 4145 1002 4212 faciem
1028 4168 1085 4232 pro
1110 4148 1246 4210 veritate
1261 4143 1444 4232 loquentem
1469 4168 1608 4232 premas.
1635 4145 1860 4212 Misericordie

181 4254 333 4340 operibus
354 4255 448 4318 iuxta
471 4255 623 4318 virtutem
641 4249 827 4317 substancia
851 4255 992 4334 insistas,
1017 4265 1180 4319 ettamen
1206 4253 1357 4316 insistere
1381 4253 1483 4316 eciam
1508 4274 1606 4338 supra
1629 4255 1780 4317 virtutem
1809 4275 1861 4317 cu·

177 4364 256 4446 pias.
282 4360 424 4424 Infirmis
449 4361 664 4446 compaciens,
699 4359 967 4424 beneualentihus
992 4360 1209 4446 congaudens,
1242 4358 1349 4424 aliena
1372 4359 1514 4446 dampna
1537 4361 1666 4446 propria
1691 4357 1859 4445 deputans,

179 4466 218 4531 de
242 4465 357 4532 alienis
381 4465 518 4552 gaudiis,
554 4475 719 4552 tamquam
743 4464 782 4528 de
806 4467 945 4552 propriis
969 4464 1129 4531 exultans,
1154 4465 1194 4530 In
1216 4463 1416 4551 corrigendis
1451 4466 1545 4530 viciis
1577 4467 1628 4551 pie
1652 4467 1791 4546 seuiens,
1826 4467 1857 4528 in

177 4571 327 4638 tuendis
351 4569 525 4636 virtutibus
549 4569 732 4636 auditorum
756 4574 882 4638 animos
906 4569 1103 4637 demulcens.
1125 4571 1163 4638 In
1186 4573 1235 4636 ira
1258 4571 1413 4637 iudicium
1431 4573 1499 4635 sine
1515 4573 1562 4636 ira
1579 4581 1701 4651 tenens,
1719 4573 1752 4634 in
1770 4583 1852 4634 tran·

178 4678 337 4767 quillitate
361 4689 467 4744 autem
505 4681 686 4744 seueritatis
720 4681 802 4744 iuste
827 4701 995 4745 censuram
1029 4701 1092 4742 non
1126 4676 1289 4744 deserens.
1327 4676 1398 4742 Hec
1422 4687 1470 4742 est
1494 4679 1578 4741 enirn
1603 4680 1728 4761 accepti
1764 4679 1860 4740 mini-

178 4793 264 4857 sterii
290 4789 442 4874 dignitas,
466 4790 607 4874 quamsi
629 4785 764 4851 sollicite
781 4789 970 4867 seruaueris,
996 4784 1082 4874 quod
1100 4783 1178 4850 foris
1198 4785 1363 4871 accepisse
1380 4782 1570 4864 ostenderis,
1594 4781 1680 4846 intus
1704 4780 1857 4848 habebis.

180 4897 297 4964 Sancta
321 4896 447 4960 trinitas
469 4894 702 4958 fraternitatem
723 4903 810 4958 tuam
828 4895 962 4958 dextere
986 4915 1042 4957 sue
1059 4894 1256 4978 protectione
1284 4889 1452 4972 custodiat,
1478 4899 1512 4953 ut
1535 4889 1750 4953 ministerium
1768 4901 1857 4955 tuum

179 5003 314 5070 fideliter
336 5001 480 5090 impleas,
515 5011 641 5066 etcum
675 4999 794 5086 populo
825 5000 883 5064 tibi
917 5000 1088 5064 commisso
1122 4997 1203 5064 duce
1227 4996 1286 5064 deo
1318 4995 1491 5077 adfinem,
1524 4997 1663 5080 quinon
1689 4993 1799 5060 finitur
1823 4999 1856 5064 in

178 5113 390 5192 exultacione,
414 5109 596 5195 peruenias.
674 5133 677 5140 ·

322 5313 362 5378 L.
387 5307 419 5374 S.
446 5309 468 5387 †
493 5305 564 5392 Ego
591 5303 737 5372 Oalixtus
762 5305 917 5370 catholice
943 5304 1079 5370 ecclesie
1103 5306 1275 5390 episcopus
1300 5323 1342 5366 ss.
1368 5297 1457 5364 Bene
1486 5296 1601 5362 valete.
