4292 5926
320 371 364 435 32

319 560 407 642 tinet.
431 557 591 639 Quocirca
615 560 647 622 in
673 567 815 622 sanctam
842 581 1006 624 romanam
1030 559 1200 624 ecclesiam
1225 561 1368 643 grauiter
1389 558 1574 645 deliquisse,
1599 567 1631 622 et
1653 557 1762 622 claues
1795 556 1881 622 beati
1911 555 1998 621 Petri

320 686 400 727 ausu
424 665 594 728 temerario
619 686 778 728 euacuare
802 663 945 728 voluisse
965 665 1177 749 dignosceris,
1197 664 1273 728 dnm
1298 673 1405 751 spreta
1436 663 1593 747 dignitate
1617 662 1704 728 sedis
1738 662 1923 750 apostolice,
1958 661 1998 726 sd

319 768 415 833 aliam
439 770 637 855 prouinciam
662 769 850 848 conuolasti,
876 780 907 833 et
927 781 1039 834 contra
1064 780 1208 834 veterum
1240 769 1517 851 consuetudinem,
1549 791 1568 832 a
1599 768 1804 853 strigoniensi
1838 767 1996 851 archiepi-

320 895 417 960 scopo
447 877 720 947 consecrationem
746 877 909 961 suscipere
935 879 1109 941 attentasti.
1134 875 1228 939 Licet
1251 897 1328 959 ergo
1352 873 1561 938 vehementer
1583 873 1774 954 excesseris,
1792 870 1867 936 licet
1882 879 1995 935 contra

318 981 481 1046 stimulum
495 981 663 1046 calcitrare
688 981 816 1046 molitus
841 985 904 1064 sis3
937 986 1013 1069 quia
1043 993 1151 1048 tamen
1185 978 1322 1043 dilectus
1356 978 1440 1044 filius
1475 987 1585 1042 noster
1623 976 1703 1042 Bela
1735 999 1794 1041 rex
1828 975 1997 1059 Hungarie

318 1110 376 1173 pro
399 1096 430 1151 te
454 1086 616 1150 multoties
641 1087 726 1172 apud
753 1087 862 1152 sedem
888 1087 1095 1172 apostolicam
1117 1107 1178 1172 per
1201 1084 1322 1147 litteras
1339 1093 1371 1146 et
1387 1084 1520 1148 nuncios
1538 1083 1730 1162 intercessit,
1746 1081 1848 1167 ipsius
1864 1080 1993 1146 tandem

317 1191 467 1278 precibus
492 1191 790 1274 condescendimus,
814 1202 846 1256 et
861 1215 917 1278 per
934 1193 1086 1257 dilectum
1104 1191 1205 1254 filium
1225 1197 1368 1252 nostrum
1386 1187 1550 1252 Ubaldum
1566 1186 1738 1252 diaconum
1761 1185 1970 1266 cardinalem,
1988 1188 1996 1221 ¹

317 1299 420 1360 virum
447 1297 605 1383 siquidem
630 1298 810 1378 honestum,
835 1307 867 1360 et
891 1297 1069 1362 litterarum
1095 1297 1210 1382 peritia
1234 1293 1405 1374 eruditum,
1429 1293 1621 1358 fraternitati
1646 1303 1699 1358 tue
1724 1291 1865 1378 pallium,
1890 1292 1997 1377 ponti-

308 1396 420 1466 ‘finalis
445 1402 543 1466 officii
568 1401 811 1488 plenitudinem,
837 1405 965 1488 signum
991 1403 1181 1467 humilitatis
1205 1411 1237 1463 et
1258 1401 1378 1463 iustitie
1403 1401 1617 1481 destinamus3
1642 1409 1677 1462 nt
1699 1395 1852 1462 videlicet
1875 1419 1912 1462 eo
1943 1394 1994 1460 bis

316 1507 432 1572 diebus
458 1510 571 1590 utaris,
597 1510 651 1594 qni
679 1510 709 1572 in
736 1509 873 1574 ecclesie
897 1519 950 1574 tue
974 1511 1102 1594 scriptis
1122 1505 1314 1571 authenticis
1339 1507 1553 1570 continentur.
1574 1503 1649 1569 'l'ua
1672 1505 1781 1590 itaque
1803 1505 1937 1566 interest
1954 1502 1998 1564 ita

316 1623 347 1677 te
370 1636 447 1698 erga
472 1614 600 1677 beatum
625 1613 753 1676 Petrum
779 1614 929 1678 deuotam
956 1625 988 1678 et
1009 1613 1161 1678 humilem
1188 1613 1220 1676 in
1245 1612 1395 1676 omnibus
1419 1610 1584 1693 exhibere,
1610 1613 1653 1674 ita
1676 1621 1707 1674 te
1734 1611 1767 1673 in
1799 1609 1868 1672 eius
1898 1607 1993 1671 obse·

316 1721 392 1803 quio
418 1741 579 1798 exercere,
604 1729 635 1781 et
659 1701 817 1804 preceptis
842 1719 1027 1804 apostolicis
1053 1719 1195 1800 obedire,
1220 1727 1255 1780 ut
1278 1717 1338 1780 hac
1360 1721 1465 1799 gratia
1488 1717 1615 1800 dignior
1639 1714 1750 1778 valeas
1781 1713 1930 1794 inueniri,
1966 1721 1998 1776 et

315 1844 374 1888 nos
398 1823 438 1886 de
462 1833 515 1888 tue
537 1825 672 1888 actionis
695 1825 809 1888 studiis
833 1823 980 1888 exultare
1004 1827 1176 1911 possimus.
1202 1823 1352 1888 Pretcrea
1374 1823 1543 1908 episcopos
1566 1845 1624 1906 per
1647 1817 1843 1908 Dalmatiam
1875 1819 1997 1882 consti·

315 1939 401 1992 tutos
425 1929 656 2012 suffraganeos,
681 1928 799 2014 quibus
824 1928 943 1994 Salona
963 1941 1106 2015 tempore
1131 1953 1189 1994 suo
1213 1927 1374 1992 rutilando
1399 1927 1557 2004 utebatur,
1575 1936 1687 1990 sancte
1714 1925 1871 2010 spalatina
1893 1921 1985 1987 eccle

318 2036 375 2115 sie,
398 2033 453 2097 ubi
477 2057 593 2118 corpus
618 2035 720 2097 sancti
746 2033 876 2097 Domnii
906 2034 1053 2120 discipuli
1079 2035 1164 2098 beati
1184 2033 1269 2096 Petri
1293 2033 1476 2117 requiescit,
1501 2053 1573 2096 cum
1598 2032 1686 2094 omni
1709 2031 1891 2095 reuerentia
1919 2029 1997 2092 obe·

314 2139 384 2202 dira
408 2139 582 2220 sancimus,
607 2162 701 2225 quem
728 2163 824 2204 unum
850 2143 947 2203 totius
973 2140 1137 2204 Dalmatio
1165 2139 1442 2224 metropolitanum
1467 2140 1501 2202 in
1536 2137 1714 2202 salonitana
1751 2137 1889 2203 eeclesia
1927 2136 2022 2200 fcre'

317 2246 446 2326 scimus,
478 2246 569 2307 iuxta
593 2245 678 2330 quod
704 2246 735 2308 in
761 2243 898 2308 decretis
924 2248 1041 2309 nostris
1065 2247 1290 2332 corriperimus.
1315 2245 1394 2308 Item
1420 2246 1495 2329 quia
1520 2267 1578 2329 per
1600 2255 1726 2308 vestras
1762 2243 1885 2306 litteras
1915 2265 1994 2306 con-

316 2350 421 2435 questi
446 2350 522 2412 estis
547 2348 587 2411 de
607 2349 818 2432 suffraganeis
843 2352 1067 2415 recusantibus
1091 2354 1201 2415 venire
1226 2349 1267 2414 ad
1300 2349 1471 2414 concilium
1506 2359 1615 2413 sancto
1647 2349 1827 2413 salonitana
1857 2347 1997 2411 ecclesie

315 2453 569 2538 metropolitane,
596 2477 654 2516 nos
678 2455 722 2515 ita
745 2455 925 2532 statuimus,
952 2463 986 2518 ut
1009 2457 1040 2517 in
1065 2453 1232 2519 Dalmatia
1256 2455 1344 2519 nullo
1368 2454 1432 2518 alio
1464 2457 1495 2518 in
1528 2455 1598 2518 loco
1627 2453 1929 2540 synodus,'preter
1963 2455 1996 2516 in

315 2565 426 2621 vestra
449 2556 695 2642 metropolitana
724 2556 862 2622 ecclesia
894 2557 1085 2641 celebretur,
1117 2571 1149 2624 et
1180 2560 1300 2626 ibidem
1332 2584 1443 2626 omnes
1475 2560 1669 2644 suffraganei
1703 2557 1826 2644 prefate
1856 2555 1997 2622 ecclesie

316 2662 493 2727 salonitane
518 2685 606 2728 more
629 2663 723 2760 solito
747 2675 985 2728 consecrentur.
1009 2664 1130 2730 Datum
1154 2665 1305 2730 Laterani
1330 2665 1389 2730 lX.
1413 2664 1480 2734 kal.
1505 2666 1594 2728 iunii.

448 2850 575 2934 ¹Lucius
613 2880 647 2935 de
681 2897 768 2952 regno
799 2881 943 2938 Dalmatia
977 2889 1007 2938 et
1040 2881 1154 2938 Croatic
1189 2883 1253 2941 Lib.
1290 2884 1342 2944 ΙΙΙ,
1376 2899 1439 2952 esp.
1470 2881 1521 2936 XI.
1551 2881 1658 2936 Farlati
1694 2880 1839 2951 Illyricum
1867 2880 1996 2936 Sacrum.

311 2967 363 3022 111.
388 2985 415 3038 p.
444 2967 515 3022 173.
1142 3011 1149 3062 Ι

622 3205 775 3286 XLVI.
802 3207 913 3290 1142.
941 3209 999 3290 11.
1026 3207 1182 3310 ltpnja.
1209 3209 1273 3290 Na
1298 3207 1412 3291 brdu
1439 3210 1688 3293 Tiburtina.

310 3383 468 3442 Iaoceneio
492 3383 541 3444 II.
560 3401 647 3456 papa
668 3384 773 3446 nulaa'e
794 3387 888 3446 kneau
911 3387 923 3444 t
945 3387 1041 3446 obc'ini
1064 3388 1269 3462 dobrovatkog
1294 3389 1333 3447 da
1359 3389 1462 3448 testeo
1484 3389 1584 3461 primu
1606 3406 1696 3462 scopa
1718 3385 1907 3458 aedelstano
1925 3382 1995 3442 Aa·

762 3509 853 3582 driiu,
877 3510 994 3582 kojema
1016 3528 1054 3570 on
1073 3511 1186 3582 podisii
1208 3513 1426 3586 naautskupslot
1446 3512 1539 3586 ptest.

470 3694 677 3758 Innocentius
702 3696 873 3782 episcopus
897 3721 1012 3761 seruus
1036 3721 1203 3764 seruorum
1228 3700 1289 3780 dei,
1315 3699 1441 3764 dilectis
1461 3699 1545 3783 filiis,
1569 3698 1665 3780 clero,
1690 3697 1724 3763 P.
1750 3698 1868 3778 comiti,
1886 3707 1919 3762 et
1937 3721 1994 3784 po-

310 3799 385 3886 pulo
409 3802 590 3884 ragusiensi
616 3800 783 3882 catholico,
809 3802 944 3867 salutem
970 3814 1001 3868 et
1024 3805 1233 3890 apostolicam
1257 3803 1525 3868 benedictionem.
1557 3803 1610 3866 Ex
1642 3805 1743 3888 ipsius
1774 3802 1994 3888 redemptoris

309 3908 409 3970 nostri
432 3906 512 3970 Jesu
537 3904 657 3970 Christi
683 3907 804 3971 domini
829 3911 1057 3974 constitutione
1078 3912 1234 3974 sancitum
1258 3921 1316 3992 est,
1341 3919 1375 3973 ut
1397 3931 1532 3974 romana
1556 3909 1694 3972 ecclesia
1718 3910 1749 3972 in
1780 3907 1865 3972 beati
1899 3907 1994 3972 Petri

307 4010 444 4098 apostoli
469 4011 531 4076 fide
556 4021 588 4075 et
608 4011 812 4077 confessione
834 4013 977 4098 fundata,
1002 4017 1162 4080 uniuersis
1186 4039 1243 4102 per
1267 4016 1376 4080 orbem
1401 4025 1558 4080 terrarum
1576 4014 1693 4078 debeat
1717 4013 1863 4078 ecclesiis
1880 4016 1995 4098 proni·

307 4117 394 4182 dere.
419 4115 514 4182 Unde
539 4139 606 4199 nos,
631 4119 686 4204 qui
710 4117 785 4182 licet
808 4119 930 4203 indigni
949 4119 1018 4184 loco
1036 4121 1178 4185 eiusdem
1197 4121 1415 4207 apostolorum
1433 4123 1587 4207 principis
1604 4120 1747 4184 residere
1760 4120 1993 4204 conspicimur,

307 4243 419 4286 omnes
443 4219 653 4310 ecclesias-in
677 4223 822 4287 eiusdem
846 4225 920 4288 fidei
946 4227 1129 4288 sinceritate
1152 4237 1184 4289 et
1206 4228 1329 4291 unitate
1353 4229 1501 4310 cupimus
1526 4225 1727 4306 confirmare,
1761 4235 1793 4288 et
1823 4226 1854 4287 in
1889 4227 1993 4288 unius

306 4349 463 4414 compage
483 4329 627 4412 corporis
648 4327 916 4393 indissolubiliter
939 4331 1089 4395 solidare.
1114 4331 1256 4416 Ideoque
1277 4333 1458 4396 venientem
1483 4330 1525 4394 ad
1543 4353 1599 4396 nos
1617 4329 1834 4394 venerabilem
1852 4328 1992 4394 fratrem

306 4443 449 4496 nostrum
475 4430 679 4519 Androm),
714 4433 991 4521 archiepiscopum
1025 4445 1178 4518 vestrum,
1211 4435 1321 4500 debita
1355 4436 1553 4521 benignitate
1589 4436 1800 4522 suscepimus,
1837 4445 1870 4499 et
1902 4436 1995 4500 inter

460 4733 470 4770 ¹
494 4738 564 4810 Ovsj
587 4737 709 4808 Ubaldo,
733 4737 831 4795 rodom
851 4739 876 4794 ia
899 4738 980 4796 Lulre
1004 4739 1039 4795 od
1063 4739 1196 4812 porodice
1219 4739 1384 4812 Accingola,
1407 4741 1454 4812 bje
1471 4740 1619 4796 imenovan
1637 4739 1789 4811 djalronom
1804 4738 1992 4796 kardinalom

305 4826 340 4882 od
364 4842 437 4898 papo
461 4825 603 4882 Inocenca
626 4825 672 4886 Il.·
688 4845 719 4882 sa
742 4829 888 4884 naslovom
912 4847 952 4884 sr.
976 4830 1078 4900 Marije
1102 4831 1129 4883 in
1154 4831 1200 4884 via
1223 4829 1291 4886 lata.
1757 4843 1762 4853 ·

453 4911 571 4984 Kasnijc
595 4916 713 4986 postade
737 4915 921 4986 presbiterom
944 4917 1121 4972 kardinalom
1146 4919 1182 4972 od
1205 4936 1244 4973 sv.
1279 4915 1421 4971 Pralrsede
1455 4917 1463 4970 i
1498 4917 1646 4987 bislrnpom
1680 4914 1844 4970 ostienskim
1874 4915 1885 4968 i
1914 4913 1989 4970 seli·

303 4999 448 5070 trenslrim,
472 5001 603 5071 napokon
630 5004 731 5074 godine
757 5003 851 5090 lldl.
876 5006 932 5059 dne
957 5007 985 5064 1.
1008 5007 1100 5076 rujna,
1123 5005 1248 5059 rimslrim
1282 5021 1394 5075 papom‚
1428 5005 1485 5074 pod
1521 5006 1641 5058 imenom
1676 5003 1777 5074 Lucija
1804 4999 1855 5056 Ill.
1880 5010 1900 5074 †
1929 5003 1985 5060 25.

303 5090 422 5144 studens
451 5090 544 5146 1185.
568 5091 594 5146 U
619 5089 784 5161 pedatnicah
806 5109 880 5163 pape
909 5093 1051 5148 Inocenca
1080 5093 1117 5148 ll.
1150 5093 1242 5148 dolaai
1277 5094 1321 5148 isti
1357 5093 1487 5148 kardinal
1519 5093 1632 5148 Ubaldo
1664 5077 1804 5162 ponpiisn
1837 5091 1875 5144 od
1913 5091 1987 5162 god.

306 5178 534 5234 1135-1143.
900 5169 905 5182 '
