<?xml version="1.0" encoding="UTF-8"?>
<!DOCTYPE html PUBLIC "-//W3C//DTD XHTML 1.0 Transitional//EN"
    "http://www.w3.org/TR/xhtml1/DTD/xhtml1-transitional.dtd">
<html xmlns="http://www.w3.org/1999/xhtml" xml:lang="en" lang="en">
 <head>
  <title>
</title>
<meta http-equiv="Content-Type" content="text/html;charset=utf-8" />
  <meta name='ocr-system' content='tesseract 3.04.00' />
  <meta name='ocr-capabilities' content='ocr_page ocr_carea ocr_par ocr_line ocrx_word'/>
</head>
<body>
  <div class='ocr_page' id='page_1' title='image "./codexdiplomatic00unkngoog_0187.png"; bbox 0 0 4310 5918; ppageno 0'>
   <div class='ocr_carea' id='block_1_1' title="bbox 1749 427 1808 494">
    <p class='ocr_par' dir='ltr' id='par_1_1' title="bbox 1749 427 1808 494">
     <span class='ocr_line' id='line_1_1' title="bbox 1749 427 1808 494; baseline 0.034 -2"><span class='ocrx_word' id='word_1_1' title='bbox 1749 427 1808 494; x_wconf 75' lang='lat'><strong>147</strong></span> 
     </span>
    </p>
   </div>
   <div class='ocr_carea' id='block_1_2' title="bbox 21 616 1879 1556">
    <p class='ocr_par' dir='ltr' id='par_1_2' title="bbox 21 616 1879 1556">
     <span class='ocr_line' id='line_1_2' title="bbox 134 616 1814 708; baseline 0.002 -23"><span class='ocrx_word' id='word_1_2' title='bbox 134 617 331 706; x_wconf 78' lang='lat' dir='ltr'><strong>gubernante</strong></span> <span class='ocrx_word' id='word_1_3' title='bbox 363 616 492 686; x_wconf 90' lang='lat' dir='ltr'><strong>domiuo</strong></span> <span class='ocrx_word' id='word_1_4' title='bbox 523 617 697 706; x_wconf 88' lang='lat' dir='ltr'><strong>Stephano,</strong></span> <span class='ocrx_word' id='word_1_5' title='bbox 730 619 762 684; x_wconf 92' lang='lat' dir='ltr'><strong>in</strong></span> <span class='ocrx_word' id='word_1_6' title='bbox 793 619 924 684; x_wconf 89' lang='lat' dir='ltr'><strong>ciuitate</strong></span> <span class='ocrx_word' id='word_1_7' title='bbox 948 618 1050 700; x_wconf 90' lang='lat' dir='ltr'><strong>Nona,</strong></span> <span class='ocrx_word' id='word_1_8' title='bbox 1076 619 1234 706; x_wconf 88' lang='lat' dir='ltr'><strong>iuppanus</strong></span> <span class='ocrx_word' id='word_1_9' title='bbox 1258 618 1461 686; x_wconf 83' lang='lat' dir='ltr'><strong>Adammiao.</strong></span> <span class='ocrx_word' id='word_1_10' title='bbox 1485 617 1556 704; x_wconf 84' lang='lat' dir='ltr'><strong>Ego</strong></span> <span class='ocrx_word' id='word_1_11' title='bbox 1583 617 1723 708; x_wconf 88' lang='lat' dir='ltr'><strong>denique</strong></span> <span class='ocrx_word' id='word_1_12' title='bbox 1748 621 1814 688; x_wconf 87' lang='lat' dir='ltr'><strong>Ve·.</strong></span> 
     </span>
     <span class='ocr_line' id='line_1_3' title="bbox 135 725 1813 814; baseline 0.001 -24"><span class='ocrx_word' id='word_1_13' title='bbox 135 725 270 809; x_wconf 82' lang='lat' dir='ltr'><strong>lrenego,</strong></span> <span class='ocrx_word' id='word_1_14' title='bbox 295 749 352 813; x_wconf 91' lang='lat' dir='ltr'><strong>pro</strong></span> <span class='ocrx_word' id='word_1_15' title='bbox 369 725 546 791; x_wconf 87' lang='lat' dir='ltr'><strong>remedium</strong></span> <span class='ocrx_word' id='word_1_16' title='bbox 571 728 678 792; x_wconf 88' lang='lat' dir='ltr'><strong>anime</strong></span> <span class='ocrx_word' id='word_1_17' title='bbox 697 748 777 806; x_wconf 92' lang='lat' dir='ltr'><strong>mee,</strong></span> <span class='ocrx_word' id='word_1_18' title='bbox 801 727 944 814; x_wconf 80' lang='lat' dir='ltr'><strong>precipio</strong></span> <span class='ocrx_word' id='word_1_19' title='bbox 960 725 1029 791; x_wconf 83' lang='lat' dir='ltr'><strong>lieri</strong></span> <span class='ocrx_word' id='word_1_20' title='bbox 1055 727 1088 790; x_wconf 90' lang='lat' dir='ltr'><strong>in</strong></span> <span class='ocrx_word' id='word_1_21' title='bbox 1112 725 1206 791; x_wconf 90' lang='lat' dir='ltr'><strong>domo</strong></span> <span class='ocrx_word' id='word_1_22' title='bbox 1230 736 1339 792; x_wconf 83' lang='lat' dir='ltr'><strong>sancte</strong></span> <span class='ocrx_word' id='word_1_23' title='bbox 1361 725 1464 790; x_wconf 88' lang='lat' dir='ltr'><strong>Maria</strong></span> <span class='ocrx_word' id='word_1_24' title='bbox 1480 725 1520 790; x_wconf 86' lang='lat' dir='ltr'><strong>de</strong></span> <span class='ocrx_word' id='word_1_25' title='bbox 1538 726 1668 810; x_wconf 88' lang='lat' dir='ltr'><strong>Jadera,</strong></span> <span class='ocrx_word' id='word_1_26' title='bbox 1686 750 1813 794; x_wconf 88' lang='lat' dir='ltr'><strong>omnem</strong></span> 
     </span>
     <span class='ocr_line' id='line_1_4' title="bbox 135 830 1814 920; baseline 0.002 -25"><span class='ocrx_word' id='word_1_27' title='bbox 135 833 369 918; x_wconf 87' lang='lat' dir='ltr'><strong>possessionem</strong></span> <span class='ocrx_word' id='word_1_28' title='bbox 396 855 511 914; x_wconf 88' lang='lat' dir='ltr'><strong>meam,</strong></span> <span class='ocrx_word' id='word_1_29' title='bbox 541 855 637 920; x_wconf 88' lang='lat' dir='ltr'><strong>quam</strong></span> <span class='ocrx_word' id='word_1_30' title='bbox 670 831 774 897; x_wconf 88' lang='lat' dir='ltr'><strong>habeo</strong></span> <span class='ocrx_word' id='word_1_31' title='bbox 796 831 857 918; x_wconf 86' lang='lat' dir='ltr'><strong>(in)</strong></span> <span class='ocrx_word' id='word_1_32' title='bbox 882 833 995 916; x_wconf 90' lang='lat' dir='ltr'><strong>vineis,</strong></span> <span class='ocrx_word' id='word_1_33' title='bbox 1019 833 1112 898; x_wconf 87' lang='lat' dir='ltr'><strong>terris</strong></span> <span class='ocrx_word' id='word_1_34' title='bbox 1136 830 1239 916; x_wconf 90' lang='lat' dir='ltr'><strong>cultis,</strong></span> <span class='ocrx_word' id='word_1_35' title='bbox 1264 843 1296 896; x_wconf 91' lang='lat' dir='ltr'><strong>et</strong></span> <span class='ocrx_word' id='word_1_36' title='bbox 1317 831 1447 898; x_wconf 87' lang='lat' dir='ltr'><strong>incultis</strong></span> <span class='ocrx_word' id='word_1_37' title='bbox 1470 845 1502 896; x_wconf 92' lang='lat' dir='ltr'><strong>et</strong></span> <span class='ocrx_word' id='word_1_38' title='bbox 1524 836 1631 898; x_wconf 91' lang='lat' dir='ltr'><strong>omnia</strong></span> <span class='ocrx_word' id='word_1_39' title='bbox 1654 833 1814 916; x_wconf 88' lang='lat' dir='ltr'><strong>animalia,</strong></span> 
     </span>
     <span class='ocr_line' id='line_1_5' title="bbox 132 936 1812 1027; baseline 0.003 -25"><span class='ocrx_word' id='word_1_40' title='bbox 132 938 302 1024; x_wconf 74' lang='lat' dir='ltr'><strong>pecoribus</strong></span> <span class='ocrx_word' id='word_1_41' title='bbox 322 937 373 1004; x_wconf 85' lang='lat' dir='ltr'><strong>vel</strong></span> <span class='ocrx_word' id='word_1_42' title='bbox 397 941 557 1022; x_wconf 87' lang='lat' dir='ltr'><strong>iumentis,</strong></span> <span class='ocrx_word' id='word_1_43' title='bbox 582 941 689 1004; x_wconf 89' lang='lat' dir='ltr'><strong>omnia</strong></span> <span class='ocrx_word' id='word_1_44' title='bbox 711 949 742 1002; x_wconf 90' lang='lat' dir='ltr'><strong>et</strong></span> <span class='ocrx_word' id='word_1_45' title='bbox 766 941 797 1002; x_wconf 90' lang='lat' dir='ltr'><strong>in</strong></span> <span class='ocrx_word' id='word_1_46' title='bbox 817 939 966 1004; x_wconf 90' lang='lat' dir='ltr'><strong>omnibus</strong></span> <span class='ocrx_word' id='word_1_47' title='bbox 987 939 1030 1002; x_wconf 86' lang='lat' dir='ltr'><strong>sit</strong></span> <span class='ocrx_word' id='word_1_48' title='bbox 1052 941 1085 1004; x_wconf 94' lang='lat' dir='ltr'><strong>in</strong></span> <span class='ocrx_word' id='word_1_49' title='bbox 1109 939 1253 1025; x_wconf 85' lang='lat' dir='ltr'><strong>predicte</strong></span> <span class='ocrx_word' id='word_1_50' title='bbox 1275 936 1368 1004; x_wconf 89' lang='lat' dir='ltr'><strong>domo</strong></span> <span class='ocrx_word' id='word_1_51' title='bbox 1393 949 1503 1003; x_wconf 88' lang='lat' dir='ltr'><strong>sancte</strong></span> <span class='ocrx_word' id='word_1_52' title='bbox 1527 937 1629 1003; x_wconf 86' lang='lat' dir='ltr'><strong>Maris</strong></span> <span class='ocrx_word' id='word_1_53' title='bbox 1651 941 1684 1004; x_wconf 91' lang='lat' dir='ltr'><strong>iu</strong></span> <span class='ocrx_word' id='word_1_54' title='bbox 1703 963 1812 1027; x_wconf 87' lang='lat' dir='ltr'><strong>perpe-</strong></span> 
     </span>
     <span class='ocr_line' id='line_1_6' title="bbox 133 1044 1810 1138; baseline 0.002 -30"><span class='ocrx_word' id='word_1_55' title='bbox 133 1053 219 1108; x_wconf 89' lang='lat' dir='ltr'><strong>tuum</strong></span> <span class='ocrx_word' id='word_1_56' title='bbox 251 1044 456 1131; x_wconf 85' lang='lat' dir='ltr'><strong>possidenda.</strong></span> <span class='ocrx_word' id='word_1_57' title='bbox 477 1044 521 1110; x_wconf 85' lang='lat' dir='ltr'><strong>Et</strong></span> <span class='ocrx_word' id='word_1_58' title='bbox 537 1047 563 1110; x_wconf 88' lang='lat' dir='ltr'><strong>si</strong></span> <span class='ocrx_word' id='word_1_59' title='bbox 588 1047 660 1132; x_wconf 88' lang='lat' dir='ltr'><strong>quis</strong></span> <span class='ocrx_word' id='word_1_60' title='bbox 686 1055 854 1132; x_wconf 88' lang='lat' dir='ltr'><strong>parentum</strong></span> <span class='ocrx_word' id='word_1_61' title='bbox 880 1067 1024 1112; x_wconf 88' lang='lat' dir='ltr'><strong>meorum</strong></span> <span class='ocrx_word' id='word_1_62' title='bbox 1050 1046 1209 1110; x_wconf 81' lang='lat' dir='ltr'><strong>contraire</strong></span> <span class='ocrx_word' id='word_1_63' title='bbox 1233 1047 1447 1136; x_wconf 85' lang='lat' dir='ltr'><strong>temptauerit,</strong></span> <span class='ocrx_word' id='word_1_64' title='bbox 1472 1045 1558 1130; x_wconf 90' lang='lat' dir='ltr'><strong>quod</strong></span> <span class='ocrx_word' id='word_1_65' title='bbox 1575 1045 1810 1138; x_wconf 87' lang='lat' dir='ltr'><strong>absit,iratum</strong></span> 
     </span>
     <span class='ocr_line' id='line_1_7' title="bbox 133 1149 1811 1236; baseline 0.003 -23"><span class='ocrx_word' id='word_1_66' title='bbox 133 1149 250 1216; x_wconf 87' lang='lat' dir='ltr'><strong>habeat</strong></span> <span class='ocrx_word' id='word_1_67' title='bbox 281 1153 400 1216; x_wconf 86' lang='lat' dir='ltr'><strong>trinum</strong></span> <span class='ocrx_word' id='word_1_68' title='bbox 432 1163 464 1216; x_wconf 93' lang='lat' dir='ltr'><strong>et</strong></span> <span class='ocrx_word' id='word_1_69' title='bbox 495 1174 593 1216; x_wconf 89' lang='lat' dir='ltr'><strong>unum</strong></span> <span class='ocrx_word' id='word_1_70' title='bbox 617 1151 722 1233; x_wconf 89' lang='lat' dir='ltr'><strong>deum,</strong></span> <span class='ocrx_word' id='word_1_71' title='bbox 758 1163 789 1216; x_wconf 88' lang='lat' dir='ltr'><strong>ct</strong></span> <span class='ocrx_word' id='word_1_72' title='bbox 816 1173 887 1216; x_wconf 88' lang='lat' dir='ltr'><strong>cum</strong></span> <span class='ocrx_word' id='word_1_73' title='bbox 911 1150 998 1216; x_wconf 88' lang='lat' dir='ltr'><strong>Juda</strong></span> <span class='ocrx_word' id='word_1_74' title='bbox 1021 1150 1168 1218; x_wconf 89' lang='lat' dir='ltr'><strong>Scarioth</strong></span> <span class='ocrx_word' id='word_1_75' title='bbox 1192 1151 1223 1214; x_wconf 90' lang='lat' dir='ltr'><strong>in</strong></span> <span class='ocrx_word' id='word_1_76' title='bbox 1248 1149 1372 1214; x_wconf 87' lang='lat' dir='ltr'><strong>inferno</strong></span> <span class='ocrx_word' id='word_1_77' title='bbox 1397 1150 1595 1236; x_wconf 82' lang='lat' dir='ltr'><strong>dampnetur.</strong></span> <span class='ocrx_word' id='word_1_78' title='bbox 1620 1151 1811 1218; x_wconf 83' lang='lat' dir='ltr'><strong>Adummiao</strong></span> 
     </span>
     <span class='ocr_line' id='line_1_8' title="bbox 131 1254 1810 1344; baseline 0.003 -25"><span class='ocrx_word' id='word_1_79' title='bbox 131 1257 301 1342; x_wconf 89' lang='lat' dir='ltr'><strong>inppanus,</strong></span> <span class='ocrx_word' id='word_1_80' title='bbox 337 1259 439 1322; x_wconf 90' lang='lat' dir='ltr'><strong>testis.</strong></span> <span class='ocrx_word' id='word_1_81' title='bbox 471 1256 620 1322; x_wconf 90' lang='lat' dir='ltr'><strong>Prodano</strong></span> <span class='ocrx_word' id='word_1_82' title='bbox 651 1258 752 1322; x_wconf 88' lang='lat' dir='ltr'><strong>testis.</strong></span> <span class='ocrx_word' id='word_1_83' title='bbox 790 1255 1070 1323; x_wconf 82' lang='lat' dir='ltr'><strong>Desinna·testis.</strong></span> <span class='ocrx_word' id='word_1_84' title='bbox 1105 1254 1300 1344; x_wconf 79' lang='lat' dir='ltr'><strong>Capelianus</strong></span> <span class='ocrx_word' id='word_1_85' title='bbox 1332 1255 1488 1338; x_wconf 83' lang='lat' dir='ltr'><strong>Grubina,</strong></span> <span class='ocrx_word' id='word_1_86' title='bbox 1514 1259 1615 1323; x_wconf 86' lang='lat' dir='ltr'><strong>testis.</strong></span> <span class='ocrx_word' id='word_1_87' title='bbox 1641 1257 1810 1324; x_wconf 83' lang='lat' dir='ltr'><strong>Tollimiro</strong></span> 
     </span>
     <span class='ocr_line' id='line_1_9' title="bbox 21 1343 1879 1451; baseline 0.003 -27"><span class='ocrx_word' id='word_1_88' title='bbox 21 1401 22 1432; x_wconf 61' lang='lat'><em>2</em></span> <span class='ocrx_word' id='word_1_89' title='bbox 129 1363 229 1426; x_wconf 82' lang='lat' dir='ltr'><strong>testis.</strong></span> <span class='ocrx_word' id='word_1_90' title='bbox 255 1361 431 1450; x_wconf 81' lang='lat' dir='ltr'><strong>Presbyter</strong></span> <span class='ocrx_word' id='word_1_91' title='bbox 455 1362 643 1447; x_wconf 89' lang='lat' dir='ltr'><strong>Dedochna,</strong></span> <span class='ocrx_word' id='word_1_92' title='bbox 667 1365 768 1428; x_wconf 90' lang='lat' dir='ltr'><strong>testis.</strong></span> <span class='ocrx_word' id='word_1_93' title='bbox 793 1363 966 1450; x_wconf 78' lang='lat' dir='ltr'><strong>Presbyter</strong></span> <span class='ocrx_word' id='word_1_94' title='bbox 983 1363 1099 1440; x_wconf 86' lang='lat' dir='ltr'><strong>Barba,</strong></span> <span class='ocrx_word' id='word_1_95' title='bbox 1123 1365 1223 1428; x_wconf 90' lang='lat' dir='ltr'><strong>testis.</strong></span> <span class='ocrx_word' id='word_1_96' title='bbox 1241 1343 1390 1429; x_wconf 73' lang='lat' dir='ltr'><strong>Zouinnd</strong></span> <span class='ocrx_word' id='word_1_97' title='bbox 1405 1365 1505 1428; x_wconf 89' lang='lat' dir='ltr'><strong>testis.</strong></span> <span class='ocrx_word' id='word_1_98' title='bbox 1522 1363 1688 1451; x_wconf 88' lang='lat' dir='ltr'><strong>Nepostoy</strong></span> <span class='ocrx_word' id='word_1_99' title='bbox 1705 1367 1802 1430; x_wconf 89' lang='lat' dir='ltr'><strong>testis.</strong></span> <span class='ocrx_word' id='word_1_100' title='bbox 1877 1377 1879 1383; x_wconf 85' lang='lat'>&#39;</span> 
     </span>
     <span class='ocr_line' id='line_1_10' title="bbox 129 1465 1599 1556; baseline 0.003 -26"><span class='ocrx_word' id='word_1_101' title='bbox 129 1465 307 1553; x_wconf 79' lang='lat' dir='ltr'><strong>Presbyter</strong></span> <span class='ocrx_word' id='word_1_102' title='bbox 337 1467 499 1552; x_wconf 83' lang='lat' dir='ltr'><strong>Milotech,</strong></span> <span class='ocrx_word' id='word_1_103' title='bbox 533 1471 633 1534; x_wconf 88' lang='lat' dir='ltr'><strong>testis.</strong></span> <span class='ocrx_word' id='word_1_104' title='bbox 666 1468 781 1534; x_wconf 87' lang='lat' dir='ltr'><strong>Petrus</strong></span> <span class='ocrx_word' id='word_1_105' title='bbox 812 1469 852 1534; x_wconf 90' lang='lat' dir='ltr'><strong>de</strong></span> <span class='ocrx_word' id='word_1_106' title='bbox 882 1467 1061 1536; x_wconf 87' lang='lat' dir='ltr'><strong>Bonernnte</strong></span> <span class='ocrx_word' id='word_1_107' title='bbox 1093 1470 1184 1534; x_wconf 84' lang='lat' dir='ltr'><strong>testis</strong></span> <span class='ocrx_word' id='word_1_108' title='bbox 1215 1479 1247 1536; x_wconf 88' lang='lat' dir='ltr'><strong>et</strong></span> <span class='ocrx_word' id='word_1_109' title='bbox 1268 1468 1324 1534; x_wconf 87' lang='lat' dir='ltr'><strong>alii</strong></span> <span class='ocrx_word' id='word_1_110' title='bbox 1348 1468 1456 1556; x_wconf 85' lang='lat' dir='ltr'><strong>plures</strong></span> <span class='ocrx_word' id='word_1_111' title='bbox 1492 1477 1599 1534; x_wconf 89' lang='lat' dir='ltr'><strong>testes.</strong></span> 
     </span>
    </p>
   </div>
   <div class='ocr_carea' id='block_1_3' title="bbox 289 1588 1034 1662">
    <p class='ocr_par' dir='ltr' id='par_1_3' title="bbox 289 1588 1034 1662">
     <span class='ocr_line' id='line_1_11' title="bbox 289 1588 1034 1662; baseline 0 -16"><span class='ocrx_word' id='word_1_112' title='bbox 289 1588 317 1646; x_wconf 91' lang='lat' dir='ltr'><strong>U</strong></span> <span class='ocrx_word' id='word_1_113' title='bbox 337 1591 438 1646; x_wconf 79' lang='lat' dir='ltr'><strong>arkIvu</strong></span> <span class='ocrx_word' id='word_1_114' title='bbox 461 1591 611 1646; x_wconf 84' lang='lat' dir='ltr'><strong>aadarskih</strong></span> <span class='ocrx_word' id='word_1_115' title='bbox 645 1589 840 1662; x_wconf 76' lang='lat' dir='ltr'><strong>kalndJericah</strong></span> <span class='ocrx_word' id='word_1_116' title='bbox 862 1609 901 1649; x_wconf 84' lang='lat' dir='ltr'><strong>ss.</strong></span> <span class='ocrx_word' id='word_1_117' title='bbox 926 1590 1034 1662; x_wconf 82' lang='lat' dir='ltr'><strong>llarije.</strong></span> 
     </span>
    </p>
   </div>
   <div class='ocr_carea' id='block_1_4' title="bbox 676 1849 1269 1952">
    <p class='ocr_par' dir='ltr' id='par_1_4' title="bbox 676 1849 1269 1952">
     <span class='ocr_line' id='line_1_12' title="bbox 676 1849 1269 1952; baseline -0.002 -19"><span class='ocrx_word' id='word_1_118' title='bbox 676 1849 950 1933; x_wconf 78' lang='lat' dir='ltr'><strong>CLXXVIII.</strong></span> <span class='ocrx_word' id='word_1_119' title='bbox 979 1850 1069 1932; x_wconf 73' lang='lat'><strong>0110</strong></span> <span class='ocrx_word' id='word_1_120' title='bbox 1095 1872 1133 1952; x_wconf 85' lang='lat' dir='ltr'><strong>g.</strong></span> <span class='ocrx_word' id='word_1_121' title='bbox 1159 1851 1269 1936; x_wconf 76' lang='lat' dir='ltr'><strong>lota.</strong></span> 
     </span>
    </p>
   </div>
   <div class='ocr_carea' id='block_1_5' title="bbox 448 1995 1498 2089">
    <p class='ocr_par' dir='ltr' id='par_1_5' title="bbox 448 1995 1498 2089">
     <span class='ocr_line' id='line_1_13' title="bbox 448 1995 1498 2089; baseline 0.005 -17"><span class='ocrx_word' id='word_1_122' title='bbox 448 2012 627 2074; x_wconf 66' lang='lat' dir='ltr'><strong>samosata</strong></span> <span class='ocrx_word' id='word_1_123' title='bbox 642 2031 683 2073; x_wconf 87' lang='lat' dir='ltr'><strong>so.</strong></span> <span class='ocrx_word' id='word_1_124' title='bbox 707 2014 865 2074; x_wconf 72' lang='lat' dir='ltr'><strong>Krdevoao</strong></span> <span class='ocrx_word' id='word_1_125' title='bbox 890 1995 1031 2088; x_wconf 77' lang='lat' dir='ltr'><strong>dopituju</strong></span> <span class='ocrx_word' id='word_1_126' title='bbox 1053 2013 1191 2074; x_wconf 72' lang='lat' dir='ltr'><strong>lauram·</strong></span> <span class='ocrx_word' id='word_1_127' title='bbox 1212 2031 1306 2088; x_wconf 80' lang='lat' dir='ltr'><strong>provo</strong></span> <span class='ocrx_word' id='word_1_128' title='bbox 1328 2014 1498 2089; x_wconf 77' lang='lat' dir='ltr'><strong>rtborern&#39;a.</strong></span> 
     </span>
    </p>
   </div>
   <div class='ocr_carea' id='block_1_6' title="bbox 128 2132 1813 2648">
    <p class='ocr_par' dir='ltr' id='par_1_6' title="bbox 128 2132 1813 2648">
     <span class='ocr_line' id='line_1_14' title="bbox 290 2132 1813 2222; baseline 0.002 -24"><span class='ocrx_word' id='word_1_129' title='bbox 290 2133 450 2221; x_wconf 85' lang='lat' dir='ltr'><strong>Tempore</strong></span> <span class='ocrx_word' id='word_1_130' title='bbox 480 2133 623 2220; x_wconf 91' lang='lat' dir='ltr'><strong>dompnii</strong></span> <span class='ocrx_word' id='word_1_131' title='bbox 655 2132 756 2219; x_wconf 83' lang='lat' dir='ltr'><strong>Magii</strong></span> <span class='ocrx_word' id='word_1_132' title='bbox 786 2133 964 2198; x_wconf 89' lang='lat' dir='ltr'><strong>iaderensis</strong></span> <span class='ocrx_word' id='word_1_133' title='bbox 995 2135 1121 2220; x_wconf 89' lang='lat' dir='ltr'><strong>prioris,</strong></span> <span class='ocrx_word' id='word_1_134' title='bbox 1154 2155 1211 2222; x_wconf 89' lang='lat' dir='ltr'><strong>pro</strong></span> <span class='ocrx_word' id='word_1_135' title='bbox 1235 2134 1480 2200; x_wconf 89' lang='lat' dir='ltr'><strong>necessitatibus</strong></span> <span class='ocrx_word' id='word_1_136' title='bbox 1512 2133 1650 2221; x_wconf 90' lang='lat' dir='ltr'><strong>publicis</strong></span> <span class='ocrx_word' id='word_1_137' title='bbox 1680 2135 1813 2202; x_wconf 87' lang='lat' dir='ltr'><strong>fuerunt</strong></span> 
     </span>
     <span class='ocr_line' id='line_1_15' title="bbox 128 2237 1807 2327; baseline 0.003 -24"><span class='ocrx_word' id='word_1_138' title='bbox 128 2238 261 2305; x_wconf 86' lang='lat' dir='ltr'><strong>vendite</strong></span> <span class='ocrx_word' id='word_1_139' title='bbox 285 2240 490 2327; x_wconf 89' lang='lat' dir='ltr'><strong>piscationes.</strong></span> <span class='ocrx_word' id='word_1_140' title='bbox 514 2237 589 2304; x_wconf 90' lang='lat' dir='ltr'><strong>Una</strong></span> <span class='ocrx_word' id='word_1_141' title='bbox 613 2241 645 2304; x_wconf 94' lang='lat' dir='ltr'><strong>in</strong></span> <span class='ocrx_word' id='word_1_142' title='bbox 669 2238 773 2303; x_wconf 88' lang='lat' dir='ltr'><strong>insula</strong></span> <span class='ocrx_word' id='word_1_143' title='bbox 790 2237 917 2322; x_wconf 81' lang='lat' dir='ltr'><strong>Malata,</strong></span> <span class='ocrx_word' id='word_1_144' title='bbox 935 2239 1037 2304; x_wconf 87' lang='lat' dir='ltr'><strong>altera</strong></span> <span class='ocrx_word' id='word_1_145' title='bbox 1054 2242 1086 2304; x_wconf 92' lang='lat' dir='ltr'><strong>in</strong></span> <span class='ocrx_word' id='word_1_146' title='bbox 1103 2238 1230 2324; x_wconf 83' lang='lat' dir='ltr'><strong>Tilago,</strong></span> <span class='ocrx_word' id='word_1_147' title='bbox 1247 2242 1280 2304; x_wconf 91' lang='lat' dir='ltr'><strong>in</strong></span> <span class='ocrx_word' id='word_1_148' title='bbox 1298 2239 1383 2305; x_wconf 87' lang='lat' dir='ltr'><strong>valle</strong></span> <span class='ocrx_word' id='word_1_149' title='bbox 1407 2242 1519 2305; x_wconf 86' lang='lat' dir='ltr'><strong>maiori</strong></span> <span class='ocrx_word' id='word_1_150' title='bbox 1542 2243 1644 2306; x_wconf 90' lang='lat' dir='ltr'><strong>sancti</strong></span> <span class='ocrx_word' id='word_1_151' title='bbox 1669 2241 1807 2308; x_wconf 89' lang='lat' dir='ltr'><strong>Victoris</strong></span> 
     </span>
     <span class='ocr_line' id='line_1_16' title="bbox 128 2343 1810 2436; baseline 0.002 -26"><span class='ocrx_word' id='word_1_152' title='bbox 128 2368 169 2410; x_wconf 86' lang='lat' dir='ltr'><strong>ex</strong></span> <span class='ocrx_word' id='word_1_153' title='bbox 191 2357 288 2432; x_wconf 91' lang='lat' dir='ltr'><strong>parte</strong></span> <span class='ocrx_word' id='word_1_154' title='bbox 311 2345 440 2428; x_wconf 86' lang='lat' dir='ltr'><strong>Altana,</strong></span> <span class='ocrx_word' id='word_1_155' title='bbox 464 2369 527 2432; x_wconf 91' lang='lat' dir='ltr'><strong>que</strong></span> <span class='ocrx_word' id='word_1_156' title='bbox 551 2348 735 2411; x_wconf 88' lang='lat' dir='ltr'><strong>contincta</strong></span> <span class='ocrx_word' id='word_1_157' title='bbox 759 2345 828 2410; x_wconf 91' lang='lat' dir='ltr'><strong>loco</strong></span> <span class='ocrx_word' id='word_1_158' title='bbox 854 2343 909 2409; x_wconf 93' lang='lat' dir='ltr'><strong>ubi</strong></span> <span class='ocrx_word' id='word_1_159' title='bbox 932 2344 1043 2412; x_wconf 89' lang='lat' dir='ltr'><strong>Mecar</strong></span> <span class='ocrx_word' id='word_1_160' title='bbox 1066 2345 1195 2426; x_wconf 90' lang='lat' dir='ltr'><strong>dicitur,</strong></span> <span class='ocrx_word' id='word_1_161' title='bbox 1220 2367 1321 2432; x_wconf 88' lang='lat' dir='ltr'><strong>usque</strong></span> <span class='ocrx_word' id='word_1_162' title='bbox 1345 2345 1386 2412; x_wconf 88' lang='lat' dir='ltr'><strong>ad</strong></span> <span class='ocrx_word' id='word_1_163' title='bbox 1410 2370 1512 2430; x_wconf 86' lang='lat' dir='ltr'><strong>casas,</strong></span> <span class='ocrx_word' id='word_1_164' title='bbox 1545 2370 1608 2434; x_wconf 93' lang='lat' dir='ltr'><strong>que</strong></span> <span class='ocrx_word' id='word_1_165' title='bbox 1630 2371 1686 2413; x_wconf 90' lang='lat' dir='ltr'><strong>sne</strong></span> <span class='ocrx_word' id='word_1_166' title='bbox 1707 2351 1810 2436; x_wconf 86' lang='lat' dir='ltr'><strong>pisca·</strong></span> 
     </span>
     <span class='ocr_line' id='line_1_17' title="bbox 129 2449 1809 2541; baseline 0.003 -27"><span class='ocrx_word' id='word_1_167' title='bbox 129 2453 230 2517; x_wconf 91' lang='lat' dir='ltr'><strong>cionis</strong></span> <span class='ocrx_word' id='word_1_168' title='bbox 257 2463 407 2538; x_wconf 87' lang='lat' dir='ltr'><strong>quartam</strong></span> <span class='ocrx_word' id='word_1_169' title='bbox 434 2454 613 2540; x_wconf 89' lang='lat' dir='ltr'><strong>portionem</strong></span> <span class='ocrx_word' id='word_1_170' title='bbox 639 2475 673 2516; x_wconf 90' lang='lat' dir='ltr'><strong>se</strong></span> <span class='ocrx_word' id='word_1_171' title='bbox 706 2449 899 2517; x_wconf 80' lang='lat' dir='ltr'><strong>habentibus</strong></span> <span class='ocrx_word' id='word_1_172' title='bbox 925 2452 1001 2516; x_wconf 89' lang='lat' dir='ltr'><strong>dare</strong></span> <span class='ocrx_word' id='word_1_173' title='bbox 1025 2451 1188 2534; x_wconf 75' lang='lat' dir='ltr'><strong>solebant,</strong></span> <span class='ocrx_word' id='word_1_174' title='bbox 1203 2474 1283 2538; x_wconf 91' lang='lat' dir='ltr'><strong>quas</strong></span> <span class='ocrx_word' id='word_1_175' title='bbox 1316 2475 1394 2517; x_wconf 90' lang='lat' dir='ltr'><strong>vero</strong></span> <span class='ocrx_word' id='word_1_176' title='bbox 1426 2456 1518 2541; x_wconf 87' lang='lat' dir='ltr'><strong>pauci</strong></span> <span class='ocrx_word' id='word_1_177' title='bbox 1551 2454 1809 2520; x_wconf 88' lang='lat' dir='ltr'><strong>iaderaneusium</strong></span> 
     </span>
     <span class='ocr_line' id='line_1_18' title="bbox 128 2558 1802 2648; baseline 0.002 -25"><span class='ocrx_word' id='word_1_178' title='bbox 128 2558 255 2624; x_wconf 90' lang='lat' dir='ltr'><strong>nobiles</strong></span> <span class='ocrx_word' id='word_1_179' title='bbox 280 2570 425 2624; x_wconf 87' lang='lat' dir='ltr'><strong>emerant</strong></span> <span class='ocrx_word' id='word_1_180' title='bbox 447 2569 577 2646; x_wconf 90' lang='lat' dir='ltr'><strong>propter</strong></span> <span class='ocrx_word' id='word_1_181' title='bbox 600 2570 746 2644; x_wconf 85' lang='lat' dir='ltr'><strong>quartem</strong></span> <span class='ocrx_word' id='word_1_182' title='bbox 765 2559 899 2644; x_wconf 84' lang='lat' dir='ltr'><strong>piscium</strong></span> <span class='ocrx_word' id='word_1_183' title='bbox 926 2560 1115 2645; x_wconf 90' lang='lat' dir='ltr'><strong>portionem.</strong></span> <span class='ocrx_word' id='word_1_184' title='bbox 1139 2559 1204 2624; x_wconf 77' lang='lat' dir='ltr'><strong>Sed</strong></span> <span class='ocrx_word' id='word_1_185' title='bbox 1228 2561 1304 2648; x_wconf 92' lang='lat' dir='ltr'><strong>quia</strong></span> <span class='ocrx_word' id='word_1_186' title='bbox 1327 2581 1403 2646; x_wconf 88' lang='lat' dir='ltr'><strong>sepe</strong></span> <span class='ocrx_word' id='word_1_187' title='bbox 1427 2561 1460 2624; x_wconf 91' lang='lat' dir='ltr'><strong>in</strong></span> <span class='ocrx_word' id='word_1_188' title='bbox 1484 2559 1642 2625; x_wconf 89' lang='lat' dir='ltr'><strong>diuisione</strong></span> <span class='ocrx_word' id='word_1_189' title='bbox 1666 2563 1802 2647; x_wconf 89' lang='lat' dir='ltr'><strong>piscium</strong></span> 
     </span>
    </p>
   </div>
   <div class='ocr_carea' id='block_1_7' title="bbox 21 2665 1931 2966">
    <p class='ocr_par' dir='ltr' id='par_1_7' title="bbox 21 2665 1931 2966">
     <span class='ocr_line' id='line_1_19' title="bbox 21 2665 1825 2750; baseline 0 -18"><span class='ocrx_word' id='word_1_190' title='bbox 21 2727 23 2732; x_wconf 81' lang='grc'>,</span> <span class='ocrx_word' id='word_1_191' title='bbox 128 2665 312 2750; x_wconf 82' lang='lat' dir='ltr'><strong>litigabant,</strong></span> <span class='ocrx_word' id='word_1_192' title='bbox 336 2678 424 2731; x_wconf 90' lang='lat' dir='ltr'><strong>etse</strong></span> <span class='ocrx_word' id='word_1_193' title='bbox 449 2668 588 2730; x_wconf 87' lang='lat' dir='ltr'><strong>inuicem</strong></span> <span class='ocrx_word' id='word_1_194' title='bbox 612 2665 795 2730; x_wconf 89' lang='lat' dir='ltr'><strong>scindentes</strong></span> <span class='ocrx_word' id='word_1_195' title='bbox 820 2676 851 2728; x_wconf 90' lang='lat' dir='ltr'><strong>et</strong></span> <span class='ocrx_word' id='word_1_196' title='bbox 873 2665 1022 2730; x_wconf 87' lang='lat' dir='ltr'><strong>cedentes</strong></span> <span class='ocrx_word' id='word_1_197' title='bbox 1046 2665 1240 2748; x_wconf 78' lang='lat' dir='ltr'><strong>lacerabant,</strong></span> <span class='ocrx_word' id='word_1_198' title='bbox 1263 2667 1353 2730; x_wconf 86' lang='lat' dir='ltr'><strong>venit</strong></span> <span class='ocrx_word' id='word_1_199' title='bbox 1376 2666 1566 2738; x_wconf 87' lang='lat' dir='ltr'><strong>iamdictus</strong></span> <span class='ocrx_word' id='word_1_200' title='bbox 1591 2669 1686 2750; x_wconf 88' lang='lat' dir='ltr'><strong>prior,</strong></span> <span class='ocrx_word' id='word_1_201' title='bbox 1712 2669 1825 2732; x_wconf 41' lang='lat' dir='ltr'><strong>cuius*</strong></span> 
     </span>
     <span class='ocr_line' id='line_1_20' title="bbox 21 2761 1809 2860; baseline 0.001 -24"><span class='ocrx_word' id='word_1_202' title='bbox 21 2761 22 2794; x_wconf 70' lang='lat'>³</span> <span class='ocrx_word' id='word_1_203' title='bbox 128 2775 278 2858; x_wconf 89' lang='lat' dir='ltr'><strong>superius</strong></span> <span class='ocrx_word' id='word_1_204' title='bbox 304 2775 336 2836; x_wconf 90' lang='lat' dir='ltr'><strong>iu</strong></span> <span class='ocrx_word' id='word_1_205' title='bbox 359 2771 422 2836; x_wconf 81' lang='lat' dir='ltr'><strong>alio</strong></span> <span class='ocrx_word' id='word_1_206' title='bbox 447 2771 516 2837; x_wconf 89' lang='lat' dir='ltr'><strong>loco</strong></span> <span class='ocrx_word' id='word_1_207' title='bbox 539 2773 733 2836; x_wconf 86' lang='lat' dir='ltr'><strong>mentionem</strong></span> <span class='ocrx_word' id='word_1_208' title='bbox 750 2769 895 2854; x_wconf 81' lang='lat' dir='ltr'><strong>lecimus,</strong></span> <span class='ocrx_word' id='word_1_209' title='bbox 920 2793 994 2836; x_wconf 89' lang='lat' dir='ltr'><strong>oum</strong></span> <span class='ocrx_word' id='word_1_210' title='bbox 1017 2773 1063 2837; x_wconf 92' lang='lat' dir='ltr'><strong>eis</strong></span> <span class='ocrx_word' id='word_1_211' title='bbox 1077 2771 1117 2837; x_wconf 85' lang='lat' dir='ltr'><strong>ad</strong></span> <span class='ocrx_word' id='word_1_212' title='bbox 1136 2773 1376 2854; x_wconf 90' lang='lat' dir='ltr'><strong>monasterium,</strong></span> <span class='ocrx_word' id='word_1_213' title='bbox 1401 2781 1434 2837; x_wconf 89' lang='lat' dir='ltr'><strong>et</strong></span> <span class='ocrx_word' id='word_1_214' title='bbox 1456 2773 1572 2836; x_wconf 91' lang='lat' dir='ltr'><strong>timens</strong></span> <span class='ocrx_word' id='word_1_215' title='bbox 1597 2795 1636 2838; x_wconf 89' lang='lat' dir='ltr'><strong>ne</strong></span> <span class='ocrx_word' id='word_1_216' title='bbox 1659 2775 1693 2837; x_wconf 95' lang='lat' dir='ltr'><strong>in</strong></span> <span class='ocrx_word' id='word_1_217' title='bbox 1717 2775 1809 2860; x_wconf 89' lang='lat' dir='ltr'><strong>peius</strong></span> 
     </span>
     <span class='ocr_line' id='line_1_21' title="bbox 129 2877 1931 2966; baseline 0.002 -24"><span class='ocrx_word' id='word_1_218' title='bbox 129 2879 249 2943; x_wconf 86' lang='lat' dir='ltr'><strong>malum</strong></span> <span class='ocrx_word' id='word_1_219' title='bbox 275 2877 475 2960; x_wconf 89' lang='lat' dir='ltr'><strong>deuenirent,</strong></span> <span class='ocrx_word' id='word_1_220' title='bbox 493 2889 642 2964; x_wconf 87' lang='lat' dir='ltr'><strong>presente</strong></span> <span class='ocrx_word' id='word_1_221' title='bbox 659 2877 805 2942; x_wconf 83' lang='lat' dir='ltr'><strong>Trasone</strong></span> <span class='ocrx_word' id='word_1_222' title='bbox 821 2877 948 2961; x_wconf 82' lang='lat' dir='ltr'><strong>abbate,</strong></span> <span class='ocrx_word' id='word_1_223' title='bbox 965 2877 1027 2942; x_wconf 84' lang='lat' dir='ltr'><strong>ieci</strong></span> <span class='ocrx_word' id='word_1_224' title='bbox 1044 2900 1100 2943; x_wconf 89' lang='lat' dir='ltr'><strong>eos</strong></span> <span class='ocrx_word' id='word_1_225' title='bbox 1116 2881 1294 2964; x_wconf 91' lang='lat' dir='ltr'><strong>portionem</strong></span> <span class='ocrx_word' id='word_1_226' title='bbox 1316 2901 1406 2944; x_wconf 87' lang='lat' dir='ltr'><strong>suam</strong></span> <span class='ocrx_word' id='word_1_227' title='bbox 1420 2880 1556 2966; x_wconf 90' lang='lat' dir='ltr'><strong>piscium</strong></span> <span class='ocrx_word' id='word_1_228' title='bbox 1580 2879 1677 2946; x_wconf 82' lang='lat' dir='ltr'><strong>offere</strong></span> <span class='ocrx_word' id='word_1_229' title='bbox 1701 2903 1808 2946; x_wconf 87' lang='lat' dir='ltr'><strong>coram</strong></span> <span class='ocrx_word' id='word_1_230' title='bbox 1923 2943 1931 2959; x_wconf 76' lang='lat'><strong>,</strong></span> 
     </span>
    </p>
   </div>
   <div class='ocr_carea' id='block_1_8' title="bbox 21 2983 1808 3292">
    <p class='ocr_par' dir='ltr' id='par_1_8' title="bbox 21 2983 1808 3292">
     <span class='ocr_line' id='line_1_22' title="bbox 129 2983 1802 3072; baseline 0.002 -24"><span class='ocrx_word' id='word_1_231' title='bbox 129 2987 214 3049; x_wconf 89' lang='lat' dir='ltr'><strong>omni</strong></span> <span class='ocrx_word' id='word_1_232' title='bbox 239 2983 360 3071; x_wconf 90' lang='lat' dir='ltr'><strong>populo</strong></span> <span class='ocrx_word' id='word_1_233' title='bbox 384 2985 479 3051; x_wconf 89' lang='lat' dir='ltr'><strong>beato</strong></span> <span class='ocrx_word' id='word_1_234' title='bbox 503 2984 685 3072; x_wconf 82' lang='lat' dir='ltr'><strong>Grisogono</strong></span> <span class='ocrx_word' id='word_1_235' title='bbox 718 2986 852 3050; x_wconf 89' lang='lat' dir='ltr'><strong>martiri.</strong></span> <span class='ocrx_word' id='word_1_236' title='bbox 877 2983 921 3048; x_wconf 88' lang='lat' dir='ltr'><strong>At</strong></span> <span class='ocrx_word' id='word_1_237' title='bbox 944 2985 991 3049; x_wconf 92' lang='lat' dir='ltr'><strong>illi</strong></span> <span class='ocrx_word' id='word_1_238' title='bbox 1014 3006 1125 3050; x_wconf 90' lang='lat' dir='ltr'><strong>omnes</strong></span> <span class='ocrx_word' id='word_1_239' title='bbox 1149 2987 1182 3049; x_wconf 95' lang='lat' dir='ltr'><strong>in</strong></span> <span class='ocrx_word' id='word_1_240' title='bbox 1205 2984 1266 3050; x_wconf 91' lang='lat' dir='ltr'><strong>hoc</strong></span> <span class='ocrx_word' id='word_1_241' title='bbox 1285 2985 1371 3050; x_wconf 84' lang='lat' dir='ltr'><strong>facto</strong></span> <span class='ocrx_word' id='word_1_242' title='bbox 1394 2984 1484 3050; x_wconf 86' lang='lat' dir='ltr'><strong>letati</strong></span> <span class='ocrx_word' id='word_1_243' title='bbox 1508 2995 1590 3069; x_wconf 88' lang='lat' dir='ltr'><strong>sunt,</strong></span> <span class='ocrx_word' id='word_1_244' title='bbox 1615 2998 1647 3051; x_wconf 88' lang='lat' dir='ltr'><strong>et</strong></span> <span class='ocrx_word' id='word_1_245' title='bbox 1671 2988 1802 3052; x_wconf 88' lang='lat' dir='ltr'><strong>minime</strong></span> 
     </span>
     <span class='ocr_line' id='line_1_23' title="bbox 21 3081 1808 3190; baseline 0.003 -36"><span class='ocrx_word' id='word_1_246' title='bbox 21 3179 22 3190; x_wconf 10' lang='grc' dir='ltr'>ἵ</span> <span class='ocrx_word' id='word_1_247' title='bbox 129 3093 190 3155; x_wconf 86' lang='lat' dir='ltr'><strong>iam</strong></span> <span class='ocrx_word' id='word_1_248' title='bbox 216 3092 396 3156; x_wconf 90' lang='lat' dir='ltr'><strong>sentientes</strong></span> <span class='ocrx_word' id='word_1_249' title='bbox 430 3091 579 3177; x_wconf 87' lang='lat' dir='ltr'><strong>litigium,</strong></span> <span class='ocrx_word' id='word_1_250' title='bbox 604 3081 636 3155; x_wconf 81' lang='lat' dir='ltr'><strong>iii</strong></span> <span class='ocrx_word' id='word_1_251' title='bbox 661 3113 739 3178; x_wconf 91' lang='lat' dir='ltr'><strong>pace</strong></span> <span class='ocrx_word' id='word_1_252' title='bbox 763 3090 972 3156; x_wconf 85' lang='lat' dir='ltr'><strong>fraternitatis</strong></span> <span class='ocrx_word' id='word_1_253' title='bbox 1003 3101 1197 3173; x_wconf 85' lang='lat' dir='ltr'><strong>manserunt,</strong></span> <span class='ocrx_word' id='word_1_254' title='bbox 1223 3093 1422 3177; x_wconf 90' lang='lat' dir='ltr'><strong>empcionem</strong></span> <span class='ocrx_word' id='word_1_255' title='bbox 1454 3113 1544 3158; x_wconf 89' lang='lat' dir='ltr'><strong>suam</strong></span> <span class='ocrx_word' id='word_1_256' title='bbox 1573 3093 1709 3178; x_wconf 89' lang='lat' dir='ltr'><strong>piscium</strong></span> <span class='ocrx_word' id='word_1_257' title='bbox 1733 3091 1808 3159; x_wconf 89' lang='lat' dir='ltr'><strong>data</strong></span> 
     </span>
     <span class='ocr_line' id='line_1_24' title="bbox 21 3197 1806 3292; baseline 0.001 -28"><span class='ocrx_word' id='word_1_258' title='bbox 21 3235 23 3292; x_wconf 43' lang='grc' dir='ltr'>ᾖ</span> <span class='ocrx_word' id='word_1_259' title='bbox 129 3222 220 3264; x_wconf 87' lang='lat' dir='ltr'><strong>sacro</strong></span> <span class='ocrx_word' id='word_1_260' title='bbox 246 3205 367 3288; x_wconf 87' lang='lat' dir='ltr'><strong>quippe</strong></span> <span class='ocrx_word' id='word_1_261' title='bbox 385 3198 532 3263; x_wconf 89' lang='lat' dir='ltr'><strong>cenobio.</strong></span> <span class='ocrx_word' id='word_1_262' title='bbox 558 3197 636 3262; x_wconf 88' lang='lat' dir='ltr'><strong>Post</strong></span> <span class='ocrx_word' id='word_1_263' title='bbox 653 3197 825 3262; x_wconf 89' lang='lat' dir='ltr'><strong>multorum</strong></span> <span class='ocrx_word' id='word_1_264' title='bbox 846 3211 953 3264; x_wconf 88' lang='lat' dir='ltr'><strong>autem</strong></span> <span class='ocrx_word' id='word_1_265' title='bbox 971 3198 1130 3263; x_wconf 88' lang='lat' dir='ltr'><strong>curricula</strong></span> <span class='ocrx_word' id='word_1_266' title='bbox 1147 3221 1313 3282; x_wconf 86' lang='lat' dir='ltr'><strong>annorum,</strong></span> <span class='ocrx_word' id='word_1_267' title='bbox 1331 3197 1460 3285; x_wconf 88' lang='lat' dir='ltr'><strong>quando</strong></span> <span class='ocrx_word' id='word_1_268' title='bbox 1485 3201 1591 3265; x_wconf 88' lang='lat' dir='ltr'><strong>omnia</strong></span> <span class='ocrx_word' id='word_1_269' title='bbox 1614 3202 1678 3266; x_wconf 90' lang='lat' dir='ltr'><strong>iam</strong></span> <span class='ocrx_word' id='word_1_270' title='bbox 1700 3200 1806 3266; x_wconf 84' lang='lat' dir='ltr'><strong>diruta</strong></span> 
     </span>
    </p>
   </div>
   <div class='ocr_carea' id='block_1_9' title="bbox 21 3295 1810 3498">
    <p class='ocr_par' dir='ltr' id='par_1_9' title="bbox 21 3295 1810 3498">
     <span class='ocr_line' id='line_1_25' title="bbox 21 3295 1810 3394; baseline 0.002 -25"><span class='ocrx_word' id='word_1_271' title='bbox 21 3295 22 3320; x_wconf 57' lang='lat'>¹</span> <span class='ocrx_word' id='word_1_272' title='bbox 130 3305 260 3370; x_wconf 87' lang='lat' dir='ltr'><strong>fuerant</strong></span> <span class='ocrx_word' id='word_1_273' title='bbox 284 3327 410 3392; x_wconf 85' lang='lat' dir='ltr'><strong>queque</strong></span> <span class='ocrx_word' id='word_1_274' title='bbox 433 3303 525 3370; x_wconf 88' lang='lat' dir='ltr'><strong>utilia</strong></span> <span class='ocrx_word' id='word_1_275' title='bbox 541 3315 633 3369; x_wconf 89' lang='lat' dir='ltr'><strong>erant</strong></span> <span class='ocrx_word' id='word_1_276' title='bbox 657 3315 690 3369; x_wconf 91' lang='lat' dir='ltr'><strong>et</strong></span> <span class='ocrx_word' id='word_1_277' title='bbox 711 3327 877 3370; x_wconf 89' lang='lat' dir='ltr'><strong>seruorum</strong></span> <span class='ocrx_word' id='word_1_278' title='bbox 897 3303 950 3370; x_wconf 91' lang='lat' dir='ltr'><strong>dei</strong></span> <span class='ocrx_word' id='word_1_279' title='bbox 975 3305 1180 3391; x_wconf 88' lang='lat' dir='ltr'><strong>pertinencia,</strong></span> <span class='ocrx_word' id='word_1_280' title='bbox 1204 3313 1348 3392; x_wconf 88' lang='lat' dir='ltr'><strong>tempore</strong></span> <span class='ocrx_word' id='word_1_281' title='bbox 1372 3303 1544 3389; x_wconf 71' lang='lat' dir='ltr'><strong>(landonis,</strong></span> <span class='ocrx_word' id='word_1_282' title='bbox 1569 3307 1683 3374; x_wconf 84' lang='lat' dir='ltr'><strong>iterum</strong></span> <span class='ocrx_word' id='word_1_283' title='bbox 1708 3309 1810 3394; x_wconf 88' lang='lat' dir='ltr'><strong>pisca-</strong></span> 
     </span>
     <span class='ocr_line' id='line_1_26' title="bbox 129 3410 1805 3498; baseline 0.002 -21.818"><span class='ocrx_word' id='word_1_284' title='bbox 129 3425 214 3476; x_wconf 87' lang='lat' dir='ltr'><strong>tores</strong></span> <span class='ocrx_word' id='word_1_285' title='bbox 237 3412 281 3476; x_wconf 89' lang='lat' dir='ltr'><strong>ad</strong></span> <span class='ocrx_word' id='word_1_286' title='bbox 306 3413 467 3478; x_wconf 89' lang='lat' dir='ltr'><strong>sinistram</strong></span> <span class='ocrx_word' id='word_1_287' title='bbox 492 3411 670 3494; x_wconf 89' lang='lat' dir='ltr'><strong>tendentes,</strong></span> <span class='ocrx_word' id='word_1_288' title='bbox 688 3410 918 3477; x_wconf 86' lang='lat' dir='ltr'><strong>machinabant</strong></span> <span class='ocrx_word' id='word_1_289' title='bbox 940 3411 1067 3476; x_wconf 84' lang='lat' dir='ltr'><strong>anferre</strong></span> <span class='ocrx_word' id='word_1_290' title='bbox 1091 3419 1238 3498; x_wconf 88' lang='lat' dir='ltr'><strong>quartam</strong></span> <span class='ocrx_word' id='word_1_291' title='bbox 1263 3421 1386 3496; x_wconf 86' lang='lat' dir='ltr'><strong>partem</strong></span> <span class='ocrx_word' id='word_1_292' title='bbox 1410 3411 1504 3476; x_wconf 86' lang='lat' dir='ltr'><strong>vallis</strong></span> <span class='ocrx_word' id='word_1_293' title='bbox 1528 3415 1629 3476; x_wconf 86' lang='lat' dir='ltr'><strong>sancti</strong></span> <span class='ocrx_word' id='word_1_294' title='bbox 1655 3413 1805 3498; x_wconf 84' lang='lat' dir='ltr'><strong>Victoris,</strong></span> 
     </span>
    </p>
   </div>
   <div class='ocr_carea' id='block_1_10' title="bbox 21 3515 1812 4034">
    <p class='ocr_par' dir='ltr' id='par_1_10' title="bbox 21 3515 1812 4034">
     <span class='ocr_line' id='line_1_27' title="bbox 129 3515 1804 3606; baseline 0.001 -23"><span class='ocrx_word' id='word_1_295' title='bbox 129 3519 318 3601; x_wconf 89' lang='lat' dir='ltr'><strong>adicientes,</strong></span> <span class='ocrx_word' id='word_1_296' title='bbox 341 3517 427 3606; x_wconf 92' lang='lat' dir='ltr'><strong>quod</strong></span> <span class='ocrx_word' id='word_1_297' title='bbox 451 3517 491 3582; x_wconf 89' lang='lat' dir='ltr'><strong>de</strong></span> <span class='ocrx_word' id='word_1_298' title='bbox 513 3517 581 3582; x_wconf 89' lang='lat' dir='ltr'><strong>sola</strong></span> <span class='ocrx_word' id='word_1_299' title='bbox 599 3517 719 3582; x_wconf 83' lang='lat' dir='ltr'><strong>Malata</strong></span> <span class='ocrx_word' id='word_1_300' title='bbox 735 3527 880 3604; x_wconf 85' lang='lat' dir='ltr'><strong>quartam</strong></span> <span class='ocrx_word' id='word_1_301' title='bbox 902 3517 1050 3583; x_wconf 88' lang='lat' dir='ltr'><strong>dedimus</strong></span> <span class='ocrx_word' id='word_1_302' title='bbox 1074 3527 1207 3604; x_wconf 88' lang='lat' dir='ltr'><strong>partem,</strong></span> <span class='ocrx_word' id='word_1_303' title='bbox 1230 3515 1325 3582; x_wconf 89' lang='lat' dir='ltr'><strong>Unde</strong></span> <span class='ocrx_word' id='word_1_304' title='bbox 1349 3541 1448 3604; x_wconf 86' lang='lat' dir='ltr'><strong>paruo</strong></span> <span class='ocrx_word' id='word_1_305' title='bbox 1473 3517 1641 3583; x_wconf 88' lang='lat' dir='ltr'><strong>interuallo</strong></span> <span class='ocrx_word' id='word_1_306' title='bbox 1666 3519 1804 3603; x_wconf 92' lang='lat' dir='ltr'><strong>euoluto,</strong></span> 
     </span>
     <span class='ocr_line' id='line_1_28' title="bbox 128 3621 1812 3712; baseline 0.001 -23"><span class='ocrx_word' id='word_1_307' title='bbox 128 3623 297 3711; x_wconf 84' lang='lat' dir='ltr'><strong>Dragonis</strong></span> <span class='ocrx_word' id='word_1_308' title='bbox 321 3621 514 3688; x_wconf 90' lang='lat' dir='ltr'><strong>nobilissimi</strong></span> <span class='ocrx_word' id='word_1_309' title='bbox 539 3624 656 3710; x_wconf 90' lang='lat' dir='ltr'><strong>prioris</strong></span> <span class='ocrx_word' id='word_1_310' title='bbox 675 3623 735 3690; x_wconf 91' lang='lat' dir='ltr'><strong>sub</strong></span> <span class='ocrx_word' id='word_1_311' title='bbox 751 3633 905 3710; x_wconf 87' lang='lat' dir='ltr'><strong>tempore,</strong></span> <span class='ocrx_word' id='word_1_312' title='bbox 921 3623 1076 3689; x_wconf 89' lang='lat' dir='ltr'><strong>iudicium</strong></span> <span class='ocrx_word' id='word_1_313' title='bbox 1095 3625 1180 3689; x_wconf 89' lang='lat' dir='ltr'><strong>inter</strong></span> <span class='ocrx_word' id='word_1_314' title='bbox 1203 3645 1259 3688; x_wconf 91' lang='lat' dir='ltr'><strong>eos</strong></span> <span class='ocrx_word' id='word_1_315' title='bbox 1282 3623 1351 3706; x_wconf 86' lang='lat' dir='ltr'><strong>fuit,</strong></span> <span class='ocrx_word' id='word_1_316' title='bbox 1375 3623 1577 3711; x_wconf 81' lang='lat' dir='ltr'><strong>quoequalis</strong></span> <span class='ocrx_word' id='word_1_317' title='bbox 1601 3647 1675 3712; x_wconf 87' lang='lat' dir='ltr'><strong>pars</strong></span> <span class='ocrx_word' id='word_1_318' title='bbox 1699 3627 1812 3691; x_wconf 91' lang='lat' dir='ltr'><strong>iustior</strong></span> 
     </span>
     <span class='ocr_line' id='line_1_29' title="bbox 130 3729 1810 3818; baseline -0.001 -21"><span class='ocrx_word' id='word_1_319' title='bbox 130 3743 223 3798; x_wconf 85' lang='lat' dir='ltr'><strong>esset.</strong></span> <span class='ocrx_word' id='word_1_320' title='bbox 255 3729 372 3796; x_wconf 88' lang='lat' dir='ltr'><strong>Statim</strong></span> <span class='ocrx_word' id='word_1_321' title='bbox 404 3729 560 3795; x_wconf 86' lang='lat' dir='ltr'><strong>inflamati</strong></span> <span class='ocrx_word' id='word_1_322' title='bbox 593 3731 709 3816; x_wconf 87' lang='lat' dir='ltr'><strong>spiritu</strong></span> <span class='ocrx_word' id='word_1_323' title='bbox 742 3753 899 3818; x_wconf 88' lang='lat' dir='ltr'><strong>nequam,</strong></span> <span class='ocrx_word' id='word_1_324' title='bbox 931 3730 1097 3796; x_wconf 90' lang='lat' dir='ltr'><strong>monachis</strong></span> <span class='ocrx_word' id='word_1_325' title='bbox 1129 3740 1364 3796; x_wconf 83' lang='lat' dir='ltr'><strong>sacramentum</strong></span> <span class='ocrx_word' id='word_1_326' title='bbox 1397 3730 1564 3814; x_wconf 89' lang='lat' dir='ltr'><strong>dederunt,</strong></span> <span class='ocrx_word' id='word_1_327' title='bbox 1596 3735 1743 3818; x_wconf 90' lang='lat' dir='ltr'><strong>quamuis</strong></span> <span class='ocrx_word' id='word_1_328' title='bbox 1775 3755 1810 3796; x_wconf 90' lang='lat' dir='ltr'><strong>se</strong></span> 
     </span>
     <span class='ocr_line' id='line_1_30' title="bbox 130 3836 1808 3925; baseline -0.001 -21"><span class='ocrx_word' id='word_1_329' title='bbox 130 3841 264 3904; x_wconf 87' lang='lat' dir='ltr'><strong>nimium</strong></span> <span class='ocrx_word' id='word_1_330' title='bbox 298 3839 478 3925; x_wconf 83' lang='lat' dir='ltr'><strong>penitentes</strong></span> <span class='ocrx_word' id='word_1_331' title='bbox 508 3839 614 3922; x_wconf 87' lang='lat' dir='ltr'><strong>egisse</strong></span> <span class='ocrx_word' id='word_1_332' title='bbox 648 3836 731 3902; x_wconf 86' lang='lat' dir='ltr'><strong>talia.</strong></span> <span class='ocrx_word' id='word_1_333' title='bbox 762 3838 851 3903; x_wconf 92' lang='lat' dir='ltr'><strong>Inter</strong></span> <span class='ocrx_word' id='word_1_334' title='bbox 882 3837 942 3904; x_wconf 89' lang='lat' dir='ltr'><strong>hec</strong></span> <span class='ocrx_word' id='word_1_335' title='bbox 964 3839 1055 3904; x_wconf 87' lang='lat' dir='ltr'><strong>affuit</strong></span> <span class='ocrx_word' id='word_1_336' title='bbox 1086 3837 1267 3925; x_wconf 80' lang='lat' dir='ltr'><strong>Stephanus</strong></span> <span class='ocrx_word' id='word_1_337' title='bbox 1299 3837 1476 3902; x_wconf 87' lang='lat' dir='ltr'><strong>iadereusis</strong></span> <span class='ocrx_word' id='word_1_338' title='bbox 1497 3837 1614 3925; x_wconf 90' lang='lat' dir='ltr'><strong>presul,</strong></span> <span class='ocrx_word' id='word_1_339' title='bbox 1649 3862 1712 3903; x_wconf 93' lang='lat' dir='ltr'><strong>una</strong></span> <span class='ocrx_word' id='word_1_340' title='bbox 1736 3861 1808 3904; x_wconf 90' lang='lat' dir='ltr'><strong>cum</strong></span> 
     </span>
     <span class='ocr_line' id='line_1_31' title="bbox 21 3941 1810 4034; baseline 0 -24"><span class='ocrx_word' id='word_1_341' title='bbox 21 4021 23 4034; x_wconf 57' lang='lat'><strong>,</strong></span> <span class='ocrx_word' id='word_1_342' title='bbox 130 3945 242 4032; x_wconf 82' lang='lat' dir='ltr'><strong>Draga</strong></span> <span class='ocrx_word' id='word_1_343' title='bbox 268 3949 375 4032; x_wconf 88' lang='lat' dir='ltr'><strong>priore</strong></span> <span class='ocrx_word' id='word_1_344' title='bbox 399 3953 431 4010; x_wconf 90' lang='lat' dir='ltr'><strong>et</strong></span> <span class='ocrx_word' id='word_1_345' title='bbox 452 3943 612 4010; x_wconf 87' lang='lat' dir='ltr'><strong>Maiiredo</strong></span> <span class='ocrx_word' id='word_1_346' title='bbox 636 3944 792 4009; x_wconf 90' lang='lat' dir='ltr'><strong>aduocato</strong></span> <span class='ocrx_word' id='word_1_347' title='bbox 814 3955 913 4010; x_wconf 88' lang='lat' dir='ltr'><strong>testes</strong></span> <span class='ocrx_word' id='word_1_348' title='bbox 937 3957 970 4010; x_wconf 91' lang='lat' dir='ltr'><strong>et</strong></span> <span class='ocrx_word' id='word_1_349' title='bbox 993 3967 1105 4010; x_wconf 91' lang='lat' dir='ltr'><strong>omnes</strong></span> <span class='ocrx_word' id='word_1_350' title='bbox 1142 3943 1266 4010; x_wconf 88' lang='lat' dir='ltr'><strong>nobiles</strong></span> <span class='ocrx_word' id='word_1_351' title='bbox 1290 3941 1399 4010; x_wconf 79' lang='lat' dir='ltr'><strong>nostre&#39;</strong></span> <span class='ocrx_word' id='word_1_352' title='bbox 1421 3943 1521 4010; x_wconf 91' lang='lat' dir='ltr'><strong>urbis.</strong></span> <span class='ocrx_word' id='word_1_353' title='bbox 1547 3943 1591 4009; x_wconf 83' lang='lat' dir='ltr'><strong>Et</strong></span> <span class='ocrx_word' id='word_1_354' title='bbox 1615 3965 1676 4030; x_wconf 87' lang='lat' dir='ltr'><strong>ego</strong></span> <span class='ocrx_word' id='word_1_355' title='bbox 1697 3944 1810 4010; x_wconf 91' lang='lat' dir='ltr'><strong>Domi·</strong></span> 
     </span>
    </p>
   </div>
   <div class='ocr_carea' id='block_1_11' title="bbox 21 4049 1472 4144">
    <p class='ocr_par' dir='ltr' id='par_1_11' title="bbox 21 4049 1472 4144">
     <span class='ocr_line' id='line_1_32' title="bbox 21 4049 1472 4144; baseline 0.004 -34"><span class='ocrx_word' id='word_1_356' title='bbox 21 4053 23 4110; x_wconf 80' lang='lat' dir='ltr'><strong>l</strong></span> <span class='ocrx_word' id='word_1_357' title='bbox 131 4054 220 4116; x_wconf 90' lang='lat' dir='ltr'><strong>nicus</strong></span> <span class='ocrx_word' id='word_1_358' title='bbox 245 4050 416 4138; x_wconf 87' lang='lat' dir='ltr'><strong>presbyter</strong></span> <span class='ocrx_word' id='word_1_359' title='bbox 438 4059 569 4136; x_wconf 83' lang='lat' dir='ltr'><strong>rogatus</strong></span> <span class='ocrx_word' id='word_1_360' title='bbox 593 4049 634 4116; x_wconf 89' lang='lat' dir='ltr'><strong>ab</strong></span> <span class='ocrx_word' id='word_1_361' title='bbox 663 4049 822 4132; x_wconf 90' lang='lat' dir='ltr'><strong>omuibus,</strong></span> <span class='ocrx_word' id='word_1_362' title='bbox 847 4055 977 4138; x_wconf 87' lang='lat' dir='ltr'><strong>propria</strong></span> <span class='ocrx_word' id='word_1_363' title='bbox 1000 4073 1098 4117; x_wconf 90' lang='lat' dir='ltr'><strong>manu</strong></span> <span class='ocrx_word' id='word_1_364' title='bbox 1121 4051 1237 4144; x_wconf 80' lang='lat' dir='ltr'><strong>scripsi</strong></span> <span class='ocrx_word' id='word_1_365' title='bbox 1258 4059 1289 4115; x_wconf 91' lang='lat' dir='ltr'><strong>et</strong></span> <span class='ocrx_word' id='word_1_366' title='bbox 1312 4050 1472 4118; x_wconf 87' lang='lat' dir='ltr'><strong>roboraui.</strong></span> 
     </span>
    </p>
   </div>
   <div class='ocr_carea' id='block_1_12' title="bbox 217 4187 1438 4283">
    <p class='ocr_par' dir='ltr' id='par_1_12' title="bbox 217 4187 1438 4283">
     <span class='ocr_line' id='line_1_33' title="bbox 217 4187 1438 4283; baseline -0.002 -35"><span class='ocrx_word' id='word_1_367' title='bbox 217 4275 221 4283; x_wconf 35' lang='grc' dir='ltr'>Ι</span> <span class='ocrx_word' id='word_1_368' title='bbox 291 4193 319 4248; x_wconf 84' lang='lat' dir='ltr'><strong>la</strong></span> <span class='ocrx_word' id='word_1_369' title='bbox 339 4191 443 4272; x_wconf 79' lang='lat' dir='ltr'><strong>guber.</strong></span> <span class='ocrx_word' id='word_1_370' title='bbox 467 4189 566 4248; x_wconf 80' lang='lat' dir='ltr'><strong>arkira</strong></span> <span class='ocrx_word' id='word_1_371' title='bbox 588 4210 607 4246; x_wconf 92' lang='lat' dir='ltr'><strong>u</strong></span> <span class='ocrx_word' id='word_1_372' title='bbox 629 4190 730 4247; x_wconf 82' lang='lat' dir='ltr'><strong>Zadru.</strong></span> <span class='ocrx_word' id='word_1_373' title='bbox 754 4187 860 4263; x_wconf 74' lang='lat' dir='ltr'><strong>Rasnji</strong></span> <span class='ocrx_word' id='word_1_374' title='bbox 887 4193 991 4272; x_wconf 86' lang='lat' dir='ltr'><strong>prepis.</strong></span> <span class='ocrx_word' id='word_1_375' title='bbox 1016 4190 1086 4272; x_wconf 80' lang='lat' dir='ltr'><strong>Cap.</strong></span> <span class='ocrx_word' id='word_1_376' title='bbox 1111 4190 1134 4248; x_wconf 93' lang='lat'><strong>1.</strong></span> <span class='ocrx_word' id='word_1_377' title='bbox 1157 4189 1253 4248; x_wconf 86' lang='lat' dir='ltr'><strong>Masso</strong></span> <span class='ocrx_word' id='word_1_378' title='bbox 1276 4190 1312 4245; x_wconf 89' lang='lat' dir='ltr'><strong>H.</strong></span> <span class='ocrx_word' id='word_1_379' title='bbox 1336 4191 1385 4248; x_wconf 65' lang='grc' dir='ltr'><strong>Νι.</strong></span> <span class='ocrx_word' id='word_1_380' title='bbox 1411 4189 1438 4245; x_wconf 79' lang='lat' dir='ltr'><strong>l.</strong></span> 
     </span>
    </p>
   </div>
   <div class='ocr_carea' id='block_1_13' title="bbox 702 4449 1257 4552">
    <p class='ocr_par' dir='ltr' id='par_1_13' title="bbox 702 4449 1257 4552">
     <span class='ocr_line' id='line_1_34' title="bbox 702 4449 1257 4552; baseline -0.011 -18"><span class='ocrx_word' id='word_1_381' title='bbox 702 4449 933 4536; x_wconf 74' lang='lat' dir='ltr'><strong>cnxxlx.</strong></span> <span class='ocrx_word' id='word_1_382' title='bbox 962 4451 1052 4536; x_wconf 73' lang='lat' dir='ltr'><strong>illic</strong></span> <span class='ocrx_word' id='word_1_383' title='bbox 1079 4473 1118 4552; x_wconf 81' lang='lat' dir='ltr'><strong>g.</strong></span> <span class='ocrx_word' id='word_1_384' title='bbox 1145 4450 1257 4536; x_wconf 75' lang='lat'><strong>1073.</strong></span> 
     </span>
    </p>
   </div>
   <div class='ocr_carea' id='block_1_14' title="bbox 133 4613 1809 4798">
    <p class='ocr_par' dir='ltr' id='par_1_14' title="bbox 133 4613 1809 4798">
     <span class='ocr_line' id='line_1_35' title="bbox 133 4613 1809 4694; baseline 0.003 -19"><span class='ocrx_word' id='word_1_385' title='bbox 133 4613 243 4690; x_wconf 59' lang='lat' dir='ltr'><strong>Aprem</strong></span> <span class='ocrx_word' id='word_1_386' title='bbox 260 4615 455 4676; x_wconf 75' lang='lat' dir='ltr'><strong>Sotolartstit</strong></span> <span class='ocrx_word' id='word_1_387' title='bbox 471 4615 478 4650; x_wconf 90' lang='lat'><strong>¹</strong></span> <span class='ocrx_word' id='word_1_388' title='bbox 502 4616 609 4690; x_wconf 78' lang='lat' dir='ltr'><strong>doraja</strong></span> <span class='ocrx_word' id='word_1_389' title='bbox 624 4621 798 4676; x_wconf 81' lang='lat' dir='ltr'><strong>aomostoau</strong></span> <span class='ocrx_word' id='word_1_390' title='bbox 812 4633 854 4676; x_wconf 85' lang='lat' dir='ltr'><strong>su.</strong></span> <span class='ocrx_word' id='word_1_391' title='bbox 874 4615 973 4676; x_wconf 82' lang='lat' dir='ltr'><strong>loona</strong></span> <span class='ocrx_word' id='word_1_392' title='bbox 992 4615 1180 4690; x_wconf 76' lang='lat' dir='ltr'><strong>eoanpjeltste</strong></span> <span class='ocrx_word' id='word_1_393' title='bbox 1201 4633 1223 4673; x_wconf 79' lang='lat' dir='ltr'><strong>a</strong></span> <span class='ocrx_word' id='word_1_394' title='bbox 1245 4613 1397 4689; x_wconf 74' lang='lat' dir='ltr'><strong>Balyradu</strong></span> <span class='ocrx_word' id='word_1_395' title='bbox 1409 4617 1493 4689; x_wconf 63' lang='lat' dir='ltr'><strong>semu</strong></span> <span class='ocrx_word' id='word_1_396' title='bbox 1508 4617 1614 4691; x_wconf 70' lang='lat' dir='ltr'><strong>aernlyu</strong></span> <span class='ocrx_word' id='word_1_397' title='bbox 1626 4635 1647 4678; x_wconf 83' lang='lat' dir='ltr'><strong>u</strong></span> <span class='ocrx_word' id='word_1_398' title='bbox 1662 4618 1809 4694; x_wconf 73' lang='lat' dir='ltr'><strong>Jettanrn,</strong></span> 
     </span>
     <span class='ocr_line' id='line_1_36' title="bbox 480 4721 1476 4798; baseline 0 -15"><span class='ocrx_word' id='word_1_399' title='bbox 480 4722 525 4783; x_wconf 72' lang='lat' dir='ltr'><strong>sn</strong></span> <span class='ocrx_word' id='word_1_400' title='bbox 541 4724 581 4798; x_wconf 78' lang='lat' dir='ltr'><strong>ju</strong></span> <span class='ocrx_word' id='word_1_401' title='bbox 599 4723 666 4783; x_wconf 73' lang='lat' dir='ltr'><strong>doti</strong></span> <span class='ocrx_word' id='word_1_402' title='bbox 688 4741 731 4783; x_wconf 80' lang='lat' dir='ltr'><strong>aa</strong></span> <span class='ocrx_word' id='word_1_403' title='bbox 753 4725 811 4782; x_wconf 81' lang='lat' dir='ltr'><strong>dor</strong></span> <span class='ocrx_word' id='word_1_404' title='bbox 833 4723 870 4782; x_wconf 84' lang='lat' dir='ltr'><strong>od</strong></span> <span class='ocrx_word' id='word_1_405' title='bbox 892 4723 1071 4796; x_wconf 76' lang='lat' dir='ltr'><strong>hrvatsltoya</strong></span> <span class='ocrx_word' id='word_1_406' title='bbox 1093 4721 1194 4795; x_wconf 66' lang='lat' dir='ltr'><strong>trulla</strong></span> <span class='ocrx_word' id='word_1_407' title='bbox 1218 4721 1385 4781; x_wconf 80' lang='lat' dir='ltr'><strong>Kresimt&#39;ro</strong></span> <span class='ocrx_word' id='word_1_408' title='bbox 1417 4723 1437 4781; x_wconf 91' lang='lat'><em>1</em></span> <span class='ocrx_word' id='word_1_409' title='bbox 1444 4721 1476 4783; x_wconf 86' lang='lat' dir='ltr'><strong>V.</strong></span> 
     </span>
    </p>
   </div>
   <div class='ocr_carea' id='block_1_15' title="bbox 606 4856 1354 4948">
    <p class='ocr_par' dir='ltr' id='par_1_15' title="bbox 606 4856 1354 4948">
     <span class='ocr_line' id='line_1_37' title="bbox 606 4856 1354 4948; baseline -0.001 -24"><span class='ocrx_word' id='word_1_410' title='bbox 606 4860 656 4927; x_wconf 87' lang='lat' dir='ltr'><strong>De</strong></span> <span class='ocrx_word' id='word_1_411' title='bbox 679 4863 772 4926; x_wconf 87' lang='lat' dir='ltr'><strong>terris</strong></span> <span class='ocrx_word' id='word_1_412' title='bbox 796 4882 876 4948; x_wconf 89' lang='lat' dir='ltr'><strong>quas</strong></span> <span class='ocrx_word' id='word_1_413' title='bbox 900 4858 1020 4946; x_wconf 82' lang='lat' dir='ltr'><strong>Apriao</strong></span> <span class='ocrx_word' id='word_1_414' title='bbox 1044 4856 1133 4923; x_wconf 91' lang='lat' dir='ltr'><strong>dedit</strong></span> <span class='ocrx_word' id='word_1_415' title='bbox 1156 4859 1188 4924; x_wconf 93' lang='lat' dir='ltr'><strong>in</strong></span> <span class='ocrx_word' id='word_1_416' title='bbox 1208 4857 1354 4925; x_wconf 65' lang='lat' dir='ltr'><strong>Elzanh</strong></span> 
     </span>
    </p>
   </div>
   <div class='ocr_carea' id='block_1_16' title="bbox 135 5001 1807 5304">
    <p class='ocr_par' dir='ltr' id='par_1_16' title="bbox 135 5001 1807 5304">
     <span class='ocr_line' id='line_1_38' title="bbox 291 5001 1804 5093; baseline -0.002 -22"><span class='ocrx_word' id='word_1_417' title='bbox 291 5005 412 5093; x_wconf 83' lang='lat' dir='ltr'><strong>Apriao</strong></span> <span class='ocrx_word' id='word_1_418' title='bbox 444 5004 671 5072; x_wconf 87' lang='lat' dir='ltr'><strong>Socalaristich</strong></span> <span class='ocrx_word' id='word_1_419' title='bbox 703 5027 760 5092; x_wconf 94' lang='lat' dir='ltr'><strong>pro</strong></span> <span class='ocrx_word' id='word_1_420' title='bbox 791 5014 902 5072; x_wconf 86' lang='lat' dir='ltr'><strong>eterna</strong></span> <span class='ocrx_word' id='word_1_421' title='bbox 929 5001 1032 5088; x_wconf 84' lang='lat' dir='ltr'><strong>gloria</strong></span> <span class='ocrx_word' id='word_1_422' title='bbox 1068 5002 1228 5067; x_wconf 88' lang='lat' dir='ltr'><strong>concessit</strong></span> <span class='ocrx_word' id='word_1_423' title='bbox 1259 5001 1364 5067; x_wconf 90' lang='lat' dir='ltr'><strong>eidem</strong></span> <span class='ocrx_word' id='word_1_424' title='bbox 1396 5003 1591 5068; x_wconf 88' lang='lat' dir='ltr'><strong>monasterio</strong></span> <span class='ocrx_word' id='word_1_425' title='bbox 1623 5013 1738 5068; x_wconf 87' lang='lat' dir='ltr'><strong>terram</strong></span> <span class='ocrx_word' id='word_1_426' title='bbox 1771 5006 1804 5068; x_wconf 93' lang='lat' dir='ltr'><strong>in</strong></span> 
     </span>
     <span class='ocr_line' id='line_1_39' title="bbox 135 5105 1806 5196; baseline -0.001 -20"><span class='ocrx_word' id='word_1_427' title='bbox 135 5109 257 5196; x_wconf 81' lang='lat' dir='ltr'><strong>Elaani,</strong></span> <span class='ocrx_word' id='word_1_428' title='bbox 282 5111 508 5178; x_wconf 82' lang='lat' dir='ltr'><strong>testibushis:</strong></span> <span class='ocrx_word' id='word_1_429' title='bbox 533 5109 697 5176; x_wconf 85' lang='lat' dir='ltr'><strong>Radoslav</strong></span> <span class='ocrx_word' id='word_1_430' title='bbox 723 5111 868 5194; x_wconf 85' lang='lat' dir='ltr'><strong>Liesizai,</strong></span> <span class='ocrx_word' id='word_1_431' title='bbox 900 5108 1012 5178; x_wconf 79' lang='lat' dir='ltr'><strong>Musas</strong></span> <span class='ocrx_word' id='word_1_432' title='bbox 1036 5119 1067 5174; x_wconf 90' lang='lat' dir='ltr'><strong>et</strong></span> <span class='ocrx_word' id='word_1_433' title='bbox 1090 5107 1253 5195; x_wconf 89' lang='lat' dir='ltr'><strong>Stephano</strong></span> <span class='ocrx_word' id='word_1_434' title='bbox 1277 5107 1375 5172; x_wconf 82' lang='lat' dir='ltr'><strong>fratre</strong></span> <span class='ocrx_word' id='word_1_435' title='bbox 1411 5105 1573 5191; x_wconf 86' lang='lat' dir='ltr'><strong>Radoslai,</strong></span> <span class='ocrx_word' id='word_1_436' title='bbox 1606 5119 1639 5172; x_wconf 92' lang='lat' dir='ltr'><strong>et</strong></span> <span class='ocrx_word' id='word_1_437' title='bbox 1661 5108 1723 5174; x_wconf 89' lang='lat' dir='ltr'><strong>hoo</strong></span> <span class='ocrx_word' id='word_1_438' title='bbox 1746 5111 1806 5174; x_wconf 88' lang='lat' dir='ltr'><strong>sub</strong></span> 
     </span>
     <span class='ocr_line' id='line_1_40' title="bbox 137 5212 1807 5304; baseline -0.001 -24"><span class='ocrx_word' id='word_1_439' title='bbox 137 5214 220 5282; x_wconf 91' lang='lat' dir='ltr'><strong>Petri</strong></span> <span class='ocrx_word' id='word_1_440' title='bbox 243 5217 372 5284; x_wconf 89' lang='lat' dir='ltr'><strong>abbatis</strong></span> <span class='ocrx_word' id='word_1_441' title='bbox 395 5229 548 5304; x_wconf 87' lang='lat' dir='ltr'><strong>tempore.</strong></span> <span class='ocrx_word' id='word_1_442' title='bbox 580 5215 704 5284; x_wconf 88' lang='lat' dir='ltr'><strong>Habuit</strong></span> <span class='ocrx_word' id='word_1_443' title='bbox 737 5226 843 5281; x_wconf 90' lang='lat' dir='ltr'><strong>autem</strong></span> <span class='ocrx_word' id='word_1_444' title='bbox 875 5215 995 5301; x_wconf 84' lang='lat' dir='ltr'><strong>Apriao</strong></span> <span class='ocrx_word' id='word_1_445' title='bbox 1020 5213 1102 5280; x_wconf 90' lang='lat' dir='ltr'><strong>hanc</strong></span> <span class='ocrx_word' id='word_1_446' title='bbox 1122 5225 1240 5280; x_wconf 90' lang='lat' dir='ltr'><strong>terram</strong></span> <span class='ocrx_word' id='word_1_447' title='bbox 1265 5217 1319 5278; x_wconf 88' lang='lat' dir='ltr'><strong>tali</strong></span> <span class='ocrx_word' id='word_1_448' title='bbox 1347 5212 1474 5279; x_wconf 88' lang='lat' dir='ltr'><strong>ordine:</strong></span> <span class='ocrx_word' id='word_1_449' title='bbox 1508 5213 1647 5300; x_wconf 88' lang='lat' dir='ltr'><strong>quadam</strong></span> <span class='ocrx_word' id='word_1_450' title='bbox 1679 5214 1731 5280; x_wconf 90' lang='lat' dir='ltr'><strong>die</strong></span> <span class='ocrx_word' id='word_1_451' title='bbox 1755 5213 1807 5282; x_wconf 91' lang='lat' dir='ltr'><strong>hic</strong></span> 
     </span>
    </p>
   </div>
   <div class='ocr_carea' id='block_1_17' title="bbox 139 5360 397 5373">
    <p class='ocr_par' dir='ltr' id='par_1_17' title="bbox 139 5360 397 5373">
     <span class='ocr_line' id='line_1_41' title="bbox 139 5360 397 5373; baseline 0.008 -2"><span class='ocrx_word' id='word_1_452' title='bbox 139 5360 397 5373; x_wconf 70' lang='grc' dir='ltr'><strong>-ιι--ι-ιυ--ι-</strong></span> 
     </span>
    </p>
   </div>
   <div class='ocr_carea' id='block_1_18' title="bbox 243 5409 1707 5558">
    <p class='ocr_par' dir='ltr' id='par_1_18' title="bbox 243 5409 1707 5558">
     <span class='ocr_line' id='line_1_42' title="bbox 243 5409 1352 5496; baseline -0.012 -16"><span class='ocrx_word' id='word_1_453' title='bbox 243 5417 340 5496; x_wconf 83' lang='lat' dir='ltr'><strong>¹0raj</strong></span> <span class='ocrx_word' id='word_1_454' title='bbox 364 5423 453 5480; x_wconf 80' lang='lat' dir='ltr'><strong>Peter</strong></span> <span class='ocrx_word' id='word_1_455' title='bbox 475 5413 662 5480; x_wconf 78' lang='lat' dir='ltr'><strong>Sokolsristiti</strong></span> <span class='ocrx_word' id='word_1_456' title='bbox 683 5418 826 5492; x_wconf 88' lang='lat' dir='ltr'><strong>epominje</strong></span> <span class='ocrx_word' id='word_1_457' title='bbox 849 5437 879 5475; x_wconf 90' lang='lat' dir='ltr'><strong>ee</strong></span> <span class='ocrx_word' id='word_1_458' title='bbox 901 5436 920 5474; x_wconf 88' lang='lat' dir='ltr'><strong>u</strong></span> <span class='ocrx_word' id='word_1_459' title='bbox 943 5409 1033 5476; x_wconf 90' lang='lat' dir='ltr'><strong>listini</strong></span> <span class='ocrx_word' id='word_1_460' title='bbox 1058 5417 1113 5488; x_wconf 87' lang='lat' dir='ltr'><strong>ped</strong></span> <span class='ocrx_word' id='word_1_461' title='bbox 1137 5417 1179 5472; x_wconf 87' lang='lat' dir='ltr'><strong>br.</strong></span> <span class='ocrx_word' id='word_1_462' title='bbox 1202 5434 1230 5488; x_wconf 81' lang='lat' dir='ltr'><strong>g.</strong></span> <span class='ocrx_word' id='word_1_463' title='bbox 1258 5413 1352 5474; x_wconf 68' lang='lat'>1070.</span> 
     </span>
     <span class='ocr_line' id='line_1_43' title="bbox 1688 5515 1707 5558; baseline 0 -3"><span class='ocrx_word' id='word_1_464' title='bbox 1688 5515 1707 5558; x_wconf 71' lang='lat' dir='ltr'><strong>a</strong></span> 
     </span>
    </p>
   </div>
   <div class='ocr_carea' id='block_1_19' title="bbox 0 0 2160 5908">
    <p class='ocr_par' dir='ltr' id='par_1_19' title="bbox 0 0 2160 5908">
     <span class='ocr_line' id='line_1_44' title="bbox 0 0 2160 5908; baseline 0 0"><span class='ocrx_word' id='word_1_465' title='bbox 0 0 2160 5908; x_wconf 95' lang='lat' dir='ltr'><strong> </strong></span> 
     </span>
    </p>
   </div>
  </div>
 </body>
</html>
