4350 5932
312 372 353 436 12

306 584 390 649 quae
413 565 507 630 nobis
531 565 722 652 corrigenda
740 574 816 632 sunt
834 575 989 650 tacemus,
1009 565 1103 630 valde
1120 563 1346 652 delinquimus.
1362 565 1449 630 Ecce
1465 564 1649 632 fraternitas
1665 575 1720 630 166
1734 587 1832 651 aegre
1855 563 1928 631 tulit
1952 585 1988 632 ss

306 666 347 734 de
371 673 528 738 conuiuiis
552 696 571 738 a
595 695 645 739 me
669 695 740 739 esse
766 671 1003 759 reprehensam,
1021 695 1093 738 cum
1111 693 1181 758 ego,
1205 673 1260 758 qui
1284 671 1343 737 etsi
1367 671 1450 736 hanc
1474 693 1537 736 non
1560 672 1638 753 vita,
1661 679 1767 737 166666
1789 670 1860 737 1666
1884 679 1987 737 16666-

307 775 446 859 gradior,
478 777 520 843 ab
551 778 699 843 omnibus
731 779 858 864 corripi,
891 778 933 843 ab
965 777 1113 843 omnibus
1142 777 1306 843 emendari
1338 786 1469 863 paratus
1500 778 1571 844 sim.
1595 777 1639 842 Et
1668 775 1758 842 hunc
1780 761 1883 842 solum
1907 774 1986 841 mihi

307 881 444 944 amicum
467 885 590 965 estimo,
615 905 672 969 per
688 884 779 948 cuius
794 882 937 969 linguam
966 894 1039 947 ante
1055 885 1290 969 apparitionem
1307 883 1442 948 districti
1463 882 1578 948 iudicis
1595 905 1685 947 meae
1703 880 1845 946 maculas
1870 882 1987 946 mentis

306 993 406 1070 tergo.
431 986 514 1053 lllud
537 997 643 1054 autem
666 987 765 1053 frater
781 988 976 1054 dulcissime.
993 989 1079 1075 quod
1097 988 1356 1054 tribulationibus
1380 1009 1526 1074 pressum
1545 997 1576 1052 te
1591 986 1700 1072 legere
1715 1008 1811 1074 posse
1830 985 1985 1073 abnegas,

306 1091 412 1155 minus
435 1090 477 1156 ad
500 1094 740 1158 excusationem
764 1093 913 1158 idoneum
933 1103 1020 1180 puto,
1045 1115 1117 1160 cum
1142 1092 1260 1158 Paulus
1296 1092 1399 1158 dicat:
1432 1091 1662 1180 Quaecumque
1693 1093 1813 1179 scripta
1835 1099 1919 1174 sunt,
1944 1087 1986 1155 ad

306 1204 449 1260 nostram
472 1195 650 1263 doctrinam
675 1200 797 1286 scripta
820 1209 903 1281 sunt,
927 1209 963 1264 61
985 1221 1043 1285 666
1076 1201 1263 1286 patientiam
1287 1207 1318 1264 et
1346 1195 1598 1263 consolationem
1631 1199 1862 1286 scripturarum
1896 1216 1986 1284 spem

306 1297 492 1366 habeamus.
528 1301 561 1366 Si
594 1305 693 1390 igitur
724 1303 766 1369 ad
804 1303 1053 1369 consolationem
1094 1313 1235 1368 nostram
1267 1325 1359 1368 sacra
1389 1303 1547 1390 scriptura
1579 1312 1769 1389 praeparata
1800 1309 1865 1385 est,
1897 1309 1986 1366 tauto

306 1405 410 1490 magia
433 1429 504 1472 eam
528 1407 682 1474 debemus
698 1408 815 1494 legere,
836 1417 956 1496 quanto
973 1407 1076 1494 maffls
1093 1433 1151 1476 nos
1168 1410 1383 1497 conspicimus
1407 1408 1468 1476 sub
1479 1405 1725 1502 tribulationum
1750 1405 1838 1472 l'asoe
1860 1405 1986 1472 lassari.

306 1508 341 1574 Si
361 1533 437 1576 vero
461 1513 493 1577 in
519 1535 557 1578 ea
581 1513 780 1580 solummodo
816 1517 976 1580 sententia
1000 1524 1049 1581 est
1071 1515 1245 1598 fidendum,
1270 1537 1366 1602 quarn
1390 1516 1422 1579 16
1447 1511 1583 1600 66161616
1606 1522 1714 1578 666166
1735 1512 1897 1599 posuistis,
1921 1531 1987 1598 qua

306 1613 455 1682 dominus
487 1617 582 1685 dicit:
615 1618 696 1685 Cum
717 1619 845 1686 tradent
875 1641 943 1701 666,
968 1620 1065 1684 661116
1096 1622 1237 1707 cogitare
1261 1620 1430 1708 quomodo,
1454 1629 1511 1684 aut
1532 1618 1610 1706 quid
1634 1618 1820 1706 loquamini,
1852 1615 1986 1682 dabitur

305 1722 390 1786 enim
413 1723 506 1788 vobis
527 1727 560 1818 in
577 1723 632 1790 illa
646 1724 734 1808 hora,
754 1725 832 1812 quid
846 1724 1030 1812 loquamini.
1046 1725 1119 1792 Non
1134 1729 1218 1792 enim
1236 1749 1294 1791 vos
1309 1728 1386 1792 estis
1406 1727 1461 1813 qui
1477 1725 1645 1812 loquimini
1662 1723 1719 1790 scd
1736 1724 1868 1812 spiritus
1884 1722 1986 1810 patris

305 1829 414 1910 vestri,
438 1830 493 1916 qui
513 1829 653 1916 loquitur
676 1832 708 1894 in
730 1829 833 1896 nobis.
852 1830 951 1896 Sacra
978 1853 1055 1916 ergo
1079 1832 1119 1896 ad
1137 1855 1195 1898 nos
1223 1831 1351 1918 eloquia
1368 1832 1488 1897 frustra
1511 1831 1663 1896 mandata
1686 1840 1769 1912 sunt,
1793 1831 1849 1916 qui
1872 1827 1986 1914 repleti

305 1933 419 2018 spiritu
434 1934 543 2000 verbis
560 1935 775 2002 exterioribus
792 1958 856 2001 non
873 1957 1014 2022 egemus.
1028 1935 1092 2002 Sed
1111 1935 1198 2002 aliud
1215 1947 1264 2004 est
1278 1937 1378 2003 frater
1393 1939 1570 2022 carissime,
1587 1936 1673 2024 6661
1688 1937 1862 2022 angustiati
1878 1955 1986 2022 perse·
2035 1923 2040 1930 ¹

305 2038 442 2104 66116616
476 2049 620 2126 tempore
645 2041 768 2129 absque
792 2040 992 2106 dubitatione
1015 2041 1186 2125 confidere,
1203 2042 1289 2108 aliud
1307 2043 1392 2130 quod
1415 2046 1448 2109 in
1467 2041 1699 2130 tranquillitate
1716 2041 1872 2108 ecclesiae
1887 2059 1986 2124 agere

304 2140 468 2210 debemus.
499 2145 637 2233 Oportet
658 2149 745 2213 enim
768 2169 828 2214 nos
852 2149 1073 2235 perspiritum
1098 2147 1185 2214 hunc
1200 2147 1294 2214 modo
1315 2147 1451 2235 legendo
1468 2151 1634 2235 percipere
1650 2149 1733 2236 6666
1749 2167 1931 2235 66666666,
1957 2145 1985 2209 61

304 2250 475 2333 contigerit
496 2273 611 2316 caussa
632 2255 664 2317 iu
688 2252 781 2318 nobis
807 2276 889 2336 esse,
909 2254 1005 2318 etiam
1034 2253 1185 2340 patiendo
1209 2253 1439 2320 demonstrare.
1455 2249 1565 2318 Valde
1580 2276 1659 2320 vero
1676 2255 1710 2317 in
1726 2250 1861 2340 epistola
1875 2257 1987 2316 666166

303 2355 435 2437 gauisus
451 2377 532 2438 sum,
555 2355 641 2443 quod
658 2379 716 2422 vos
739 2357 954 2424 exhortationi
977 2357 1118 2424 studium
1141 2358 1217 2424 dare
1236 2359 1390 2424 fatemini.
1414 2359 1451 2424 In
1475 2358 1537 2424 hoc
1553 2359 1671 2426 etenim
1689 2360 1755 2424 scio
1771 2358 1847 2444 quia
1871 2377 1981 2421 curam

304 2461 403 2524 vestri
425 2459 545 2525 ordinis
570 2461 704 2528 solerter
716 2464 822 2548 agitis,
841 2465 869 2530 si
885 2464 926 2530 ad
941 2473 1105 2530 auctorem
1122 2473 1264 2530 vestrum
1282 2473 1313 2528 et
1328 2463 1408 2528 alios
1424 2462 1550 2530 trahere
1567 2465 1695 2530 curatis.
1717 2461 1812 2544 Quod
1827 2471 1934 2528 autem
1951 2461 1986 2524 iu

303 2563 416 2630 eodem
440 2564 510 2631 loco
534 2567 640 2634 dicitis
663 2591 723 2634 vos
747 2571 810 2634 mei
835 2569 955 2636 similes
979 2593 1043 2636 non
1061 2592 1142 2645 ease,
1163 2580 1236 2656 post
1251 2570 1394 2636 obortam
1420 2568 1572 2636 laetitiam
1590 2591 1642 2634 me
1658 2567 1743 2636 illico
1760 2567 1983 2647 contristastis,

303 2671 379 2756 quia
402 2669 514 2737 laudes
539 2695 627 2738 meas
646 2697 704 2761 per
725 2675 906 2742 irrisionem
924 2675 987 2766 6161
1004 2677 1162 2760 existimo,
1180 2698 1260 2763 6666
1274 2698 1333 2764 666
1349 2677 1515 2742 veritatem
1534 2675 1665 2742 minime
1685 2693 1893 2758 recognosco.
1910 2670 1984 2758 Ago

302 2783 409 2840 autem
434 2779 643 2865 omnipotenti
667 2780 727 2847 dec
745 2783 873 2867 gratias,
890 2783 966 2868 quia
984 2802 1116 2868 parvos
1134 2783 1264 2868 quidem
1290 2780 1442 2846 haeretici
1466 2779 1508 2846 ad
1532 2789 1673 2854 sanctam
1698 2780 1868 2846 ecelesiam
1891 2797 1986 2842 reno·

304 2889 426 2946 666166.
443 2881 508 2948 Sed
531 2907 644 2950 curare
668 2885 761 2952 vobis
785 2889 916 2952 necesse
939 2896 996 2969 est,
1021 2895 1055 2950 ut
1078 2887 1139 2973 ipsi
1156 2903 1292 2973 quoque,
1309 2887 1364 2974 qui
1387 2887 1471 2952 intra
1498 2895 1627 2952 sanctae
1648 2886 1804 2952 ecclesiae
1824 2883 1983 2976 gremium

304 2991 508 3056 continentur
522 2991 568 3055 ita
591 2993 711 3075 616661,
735 3001 893 3079 66616666
913 2995 981 3058 6166
1005 2991 1181 3056 6166666611
1210 2993 1317 3078 666616
1334 2991 1476 3059 moribus
1500 3013 1564 3056 non
1588 2992 1738 3056 existant.
1763 2989 1844 3055 Nam
1868 2990 1894 3054 si
1919 3009 1994 3076 666,

302 3089 414 3157 116166
438 3093 607 3176 166116616,
626 3097 684 3162 661
700 3101 836 3164 16666616
858 3097 1086 3184 cupiditatibus
1103 3095 1386 3183 voluptatibusque
1406 3095 1600 3177 deseruiunt,
1618 3096 1702 3160 intra
1718 3096 1787 3161 eius
1803 3094 1983 3179 graemium

303 3194 361 3260 filii
389 3196 486 3264 alieni
509 3204 704 3268 nutriuntur.
729 3201 823 3282 Quod
843 3212 956 3268 autem
976 3225 1035 3268 vos
1059 3203 1203 3268 fatemini
1224 3202 1461 3268 ecclesiasticos
1484 3200 1614 3268 ordines
1638 3201 1787 3285 ignorare
1803 3221 1867 3264 non
1884 3219 1980 3285 posse

302 3323 362 3386 ego
380 3325 508 3392 quoque
524 3305 586 3372 hoc
609 3307 649 3373 de
673 3308 766 3374 vobis
798 3331 855 3395 per
879 3311 986 3374 omnia
1009 3310 1085 3389 scio,
1102 3318 1199 3395 atque
1213 3307 1334 3372 idcirco
1350 3305 1445 3372 valde
1477 3309 1658 3390 contristor,
1688 3306 1765 3392 quia
1779 3326 1852 3370 cum
1875 3325 1983 3369 reram

301 3407 446 3474 ordinem
470 3413 568 3494 scitis,
592 3414 625 3478 in
649 3437 710 3498 mc,
736 3414 821 3501 6661
844 3416 938 3501 66166
955 3423 1013 3495 661,
1036 3414 1167 3480 6616616
1183 3413 1373 3500 deliquistis.
1389 3411 1565 3499 Postquam
1586 3413 1666 3478 anim
1687 3410 1728 3477 ad
1751 3409 1984 3503 beatitudinem

301 3517 947 3602 66616666116666666166161,616666
979 3522 1012 3584 in
1035 3542 1150 3586 caussa
1192 3519 1350 3586 Honorati
1376 3517 1595 3586 archidiaconi
1626 3518 1747 3604 scripta
1769 3516 1892 3584 directa
1908 3525 1993 3582 sunt.-

302 3627 378 3684 tunc
398 3631 570 3709 contenpta
591 3626 759 3712 utriusque
781 3627 939 3698 sententia
963 3625 1127 3712 praefatus
1150 3624 1334 3718 Honoratus
1350 3626 1479 3711 proprio
1503 3622 1607 3708 gradu
1630 3625 1775 3712 priuatus
1799 3631 1858 3688 cst
1884 3619 1994 3712 (1661Ι

303 3733 331 3788 st
354 3725 490 3812 quilibet
525 3751 567 3794 ex
590 3739 728 3816 quatuor
758 3729 951 3820 patriarchis
981 3730 1121 3811 16616661,
1154 3733 1224 3795 6166
1252 3729 1444 3815 grauissimo
1479 3726 1631 3794 scandalo
1663 3735 1753 3796 16616
1780 3725 1984 3794 6661666616

304 3833 442 3898 16666166
464 3831 552 3900 66116
576 3835 671 3901 medo
688 3837 853 3922 potuisset.
877 3836 1002 3902 Tamen
1016 3845 1187 3923 postquam
1206 3835 1390 3901 haternitas
1407 3844 1517 3900 666166
1533 3833 1575 3900 61
1591 3857 1685 3902 suum
1707 3832 1853 3902 ordinem
1875 3829 1993 3922 rediit,

303 3956 365 4000 nac
386 3957 447 4022 ego
471 3961 571 4014 meae,
596 3961 655 4006 nec
678 3939 857 4007 decessoris
881 3943 945 4008 mei
967 3943 1105 4008 iniuriae
1141 3922 1264 4006 memor
1287 3963 1369 4008 sum.
1394 3938 1490 4021 Quod
1514 3961 1591 4008 6666
1621 3938 1729 4008 dicitis
1759 3937 1981 4004 6661616166·

302 4039 435 4125 poribus
458 4041 577 4110 debere
600 4047 732 4127 seruari,
758 4067 840 4134 6666
863 4069 883 4112 6
906 4047 986 4113 meis
1001 4069 1129 4136 quoque
1141 4045 1443 4134 praedecessoribus
1458 4043 1577 4112 tradita
1592 4053 1689 4132 61666
1713 4041 1875 4112 custodita
1896 4049 1981 4124 sunt,

301 4145 387 4230 absit
410 4146 513 4214 hoo-a
535 4171 596 4233 me,
622 4159 657 4216 ut
672 4159 791 4218 statuta
820 4154 977 4218 maiorum
999 4152 1283 4220 consacerdotibus
1307 4153 1385 4218 mais
1408 4152 1440 4216 in
1464 4149 1607 4239 qualibet
1628 4149 1767 4216 ecclesia
1787 4145 1982 4234 1616166666

301 4253 378 4339 6616
397 4251 476 4319 mihi
494 4255 643 4322 iniuriam
667 4255 760 4337 16616,
786 4259 812 4324 61
836 4257 976 4324 fratrum
999 4281 1142 4326 meorum
1168 4261 1238 4326 iura
1267 4256 1434 4346 perturbo.
1459 4255 1525 4328 Sed
1551 4277 1626 4324 cum
1654 4253 1858 4344 responsales
1880 4253 1981 4320 666161

301 4357 499 4442 6166666161,
523 4379 606 4448 6666
628 4364 713 4428 16166
736 4383 794 4430 666
818 4373 850 4430 61
873 4363 1052 4451 praefatum
1080 4363 1284 4430 Honoratum
1301 4361 1560 4432 archidiaconum
1585 4362 1651 4428 sint
1672 4369 1765 4448 gesta
1787 4379 1981 4447 cognoscam

301 4472 333 4529 et
354 4487 397 4530 ex
419 4466 489 4553 ipso
513 4490 584 4534 meo
608 4471 761 4536 examine
790 4470 1014 4558 perpendetis,
1045 4470 1122 4557 quia
1152 4471 1180 4546 si
1201 4491 1276 4556 pars
1308 4477 1418 4534 vestra
1440 4490 1498 4554 per
1520 4467 1674 4534 insh'tiam
1697 4465 1778 4534 16116
1810 4474 1875 4547 est,
1899 4462 1982 4532 nihil

300 4571 429 4638 adversi
452 4597 472 4640 a
495 4597 546 4639 me
570 4574 748 4662 6661666116,
772 4577 857 4642 61661
891 4599 951 4642 666
981 4584 1055 4640 6616
1086 4574 1271 4663 pertulistis.
1300 4573 1357 4640 Sin
1385 4593 1463 4638 vero
1494 4571 1658 4659 saepefato
1687 4571 1854 4638 Honorato
1877 4569 1981 4636 archi·

300 4677 436 4744 diacono
459 4681 493 4745 in
513 4663 692 4748 assertione
716 4703 774 4747 sua
796 4683 919 4748 iustitia
934 4681 1137 4768 suffragatur,
1156 4703 1199 4746 ex
1215 4681 1283 4745 eius
1299 4676 1500 4744 absolutione
1517 4675 1711 4754 monstrabo,
1727 4677 1804 4763 quia
1825 4696 1981 4763 personas

300 4783 396 4848 etiam
419 4805 499 4870 quas
523 4787 598 4850 noui
622 4787 654 4850 in
678 4785 800 4854 iudicio
823 4809 886 4850 non
908 4809 1059 4872 agnosco.
1085 4785 1135 4850 De
1158 4784 1503 4850 excommunicationis
1519 4803 1597 4848 6666
1613 4780 1757 4864 66116616,
1774 4801 1857 4868 6666
1871 4787 1981 4846 tamen

300 4888 488 4974 interposita
510 4889 693 4982 copditicne
723 4890 853 4976 gradus,
886 4891 1027 4958 secundo
1059 4890 1109 4956 vel
1141 4892 1251 4972 tercio,
1275 4892 1338 4954 iam
1373 4897 1409 4954 ut
1431 4891 1478 4954 ita
1507 4887 1622 4971 dicam,
1646 4908 1690 4954 ex
1713 4887 1906 4964 necessitate
1925 4907 1979 4953 su·

300 4991 433 5058 biuncta
455 5003 512 5077 est,
536 4995 700 5061 beatitudo
716 5006 825 5062 vestra
848 4997 1008 5060 immerito
1030 4998 1204 5082 quaeritur,
1224 5017 1297 5060 cum
1313 4993 1433 5060 Paulus
1447 4991 1611 5080 apostolus
1632 4991 1733 5058 dicat:
1756 4993 1796 5058 Iu
1830 5001 1982 5080 prompta

300 5097 455 5165 babentes
479 5099 590 5166 ulcisci
613 5123 741 5167 omnem
760 5101 1011 5168 inobedientiam
1044 5100 1108 5165 Sed
1149 5103 1211 5164 ista
1243 5101 1307 5164 iam
1338 5105 1514 5181 transeant,
1544 5098 1586 5164 ad
1608 5105 1717 5164 nostro
1740 5096 1920 5164 redeamus.
1944 5095 1981 5162 Si

300 5205 386 5269 enim
411 5213 498 5270 recte
521 5207 597 5291 agit,
619 5229 679 5292 ego
707 5206 826 5272 domno
849 5207 957 5274 Natali
984 5229 1046 5272 non
1068 5227 1198 5292 possum
1229 5207 1419 5272 coniunctus
1452 5226 1515 5270 non
1539 5226 1620 5288 esse,
1656 5204 1748 5270 cuius
1777 5225 1829 5270 me
1849 5201 1980 5268 affectui

303 5308 398 5386 66116
421 5331 492 5378 esse
515 5310 689 5378 debitorem
713 5313 801 5378 noui.

460 5423 562 5480 Mami.
585 5423 723 5486 Collectio
747 5423 855 5484 concil.
879 5425 913 5482 T.
937 5424 988 5480 IX.
1012 5423 1178 5480 6161106.
