4292 5926
302 405 345 472 46

304 621 414 662 eorum
439 599 630 664 monasterio
654 606 786 684 eportet.
810 597 884 662 Hoc
906 598 1065 682 siquidem
1090 597 1191 663 libera
1217 609 1321 662 mente
1346 599 1499 680 concedo,
1524 609 1621 686 atque
1636 599 1763 664 affirmo
1781 621 1892 664 coram
1910 598 1994 664 sub·

303 705 431 791 scriptis
455 705 582 789 iupanis
607 713 638 767 et
662 706 792 768 setnicis
817 705 907 784 meis,
932 727 990 768 nee
1015 727 1078 768 non
1103 704 1237 789 Ragusii
1264 702 1447 787 nobillibus,
1472 716 1632 791 quatenus
1656 705 1763 770 nullus
1797 707 1899 770 nostri
1931 705 1991 769 do·

303 812 441 874 minatus
465 811 534 874 siue
559 812 795 897 pertinentium,
815 821 927 876 centra
951 834 1005 875 eos
1031 811 1167 895 superbe
1192 833 1288 895 agere
1304 829 1476 898 presumat,
1501 835 1558 876 seu
1573 813 1845 898 inquietacionem
1859 811 1994 876 inferat.

305 916 338 981 Si
364 917 436 1002 quis
458 925 564 979 autern
590 924 770 979 nostrorum
795 915 949 981 heredum
974 914 1025 979 vel
1050 938 1282 996 successorum,
1309 916 1369 982 bec
1392 940 1448 1003 pro
1473 916 1594 981 nichilo
1618 917 1756 998 duxerit,
1781 916 1834 982 dei
1859 927 1893 981 et
1908 916 1994 980 duo·

303 1021 405 1085 decim
431 1019 648 1106 apostolorum
673 1031 862 1107 patrumque
882 1033 1066 1085 sanctorum
1099 1021 1357 1086 maledictionem
1385 1025 1520 1088 incurat.
1552 1021 1623 1106 Ego
1655 1023 1792 1107 iupanus
1825 1019 1997 1087 Gordessa

301 1129 401 1191 testis.
425 1125 497 1209 Ego
522 1125 665 1190 Desimir
689 1129 790 1191 testis.
822 1126 893 1210 Ego
917 1128 1058 1190 setuicus
1090 1126 1243 1190 Rastcssa
1274 1129 1376 1194 testis.
1408 1126 1480 1218 Ego
1513 1129 1650 1213 iupanus
1683 1125 1851 1192 Grubesse
1885 1129 1997 1191 testis.

302 1231 374 1317 Ego
420 1230 569 1296 Charilus
611 1234 711 1302 testis.
757 1232 828 1316 Ego
872 1230 1073 1307 Sranlanitus
1113 1235 1213 1297 testis.
1256 1231 1300 1296 Et
1333 1255 1393 1317 ego
1435 1233 1549 1297 Petrus
1590 1255 1698 1297 comes
1745 1233 1996 1317 Ruguseorum,

305 1361 377 1402 cum
404 1335 470 1400 filio
495 1336 641 1420 Gailauo‚
663 1340 753 1402 testis
789 1337 861 1422 Ego
896 1337 1061 1420 Siluester,
1098 1337 1265 1420 Arretinos,
1303 1337 1446 1424 Stopaqa
1481 1348 1540 1403 etc.
1578 1338 1649 1422 Ego
1684 1337 1811 1402 lllateus
1840 1339 1991 1402 notarius

303 1444 428 1528 scripsi,
453 1452 486 1506 et
507 1445 597 1506 testis
622 1465 703 1508 sum.
729 1441 928 1507 Concessum
952 1443 1013 1506 fuit
1037 1442 1098 1507 hoc
1130 1443 1262 1527 prefatis
1295 1443 1460 1508 monachis
1496 1442 1668 1525 Gulielmo,
1704 1445 1828 1509 Marino
1864 1455 1896 1508 et
1931 1443 1986 1507 Si-

305 1550 420 1630 meoni,
446 1559 589 1633 tempore
612 1549 746 1635 predicti
772 1551 819 1612 sui
845 1548 972 1612 abbatis
996 1549 1116 1612 domini
1141 1548 1275 1612 Johelis.

451 1653 495 1716 Et
515 1675 576 1739 ego
600 1702 607 1718 .
634 1705 640 1719 .
665 1653 804 1718 fideliter
828 1657 973 1740 acopiaui
1000 1657 1031 1717 in
1056 1656 1156 1718 verbo
1180 1656 1325 1718 veritatis
1350 1665 1384 1718 ut
1407 1656 1515 1718 inueni
1541 1655 1573 1718 in
1598 1654 1742 1740 predicto
1757 1656 1989 1718 instrumento.

452 1757 496 1822 Et
520 1761 545 1821 si
571 1760 644 1846 quis
668 1757 729 1823 hoc
753 1758 874 1823 delebit
897 1761 1156 1842 instrumentum,
1180 1761 1320 1824 deletum
1344 1763 1386 1823 sit
1410 1783 1526 1824 nomen
1551 1763 1620 1824 cius
1651 1760 1691 1824 de
1725 1758 1808 1824 libro
1846 1762 1923 1840 vite,
1959 1773 1998 1822 et

304 1875 454 1928 anatema
477 1865 527 1928 sit.

453 2011 559 2066 Matios
583 2030 618 2065 na
642 2012 805 2084 pergameni
829 2031 845 2066 u
868 2012 967 2067 arkivu
992 2012 1173 2068 dubrovndke
1195 2013 1344 2082 republilre
1367 2013 1449 2067 Fasc.
1473 2013 1497 2070 Ι.
1522 2013 1563 2069 br.
1588 2014 1639 2070 26.

902 2257 1195 2388 crunon>
1221 2327 1259 2405 g.
1288 2305 1390 2388 1151.

305 2485 389 2545 Deio
411 2487 501 2545 veliti
522 2487 623 2560 ἔκρανε
646 2485 811 2561 suhumsti,
835 2486 941 2558 darneio
963 2487 1130 2580 monostiru
1153 2502 1194 2547 so.
1219 2486 1388 2546 Benedtletu
1421 2504 1442 2543 u
1473 2484 1629 2544 Lotrumu
1652 2486 1743 2545 ernau
1764 2501 1807 2544 ss.
1822 2483 1994 2544 Pantruoa

879 2611 961 2668 isne
984 2610 1087 2683 sempe
1110 2628 1130 2668 u
1153 2607 1302 2669 Batinum
1320 2612 1416 2684 polju.

452 2797 534 2878 †In
557 2799 686 2862 nomine
710 2801 810 2882 patris
835 2807 867 2862 et
889 2797 946 2861 filii
971 2808 1003 2861 et
1026 2799 1158 2883 spiritus
1182 2800 1283 2864 sancti
1307 2821 1412 2864 amen.
1439 2798 1509 2883 Ego
1535 2799 1644 2880 Dosse,
1681 2797 1847 2870 voluntate
1879 2809 1911 2862 et
1940 2797 1990 2861 di·

305 2904 490 2990 sposicione
514 2903 565 2966 dei
591 2927 727 2989 magnus
759 2925 867 2968 comes
890 2912 976 2967 terre
999 2901 1200 2986 Zachulmie,
1224 2903 1326 2968 fatcor
1344 2906 1511 2970 veritatem
1530 2903 1647 2968 dicere.
1664 2903 1763 2968 Venit
1780 2905 1865 2968 enim
1883 2904 1989 2968 abbas

305 3008 560 3072 lacromonensis
584 3019 616 3074 et
640 3011 730 3092 petiit
755 3007 851 3073 michi
876 3010 1043 3074 ecclesium
1066 3012 1167 3074 saneti
1192 3007 1352 3075 Pancratii
1387 3011 1451 3074 sibi
1483 3020 1516 3074 et
1546 3013 1741 3075 monasterio
1772 3009 1987 3074 Lacromonis

305 3115 391 3197 dare,
416 3137 489 3178 cum
515 3116 665 3180 omnibus
687 3117 791 3196 terris,
812 3137 874 3200 que
897 3117 930 3178 in
955 3115 1104 3180 Babbina
1128 3115 1216 3202 polla
1240 3127 1324 3182 sunt.
1348 3115 1418 3202 Ege
1440 3127 1547 3181 autem
1571 3138 1681 3180 amore
1705 3117 1759 3181 dei
1779 3125 1811 3180 et
1841 3115 1990 3180 remedio

304 3222 412 3284 anime
435 3243 515 3303 mee,
541 3243 612 3284 cum
637 3220 772 3286 consilio
798 3219 951 3286 nobilium
976 3223 1118 3284 omnium
1143 3233 1228 3285 terre
1251 3221 1448 3305 Zachulrnie‚
1472 3221 1583 3287 abbati
1608 3221 1844 3286 lacromonensi
1870 3221 1992 3286 dictem

307 3327 477 3392 ecclesiam
503 3330 604 3392 sancti
631 3327 793 3391 Pancratii
817 3328 850 3390 in
875 3326 980 3391 insula
1003 3327 1121 3392 Melete
1146 3351 1218 3392 cum
1243 3328 1393 3392 omnibus
1417 3331 1511 3392 terris
1535 3327 1682 3392 Bebbine
1705 3327 1790 3414 polle
1813 3327 1990 3391 tribuimus

306 3443 338 3498 et
361 3436 581 3498 concessimus
603 3443 639 3496 ut
659 3431 779 3496 habeat
798 3443 831 3496 et
853 3435 1017 3518 possideat
1041 3437 1148 3520 quiete
1172 3436 1204 3499 in
1229 3445 1429 3521 perpetuum.
1454 3433 1489 3498 Si
1512 3436 1585 3520 quis
1608 3445 1715 3498 autem
1749 3435 1835 3498 dicto
1871 3432 1981 3498 abbati

305 3539 358 3604 vel
382 3541 578 3604 monasterio
602 3537 838 3602 lacromonensi
863 3538 994 3625 aliquod
1019 3540 1271 3624 inpedimentum
1298 3563 1355 3625 pro
1385 3538 1447 3604 hoo
1482 3549 1590 3604 nostro
1624 3549 1742 3603 statuto
1777 3538 1898 3602 inferre
1934 3561 1988 3602 vo·

306 3643 410 3727 luerit,
435 3646 477 3708 eit
498 3637 648 3708 inimicus
672 3646 775 3708 tocius
799 3653 884 3708 terre
907 3643 1107 3726 Zachulmie,
1131 3656 1163 3706 et
1187 3646 1229 3707 sit
1260 3644 1364 3708 adeo
1400 3655 1431 3708 et
1465 3667 1484 3707 a
1520 3643 1615 3707 beata
1652 3645 1779 3727 virgine
1815 3643 1922 3707 Maria
1955 3647 1991 3707 et

307 3760 418 3814 sancto
439 3750 621 3815 Benedicto
645 3759 677 3814 et
700 3749 870 3813 duodecim
894 3748 1046 3834 apostolis
1071 3760 1102 3813 et
1126 3749 1275 3814 omnibus
1300 3751 1420 3813 sanctis
1443 3749 1643 3830 maledictus,
1668 3762 1700 3812 et
1733 3770 1794 3833 ego
1828 3749 1991 3834 presbiter

306 3856 465 3942 Millogoy
489 3859 521 3920 in
546 3856 683 3920 ecclesia
706 3857 808 3919 sancti
832 3853 999 3918 Michaelis
1024 3856 1149 3940 scripsi.
1173 3853 1290 3920 Amen.

457 4056 484 4112 U
506 4056 606 4112 arkivu
628 4055 777 4127 republike
801 4052 990 4121 dubrovadlre,
1014 4071 1050 4108 na
1074 4053 1157 4124 muloj
1184 4053 1346 4124 pergameni
1370 4053 1469 4123 pisano
1493 4053 1502 4106 i
1520 4053 1608 4108 dobro
1624 4055 1777 4110 saturano.
1796 4051 1829 4106 F.
1846 4053 1868 4108 l.
1882 4053 1925 4107 br.
1939 4053 1993 4106 26.

754 4347 919 4429 nxm.
945 4345 1053 4429 1152.
1081 4345 1142 4428 sn.
1168 4347 1313 4447 runs
1341 4345 1378 4428 n
1408 4345 1541 4428 srenr.

305 4531 442 4606 Ernesto
466 4529 535 4590 111.
548 4545 649 4622 'papa
673 4528 741 4601 uest
761 4526 897 4600 Andre'ju
919 4527 1110 4599 nudtistnpa
1132 4527 1356 4600 dubrovattooa
1377 4527 1447 4584 radi
1470 4525 1580 4596 bolestt,
1602 4525 1784 4599 resavajaa
1804 4543 1855 4598 po,
1878 4527 1937 4586 dot
1953 4527 1987 4600 je

803 4633 943 4702 boleslau,
967 4633 1005 4691 od
1028 4633 1165 4694 dutnostt
1188 4633 1228 4690 da
1244 4632 1356 4705 patrue
1378 4650 1400 4690 u
1422 4631 1502 4692 Rem.

465 4822 632 4906 Eugeniue
656 4825 827 4908 episcopus
851 4842 964 4884 seruus
989 4841 1155 4882 seruorum
1187 4819 1249 4895 dei,
1286 4817 1465 4884 venerabili
1493 4818 1584 4882 fratri
1614 4817 1776 4905 A(ndree)
1808 4819 1989 4904 ragusiensi

309 4929 554 5014 archiepiscopo
579 4926 714 4992 salutem
739 4937 771 4991 et
794 4925 1004 5012 apostolicam
1028 4923 1295 4988 benedictionem.
1327 4923 1465 5008 Cognito
1486 4922 1696 5000 fraternitatis
1726 4934 1779 4988 tue
1811 4934 1898 4990 statu
1927 4947 1982 5010 per
2007 4929 2010 4938 “

309 5036 443 5099 latorem
470 5033 665 5118 presentium
690 5031 722 5098 S.
747 5031 970 5117 presbyterum
995 5040 1095 5111 tuum,
1119 5031 1172 5115 qui
1197 5029 1237 5092 ad
1264 5053 1321 5094 nos
1345 5029 1475 5094 domino
1499 5030 1631 5094 duotore
1655 5033 1816 5115 peruenit,
1850 5030 1978 5094 infirmi·

308 5143 364 5205 tati
390 5140 535 5224 corporis
559 5139 604 5199 tui
629 5136 737 5200 debite
758 5135 864 5199 cordis
888 5136 1073 5202 infirmitate
1097 5137 1328 5220 cornpatimur3
1354 5135 1410 5198 sed
1434 5135 1621 5218 gaudemus,
1647 5137 1723 5221 quia
1740 5137 1771 5198 in
1788 5135 1885 5199 huius
1901 5137 1982 5218 ignis

308 5247 445 5324 camino,
471 5241 618 5305 conditor
641 5243 783 5306 omniurn
809 5241 956 5304 dominus
979 5240 1161 5325 rubiginem
1178 5240 1367 5304 dilectorum
1386 5263 1517 5305 suorum
1534 5263 1730 5327 expurgans,
1748 5251 1779 5304 te
1796 5243 1829 5305 in
1847 5241 1982 5308 filiorum
