4276 5934
330 425 392 493 188

328 625 476 705 petrosus
498 637 599 704 prope
621 617 718 696 viam,
745 637 808 703 que
831 617 921 681 venit
943 639 963 682 a
985 615 1158 701 Belgrado,
1182 637 1245 702 que
1269 615 1375 682 colnic
1398 617 1538 682 sclauice
1560 615 1686 698 dicitur,
1703 618 1738 683 in
1761 615 1904 683 oblicum
1936 639 2008 683 ver-

329 745 384 788 sus
408 723 661 787 settemtrionem
685 732 774 787 recto
798 723 926 786 tramite
950 723 1033 786 sicut
1055 721 1147 787 vadit
1170 743 1254 786 vena
1277 723 1359 802 saxi,
1382 744 1446 808 qua
1470 721 1582 804 eadem
1607 732 1693 787 terra
1715 721 1783 786 fere
1806 745 1851 787 ex
1882 723 2004 808 aquilo·

328 825 393 891 nali
418 835 507 912 parte
531 827 802 909 circumcingitur,
827 825 991 912 usquead
1015 835 1117 891 terras
1141 837 1327 892 sauctorum
1350 825 1468 892 0011110
1492 836 1524 892 01
1547 826 1709 909 Damiani,
1734 827 1789 892 ubi
1808 829 1904 892 vinee
1924 849 2007 892 nuuc

328 932 524 1018 plantantur,
549 930 668 996 deiude
691 953 819 997 sursum
842 941 932 996 recta
955 930 1040 996 linea
1063 953 1178 997 versus
1204 929 1359 996 Ourinam
1384 955 1487 1018 usque
1510 933 1552 997 ad
1575 942 1677 998 terras
1700 954 1764 1019 que
1795 933 1949 998 dicuntur·
1976 933 2010 996 fi-

329 1036 446 1103 liorum
471 1033 580 1100 Medis
603 1058 747 1118 monaca,
772 1045 804 1101 et
827 1036 869 1102 ab
890 1037 1024 1101 australi
1055 1039 1161 1123 capite
1196 1038 1448 1123 prescriptarum
1483 1046 1640 1103 terrarum
1676 1059 1779 1124 usque
1816 1037 1858 1102 ad
1895 1035 2007 1102 collem

329 1142 556 1228 prescriptum,
581 1149 613 1238 et
634 1143 749 1206 iterum
774 1142 866 1208 iuxta
885 1141 1001 1206 collem
1025 1141 1131 1206 eundo
1155 1163 1269 1208 versus
1283 1151 1438 1226 austrum,
1455 1164 1624 1229 quousque
1640 1145 1790 1208 veniatur
1805 1144 1847 1207 ad
1866 1146 2006 1228 priorem

328 1249 501 1312 terminum
524 1254 737 1330 prenotatam,
761 1247 915 1332 quicquid
938 1247 1021 1311 iuter
1042 1245 1188 1328 habetur,
1212 1268 1271 1311 vos
1294 1247 1437 1332 prefatus
1460 1248 1562 1314 abbas
1584 1258 1615 1312 01
1630 1247 1745 1313 fratres
1761 1257 1794 1313 et
1810 1249 1875 1312 iam
1889 1247 2008 1312 dictum

330 1351 522 1417 coenobium
546 1350 695 1416 habeatis
719 1360 751 1416 st
775 1355 843 1416 iure
867 1350 1062 1418 hereditario
1087 1352 1291 1438 possideatis,
1314 1355 1495 1438 vestrisque
1518 1355 1656 1439 posteris
1679 1354 1713 1416 111
1736 1362 1931 1439 perpetuum
1962 1352 2007 1416 di-

330 1458 475 1539 mittatis,
499 1465 532 1522 et
555 1479 598 1522 ex
622 1457 736 1522 eadem
759 1467 845 1522 terra
868 1467 900 1521 et
923 1459 992 1521 eius
1016 1459 1223 1543 pertinenciis
1248 1458 1402 1544 quicquid
1428 1457 1520 1522 vobis
1534 1457 1691 1544 placuerit
1713 1457 1840 1522 faciatis
1864 1460 1899 1521 iu
1924 1471 2003 1521 eter-

329 1585 415 1644 num,
440 1563 569 1627 nemine
591 1565 774 1654 resistente.
799 1560 958 1626 Polliceor
977 1564 1076 1626 etiam
1103 1563 1239 1627 01111111
1263 1562 1412 1627 omuibus
1437 1563 1591 1650 expedire
1625 1573 1658 1627 et
1690 1562 1784 1627 vobis
1819 1562 2005 1648 expeditam

329 1678 362 1734 et
384 1667 674 1755 discalumpu'atam
700 1690 827 1754 semper
850 1667 1012 1733 dimittere
1036 1689 1143 1732 coram
1170 1666 1220 1732 his
1253 1669 1407 1734 testibus:
1441 1669 1474 1732 in
1511 1669 1681 1754 presencia
1715 1668 1868 1732 Damiani
1906 1667 2007 1731 incliti

329 1775 464 1855 comitis,
488 1771 657 1839 Grubesce
681 1782 713 1837 et
736 1773 910 1838 Laureucii
933 1771 974 1836 de
998 1771 1131 1858 Joseph,
1156 1775 1297 1854 testium,
1320 1795 1359 1838 ao
1384 1771 1488 1838 Oeace
1511 1769 1663 1859 Gregorii
1677 1783 1708 1838 01
1731 1771 1886 1836 Damiaui
1911 1771 2006 1836 Scide

329 1877 537 1958 subdiaconi;
561 1887 593 1942 et
616 1900 676 1963 ego
701 1877 829 1943 Blasius
853 1887 963 1942 sancte
987 1876 1161 1942 Anastasia
1185 1877 1339 1944 diaconus
1371 1889 1404 1943 et
1439 1877 1598 1943 iadreusis
1633 1879 1790 1961 notarius,
1826 1899 1846 1940 a
1879 1876 2004 1962 prefato

333 1981 434 2048 Paulo
456 1993 597 2067 rogatus,
623 1983 705 2048 hauc
729 1984 930 2048 vendicionis
953 1992 1085 2064 cartam,
1109 1991 1144 2046 ut
1175 1982 1296 2064 audiui,
1333 1984 1449 2070 scripsi
1484 1993 1516 2048 01
1551 1983 1704 2048 roboraui
1738 1992 1771 2046 01
1805 1983 1900 2065 signo
1937 2003 2009 2046 con·

332 2097 423 2152 sueta
447 2089 583 2172 signaui.

478 2283 669 2342 Polichorion.
693 2283 721 2342 U
743 2285 843 2340 1111111
866 2285 932 2356 gub.
956 2287 1018 2344 aad.

732 2575 985 2659 1111111.
1014 2577 1077 2658 29.
1106 2575 1281 2678 sicema.
1310 2577 1347 2660 U
1375 2578 1606 2660 Lateranu.

465 2757 623 2820 Inocenoio
645 2756 714 2816 ΙΙΙ.
734 2771 830 2830 papo,
852 2755 959 2816 nolula
981 2755 1107 2829 Andriji
1128 2757 1245 2830 vojvodi
1267 2757 1337 2817 ciale
1360 2755 1521 2830 Sicuonija
1544 2755 1585 2816 du
1605 2755 1654 2815 ide
1673 2771 1688 2814 a
1710 2755 1877 2816 1111010111

1035 2878 1057 2920 u
1084 2862 1307 2936 1111111111.

485 3030 594 3101 Nobili
617 3035 687 3100 viro
711 3031 871 3120 A(udree)
896 3032 980 3114 duci,
1003 3031 1045 3096 de
1063 3032 1288 3118 prosecutione
1312 3033 1377 3096 voti
1401 3033 1489 3117 regis
1512 3029 1657 3117 Ungarie
1672 3033 1773 3118 patris
1789 3033 1840 3096 sui
1855 3029 2008 3098 defuncti.

482 3139 574 3206 Licet
596 3140 756 3204 uniuersis
780 3137 918 3204 liberum
942 3139 983 3204 sit
1006 3137 1176 3204 arbitrium
1203 3139 1237 3202 iu
1260 3137 1420 3218 sonando,
1445 3158 1505 3202 uec
1527 3139 1702 3202 necessitas
1727 3139 1761 3202 iu
1785 3139 1870 3203 votis
1906 3135 2006 3202 locum

337 3243 465 3328 habeat,
490 3245 546 3310 sed
570 3244 729 3327 voluutas,
755 3266 856 3330 usque
879 3243 960 3308 adeo
984 3252 1092 3308 tamen
1115 3243 1232 3316 solutio
1257 3243 1440 3306 necessaria
1461 3253 1510 3306 est
1531 3265 1588 3328 per
1615 3251 1736 3326 votum,
1770 3252 1806 3308 ut
1836 3245 1908 3308 sine
1939 3264 2006 3329 pro·

335 3353 407 3436 prio
431 3349 544 3415 salutis
568 3349 737 3437 dispendio
761 3349 857 3414 alicui
881 3348 1007 3414 resilire
1030 3371 1095 3413 non
1119 3347 1216 3413 110011
1236 3347 1278 3411 11)
1302 3345 1362 3428 his,
1387 3369 1450 3432 que
1474 3356 1588 3432 sponte
1618 3370 1657 3412 ac
1687 3347 1865 3414 solenniter
1900 3369 2004 3434 repro-

334 3455 430 3523 misit.
455 3454 651 3541 Accepimus
675 3454 845 3541 siquidem,
870 3453 1052 3539 quodcum
1078 3452 1187 3518 inclite
1210 3451 1442 3517 recordatiouis
1467 3451 1574 3536 Bicla)
1599 3453 1762 3540 quondam
1777 3476 1838 3519 rex
1854 3453 2006 3540 Ungarie,

336 3569 428 3646 pater
444 3569 527 3643 tuus,
545 3582 617 3625 cum
631 3569 744 3646 agerat
759 3561 791 3623 in
809 3561 972 3642 extremis,
989 3567 1021 3623 et
1036 3557 1076 3622 de
1093 3581 1151 3622 sua
1168 3560 1294 3645 penitus
1310 3559 1569 3624 conualesceutia
1581 3559 1777 3645 desperaret,
1791 3570 1913 3640 votum,
1926 3557 2006 3644 quod

335 3674 470 3730 1010111
493 3664 634 3748 domiuo,
658 3663 973 3730 hierosolomitanam
998 3665 1199 3748 prouinciam
1223 3665 1256 3727 in
1282 3661 1358 3729 forti
1382 3685 1479 3727 manu
1503 3672 1535 3728 01
1569 3663 1701 3728 brachio
1733 3673 1876 3744 extento,
1913 3661 2005 3728 corde

334 3779 440 3834 11111011
465 3768 578 3835 humili
602 3778 633 3834 01
654 3768 820 3834 humiliato
845 3770 970 3856 spiritu,
995 3769 1137 3851 visitare,
1155 3768 1225 3850 ,sub
1243 3769 1502 3834 interminatione
1520 3777 1653 3855 paterne
1669 3768 1910 3838 maledictionis
1927 3791 2006 3832 com-

337 3877 462 3940 miserit
483 3884 537 3939 110
560 3873 635 3938 fidei
660 3873 895 3959 exequendum.
919 3873 963 3938 Et
986 3882 1020 3936 11
1041 3871 1204 3938 intellecta
1228 3875 1282 3958 pia
1314 3870 1479 3938 voluntate
1515 3875 1668 3958 parentis,
1704 3883 1870 3958 assumpto
1908 3875 2007 3938 crucis

336 3978 512 4066 signaculo,
536 3987 568 4043 te
593 3979 623 4042 id
647 3978 882 4065 implecturum,
907 3980 976 4042 sino
997 3977 1150 4043 dilatione
1177 3979 1320 4066 qualibet
1342 3981 1540 4065 promisisse.
1565 3978 1687 4044 Verum
1711 3979 1824 4044 eodem
1843 3990 1935 4065 patre
1954 3990 2002 4042 tuo

335 4083 461 4151 sublato
485 4083 526 4150 de
550 4082 664 4164 medio,
690 4102 789 4169 quum
814 4082 1144 4170 hyerosolomitanum
1167 4084 1228 4148 iter
1249 4094 1286 4149 10Ι
1304 4086 1452 4172 accipere
1487 4083 1683 4165 simulasses,
1720 4093 1863 4149 assumta
1900 4093 2001 4149 tamen

335 4189 604 4277 peregrinationis
627 4187 757 4269 oblitus,
781 4210 878 4274 quam
901 4198 1013 4254 contra
1034 4189 1182 4254 inimicos
1205 4191 1310 4254 crucis
1335 4190 1474 4274 dirigere
1498 4188 1668 4270 debueras,
1693 4190 1726 4252 in
1750 4188 1882 4253 fratrem
1918 4199 2002 4254 tunm

336 4306 369 4360 et
392 4317 527 4380 regnum
551 4293 696 4381 Ungaric
720 4295 909 4360 conuertisti
932 4295 1034 4360 aciem
1067 4293 1267 4374 bellatorum,
1302 4303 1347 4360 01
1367 4294 1467 4359 multa
1502 4303 1614 4359 contra
1648 4296 1854 4359 serenitatem
1877 4296 2004 4379 regiam,

336 4399 550 4484 malignorum
575 4421 653 4464 usus
677 4397 824 4480 consilio,
847 4399 1048 4464 commisisti.
1073 4397 1141 4464 Nos
1164 4407 1271 4464 autem
1293 4421 1374 4486 quos
1398 4399 1512 4464 diebus
1535 4400 1605 4464 istis
1633 4399 1674 4463 ad
1707 4401 1911 4485 pontificatus
1944 4397 2005 4463 offi-

336 4507 432 4589 cium,
456 4503 533 4571 licet
555 4505 741 4585 immeritos,
766 4503 916 4570 dominus
938 4505 1095 4588 euocauit,
1119 4513 1183 4569 tam
1207 4505 1278 4591 paci
1299 4505 1390 4590 regui
1415 4503 1568 4589 Ungarie,
1593 4525 1689 4591 quam
1713 4514 1769 4570 tue
1791 4503 1939 4570 volentes
1961 4526 2004 4568 sa·

337 4610 397 4676 luti
417 4609 595 4691 consulere,
619 4609 822 4676 nobilitatem
844 4618 933 4675 tuam
957 4632 1118 4696 rogamus,
1143 4632 1310 4675 monemus
1334 4619 1366 4675 01
1399 4609 1606 4675 exhortamur
1641 4612 1674 4676 iu
1709 4611 1849 4687 domino,
1884 4633 1923 4676 ac
1956 4630 2009 4696 per

337 4715 515 4804 apbstolica
539 4716 597 4781 tibi
620 4717 741 4802 scripta
764 4715 971 4803 precipiendo
996 4715 1195 4798 mandamus,
1219 4725 1377 4801 quatenus
1401 4717 1587 4802 postpositis
1604 4718 1719 4781 ceteris
1732 4715 2008 4795 sollicitudinibus,

337 4842 442 4908 usque
466 4821 507 4886 ad
530 4820 649 4886 festum
673 4819 879 4886 exaltationis
903 4830 1014 4886 sancte
1037 4823 1142 4886 crucis
1166 4823 1314 4907 proxime
1347 4829 1529 4904 venturum,
1565 4819 1710 4886 debitum
1745 4831 1879 4908 accepte
1907 4821 2006 4886 crucis

338 4925 525 5010 exsoluens,
550 4927 749 5012 propositum
773 4928 835 4992 iter
855 4913 992 5012 arripias
1012 4934 1045 4990 01
1072 4924 1237 4990 humiliter
1268 4927 1482 5012 prosequaris,
1515 4949 1565 5009 ne,
1597 4927 1624 4988 si
1656 4947 1736 4990 onus
1772 4927 1833 4992 tibi
1868 4950 1887 4990 a
1922 4934 2006 5012 patre

338 5033 529 5116 iniunctum,
554 5037 587 5095 et
608 5053 629 5095 a
651 5039 682 5096 10
706 5039 820 5117 sponte
844 5039 1040 5118 susceptum,
1065 5031 1235 5096 occasione
1264 5030 1408 5116 qualibet
1438 5031 1637 5114 detrectaris,
1666 5039 1802 5117 paterna
1833 5040 1864 5096 te
1895 5029 2006 5095 reddas

339 5144 546 5204 successione
570 5133 749 5221 indignum,
772 5144 805 5201 et
826 5134 1014 5201 hereditatis
1038 5135 1254 5202 emolumento
1278 5137 1425 5222 priueris,
1450 5137 1541 5200 cuius
1571 5137 1774 5206 recusaueris
1804 5158 1903 5202 onera
1936 5157 2002 5220 sup·

340 5253 477 5334 portare.
502 5243 648 5310 Sciturus
672 5262 715 5306 ex
738 5249 824 5326 tuuc,
847 5240 1061 5308 anathematis
1084 5250 1116 5306 10
1137 5241 1268 5307 vinculo
1291 5241 1468 5325 subiacere,
1493 5251 1526 5307 01
1548 5243 1629 5318 1110,
1652 5241 1738 5327 quod
1762 5241 1832 5326 tibi,
1856 5243 1883 5306 si
1906 5240 2003 5306 dictus
