4292 5926
324 386 367 452 10

325 603 345 644 a
369 578 461 644 nobis
485 578 646 662 scriptum
674 577 863 658 detulerant,
889 580 1020 642 iurares.
1051 577 1086 642 ln
1120 578 1227 665 pallio,
1252 580 1359 662 frater,
1402 578 1568 666 plenitudo
1599 579 1787 645 conceditur
1819 579 2008 666 pontificalis

323 683 432 763 officii,
455 686 531 770 quia
553 685 645 748 iuxta
670 681 757 755 sedis
781 683 966 769 apostolice,
991 695 1022 748 et
1046 686 1142 748 totius
1167 683 1303 748 ecclesie
1327 684 1606 766 consuetudinem,
1631 695 1705 749 autc
1741 693 1910 770 accepturu
1946 683 2007 770 pal-

323 789 410 872 lium,
435 787 690 874 metropolitanis
716 789 846 852 minime
871 787 948 854 licet
970 801 1025 854 aut
1046 792 1214 877 episcopos
1238 813 1438 870 consecrare,
1471 800 1527 854 aut
1551 789 1710 877 synodum
1735 789 1915 854 celebrare.
1951 789 2006 853 tti-

322 903 434 962 rcntur
456 897 489 958 in
512 893 573 958 hac
597 917 696 959 causa
719 909 751 958 et
774 895 940 960 dominum
964 895 1077 960 Jesum
1104 895 1288 976 Christum3
1313 919 1410 982 quum
1436 897 1521 960 enim
1547 895 1696 960 dominus
1719 895 1818 960 Josus
1850 894 2006 976 Christus,

323 1009 357 1064 ut
381 1001 523 1065 omnium
549 1001 659 1064 ouium
683 1021 813 1065 suarum
839 1025 950 1066 curam
977 1001 1100 1066 Simoni
1124 1001 1220 1066 Petro
1244 1003 1469 1082 committeret,
1495 1001 1711 1066 conditionem
1736 1002 1853 1086 posuit,
1880 999 2006 1065 dicens:

322 1098 443 1191 Diligis
467 1129 527 1186 mc,
551 1105 663 1170 Simon
688 1106 792 1188 Patre,
817 1129 913 1193 pasce
937 1130 1015 1172 oues
1040 1130 1136 1172 meas.
1163 1105 1196 1171 si
1223 1108 1496 1172 conscientiarum
1518 1107 1623 1170 lactor
1653 1117 1686 1171 ct
1717 1105 1864 1172 conditor
1899 1105 2006 1170 condi·

322 1214 408 1276 tione
432 1211 492 1276 hac
517 1235 593 1276 usus
618 1221 675 1288 est,
701 1234 760 1276 uec
784 1211 884 1277 semel
909 1221 1007 1293 tanto,
1032 1213 1090 1277 sed
1114 1222 1147 1278 et
1171 1213 1323 1294 secundo,
1349 1224 1380 1277 et
1413 1236 1513 1300 usquc
1544 1212 1586 1277 ad
1618 1214 1914 1293 contristationem,
1948 1234 2008 1298 qua
2061 1239 2070 1266 ·
2107 1232 2114 1265 r

324 1341 382 1382 nos
405 1317 620 1398 solicitudine,
646 1339 711 1404 qua
732 1321 916 1404 prouisione
940 1321 1066 1405 oportet
1081 1329 1202 1384 tantam
1221 1319 1358 1384 ecclesie
1379 1319 1600 1405 prelationem,
1617 1330 1739 1385 tantam
1756 1319 1877 1384 Christi
1895 1321 2004 1384 ouium

321 1447 430 1488 curam
454 1423 608 1488 fratribus
633 1427 808 1510 imponere,
830 1447 967 1511 quorum
992 1427 1207 1490 conscientias
1233 1448 1295 1488 non
1334 1425 1494 1506 videmus,
1526 1424 1590 1490 illis
1624 1427 1776 1507 maxime,
1809 1447 1889 1513 quos
1921 1424 2008 1490 nullo

324 1552 383 1594 usu
408 1531 566 1613 nouimus,
591 1553 727 1616 quorum
752 1530 956 1596 dilectionem
982 1532 1109 1616 penitus
1134 1533 1332 1616 ignoramus.
1359 1531 1469 1612 Aiunt,
1496 1553 1589 1596 omne
1606 1533 1653 1595 ius
1678 1531 1852 1596 iurandum
1873 1555 1893 1596 a
1919 1529 2008 1596 Chri-

322 1645 371 1700 sto
397 1635 457 1700 dco
483 1637 514 1699 iu
535 1635 706 1722 euangelio
731 1653 802 1701 csse
826 1635 1034 1723 prohibitum,
1062 1659 1119 1702 nec
1140 1637 1181 1702 ab
1206 1638 1285 1722 ipsis
1310 1635 1464 1722 apostolis
1489 1647 1561 1723 post
1585 1637 1762 1717 dominum,
1786 1661 1847 1702 nec
1870 1639 1902 1702 in
1936 1660 2008 1702 cou-

323 1740 404 1806 ciliis
429 1743 566 1805 inueniri
590 1764 685 1826 posse
709 1751 874 1822 statutum,
899 1742 977 1830 quid
1002 1752 1052 1806 cst
1076 1765 1163 1827 ergo,
1189 1741 1276 1830 quod
1300 1742 1384 1806 idem
1410 1742 1561 1806 dominus
1586 1741 1804 1829 subsequutus
1834 1745 1889 1821 ait,
1923 1742 2008 1828 quod

323 1846 462 1934 amplius
488 1857 582 1926 csta
606 1847 690 1912 malo
716 1859 772 1912 est.
798 1847 871 1913 Hoc
890 1850 975 1913 enim
999 1846 1148 1934 amplius,
1175 1859 1209 1912 ut
1240 1849 1420 1932 exigamus,
1453 1847 1572 1912 malurn
1604 1869 1673 1928 nos,
1707 1846 1761 1912 illo
1801 1849 2008 1934 permittente

324 1951 496 2040 compellit.
522 1951 637 2017 Nonne
660 1951 778 2018 malum
802 1963 852 2019 est
874 1953 916 2018 ab
941 1953 1077 2019 ecclesie
1101 1955 1276 2034 unitats,a
1309 1952 1395 2018 sedis
1427 1952 1604 2039 apostolice
1636 1952 1822 2018 obedientia
1852 1950 2008 2016 resilire?
2050 2007 2054 2016 .

325 2059 437 2124 Nonne
460 2057 579 2123 malum
604 2068 661 2142 est,
686 2068 798 2125 contra
822 2081 987 2125 sacrorum
1012 2081 1171 2124 canonum
1188 2067 1307 2124 statuta
1321 2057 1554 2144 prorumpere?
1580 2055 1686 2138 Quam
1707 2057 1800 2122 multi
1829 2059 1890 2122 hoc
1908 2057 2009 2122 etiam

324 2172 396 2250 post
419 2175 655 2228 sacramentum
680 2163 970 2252 presumpserunt?
994 2163 1108 2229 Nonne
1133 2163 1344 2250 predecessor
1368 2177 1449 2244 tuus,
1477 2173 1583 2250 preter
1606 2164 1730 2227 romani
1757 2163 1918 2248 pontificis
1936 2184 2010 2226 con·

323 2271 498 2352 scientiam,
523 2269 690 2334 damnauit
713 2271 926 2358 episcopum?
947 2271 1065 2357 quibus
1090 2271 1150 2334 hoc
1173 2268 1362 2351 canonibus,
1388 2268 1506 2356 quibus
1538 2268 1684 2334 conciliis
1718 2268 1836 2353 legitur
1868 2269 2025 2354 permis.

327 2373 423 2438 sum?
447 2372 533 2455 Quid
556 2397 653 2461 super
677 2377 901 2462 episcoporum
927 2373 1193 2441 translationibus
1218 2374 1341 2460 loquar,
1362 2398 1425 2461 que
1447 2374 1532 2461 apud
1556 2397 1615 2438 vos
1640 2397 1703 2438 nou
1725 2379 1918 2439 auctoritate
1935 2395 2011 2456 apo·

327 2479 450 2562 stolica,
475 2479 532 2545 scd
557 2491 635 2545 nutu
659 2483 773 2567 regis
798 2486 1049 2568 presumuntur?
1072 2481 1208 2566 Propter
1231 2479 1292 2544 hec
1315 2479 1400 2544 mala
1423 2491 1454 2544 et
1476 2479 1703 2546 aliaeuitauda
1720 2479 1904 2545 huiusmodi
1923 2481 2009 2544 iura·

325 2595 467 2650 mentum
492 2587 643 2671 exigitur.
670 2586 737 2652 Cur
760 2570 867 2652 autem
892 2589 1106 2652 iuramentum
1129 2585 1280 2649 dominus
1305 2584 1514 2670 prohibuerit,
1538 2586 1704 2672 apostolus
1726 2586 1872 2652 Jacobus
1907 2585 2011 2649 mani·

324 2690 584 2757 feste·adiiciens
608 2693 718 2760 docet:
744 2705 865 2758 utnon
890 2694 950 2758 sub
975 2691 1127 2756 iudicium
1152 2691 1314 2771 incidatis,
1340 2714 1379 2756 ne
1410 2693 1592 2778 quisquam,
1626 2694 1709 2757 sicut
1739 2703 1772 2757 et
1804 2691 2013 2774 Augustinus

325 2801 468 2883 exponit,
492 2799 680 2864 assiduitate
705 2800 831 2864 iurandi
855 2799 897 2864 ad
923 2800 1097 2886 periurium
1122 2819 1180 2883 per
1202 2796 1469 2861 consuetudinem
1494 2797 1664 2864 dilabatur.
1696 2797 1902 2885 Quapropter
1927 2798 2014 2861 iura·

325 2906 411 2970 tione
435 2906 507 2992 quis
532 2929 594 2970 non
619 2916 735 2990 utatur,
756 2908 816 2972 nisi
841 2909 1042 2977 necessitate,
1067 2925 1166 2990 quum
1191 2903 1280 2968 videt
1304 2904 1412 2988 pigros
1446 2925 1518 2967 esse
1551 2902 1697 2968 homines
1726 2903 1767 2968 ad
1793 2901 2013 2980 credendum,

325 3010 411 3097 quod
437 3009 513 3076 utile
536 3021 585 3075 est
608 3014 654 3076 eis
679 3007 821 3094 credere,
849 3013 910 3077 nisi
930 3012 1089 3076 iuratione
1114 3009 1269 3074 firmetur.
1296 3009 1368 3074 Hoc
1391 3011 1541 3074 nimirum
1559 3009 1643 3075 malo
1660 3021 1692 3074 et
1708 3011 1901 3074 necessitate
1918 3031 2009 3073 com·
2127 3070 2133 3085 ,

326 3115 475 3201 pellimur
495 3119 710 3183 iuramentum
735 3140 793 3205 pro
816 3117 889 3198 fide,
922 3140 980 3205 pro
1009 3115 1214 3196 obiedientia,
1243 3137 1299 3198 pro
1331 3118 1453 3179 unitate
1485 3118 1659 3200 requirere.
1691 3115 1792 3179 Porro
1826 3113 2011 3198 apostolum

325 3221 461 3286 Paulum
486 3246 542 3308 pro
566 3224 748 3290 auditorum
773 3223 955 3288 diffidentia
979 3224 1113 3304 iurasse,
1136 3221 1205 3286 eius
1230 3220 1364 3308 epistole
1388 3230 1556 3286 testantur.
1582 3221 1683 3286 Aiunt
1705 3223 1735 3285 in
1766 3221 1912 3286 conciliis
1948 3231 2010 3285 sta·

325 3337 428 3391 tutum
454 3351 516 3393 uon
542 3332 689 3393 inueniri.
715 3328 815 3411 Quasi
842 3351 972 3393 romane
996 3327 1131 3392 ecclesie
1156 3326 1259 3412 legem
1285 3325 1421 3391 concilia
1448 3325 1514 3391 ulla
1536 3326 1746 3412 profixcrintq
1765 3349 1865 3414 quum
1900 3328 2014 3391 omnia

326 3433 471 3514 concilia,
502 3458 559 3521 per
593 3433 729 3499 ecclesie
764 3457 894 3500 romane
929 3435 1152 3499 auctoritatem
1189 3443 1221 3497 et
1252 3433 1337 3497 facta
1373 3434 1446 3516 sint,
1482 3443 1515 3498 et
1548 3433 1647 3498 robur
1679 3434 1870 3518 acceperint,
1905 3442 1943 3497 et
1981 3433 2015 3496 in

326 3563 436 3604 corum
461 3543 589 3604 statutis
613 3565 746 3638 romana
769 3552 915 3628 patenter
949 3543 1123 3606 auctoritas
1155 3541 1346 3626 excipiatur,
1378 3560 1482 3604 nonus
1515 3540 1549 3602 in
1583 3537 1846 3604 chalcedonensis
1880 3536 2016 3602 concilii

324 3648 450 3710 actions
474 3647 562 3712 XVI.
587 3657 739 3712 statutum
767 3657 840 3738 ests
856 3657 930 3712 anta
955 3649 1062 3712 omnia
1086 3646 1218 3734 quidem
1243 3647 1400 3732 primatus
1423 3645 1577 3708 honorem
1611 3647 1801 3730 precipuum
1830 3643 2015 3708 secundum

326 3774 467 3816 canones
490 3754 621 3838 antique
646 3753 747 3818 Rome
770 3753 1041 3818 reuerendissimo
1062 3739 1306 3838 archiepiscopo
1332 3750 1546 3816 conseruari?
1570 3750 1686 3836 Itaque
1710 3749 1797 3836 quod
1814 3757 2017 3814 censuerunt

326 3881 385 3922 rex
404 3869 435 3922 et
459 3869 635 3944 magnates,
659 3883 678 3924 a
702 3857 888 3945 supradicta
911 3859 1105 3923 sacramenti
1128 3858 1312 3923 conditione
1338 3871 1368 3922 ta
1393 3857 1569 3943 quiescere,
1594 3855 1722 3920 videtur
1746 3879 1786 3919 ue
1810 3855 1905 3920 vobis
1929 3852 2014 3918 iudi·

326 3965 411 4028 cium
437 3963 690 4048 euangelicum?
714 3965 850 4030 Videtur
872 3988 910 4030 ne
935 3966 1089 4050 primatus
1115 3966 1214 4028 nostri
1238 3963 1340 4027 honor
1364 3960 1563 4049 precipuus?
1587 3959 1750 4048 Numquid
1766 3959 2015 4024 animocecidit

326 4069 382 4135 illa
405 4072 564 4135 sententia
588 4071 726 4136 domini:
751 4071 823 4134 Non
841 4081 890 4136 est
913 4069 1091 4156 discipulus
1115 4093 1212 4151 supra
1237 4067 1452 4153 magistrum?
1476 4065 1639 4152 Numquid
1663 4066 1843 4150 hungarico
1869 4065 2015 4150 principi

327 4175 446 4240 dictum
471 4186 534 4241 est:
559 4175 601 4240 Et
625 4187 658 4240 tu
682 4199 857 4241 conuersus
881 4177 1038 4241 confirma
1061 4175 1176 4240 fratres
1201 4175 1298 4240 tuos?
1333 4173 1497 4260 Numquid
1530 4173 1591 4237 hec
1621 4195 1680 4236 nos
1715 4169 1875 4236 commodi
1907 4171 2015 4234 nostri

328 4281 525 4368 profectione
549 4284 751 4368 requirimus,
776 4292 808 4348 et
831 4305 893 4347 non
919 4284 1049 4348 unitatis
1074 4279 1232 4346 catholice
1266 4281 1435 4344 statuimus
1466 4277 1729 4346 firmamentum?
1763 4276 1902 4342 Possunt
1935 4298 2016 4361 apo·

327 4385 474 4452 stolicam
499 4387 606 4453 sedem
629 4399 843 4467 contemnere,
870 4399 1003 4473 possunt
1026 4388 1198 4452 aduersum
1224 4409 1282 4452 nos
1299 4385 1484 4452 calcaneum
1503 4407 1596 4449 suum
1612 4383 1758 4465 sleuare;
1783 4382 1892 4446 datum
1910 4405 1933 4446 a
1952 4381 2016 4446 deo

327 4493 532 4580 priuilegium
558 4506 703 4559 euertere
727 4494 778 4558 vel
802 4495 929 4559 auferre
952 4518 1016 4560 non
1042 4505 1183 4580 possunt,
1208 4515 1272 4580 quo
1298 4493 1393 4556 Petro
1417 4490 1538 4556 dictum
1572 4497 1637 4554 est:
1669 4489 1719 4553 'Pu
1751 4512 1785 4552 es
1817 4487 1948 4568 Petrus,
1985 4497 2019 4551 et

326 4621 423 4684 super
446 4581 537 4664 hano?
552 4609 675 4686 petram
700 4600 857 4665 edificabo
882 4599 1052 4664 ecclesiam
1078 4622 1202 4678 meam,
1228 4608 1260 4662 et
1282 4596 1341 4661 tibi
1365 4596 1448 4660 dabo
1469 4594 1578 4661 claues
1602 4596 1692 4678 regni
1719 4593 1892 4659 coelorum.
1931 4591 2016 4672 Qui·

328 4707 388 4771 bus
410 4715 517 4771 tamen
541 4717 679 4792 quatuor
695 4707 903 4771 conciliorum
928 4705 1065 4772 decretis
1089 4703 1187 4768 dandi
1207 4704 1295 4790 pallii
1314 4703 1428 4768 modus
1446 4703 1642 4788 proscriptus
1658 4711 1718 4778 est,
1740 4709 1772 4764 et
1788 4697 2023 4785 professionis,

329 4811 381 4876 vel
406 4809 590 4875 obedientie
614 4811 692 4876 ordo
717 4815 858 4876 sancitus
883 4821 940 4876 est.
966 4810 1073 4891 Quum
1099 4813 1199 4895 igitur
1214 4833 1235 4874 a
1258 4811 1335 4873 sede
1359 4806 1537 4894 apostolica
1560 4818 1667 4873 vestre
1684 4807 1825 4892 insignia
1841 4804 2019 4889 dignitatis

328 4918 470 5000 exigitis,
496 4938 558 5002 que
580 4939 599 4980 a
619 4916 703 4981 beati
729 4928 851 4982 tantum
877 4917 961 4982 Petri
986 4939 1120 5001 corpore
1144 4925 1360 4996 assumuntur,
1385 4915 1500 4979 iustum
1532 4923 1588 4995 est,
1623 4923 1657 4976 ut
1686 4935 1744 4976 vos
1775 4933 1905 4997 quoquo
1942 4910 2017 4974 sedi

328 5020 504 5108 apostolice
531 5021 740 5088 subiectionis
765 5022 872 5087 debite
897 5027 989 5108 signa
1016 5022 1159 5104 soluatis,
1186 5042 1266 5107 quus
1290 5043 1349 5084 vos
1373 5043 1446 5085 oum
1469 5020 1564 5084 beato
1588 5019 1694 5100 Petro,
1717 5017 1881 5103 tamquam
1907 5039 2018 5080 mem-

328 5129 387 5194 bra
410 5127 451 5192 de
475 5127 629 5209 membro,
655 5127 778 5207 herere,
805 5139 837 5192 et
859 5128 1011 5194 catholici
1035 5131 1150 5214 capitis
1175 5129 1328 5193 unitatem
1354 5149 1484 5190 seruare
1509 5123 1682 5190 declarant.
1707 5121 1745 5188 In
1766 5121 1885 5209 quibus
1902 5145 1922 5183 a
1942 5145 2018 5208 pre-

329 5233 554 5300 decessoribus
579 5235 697 5299 uostris
721 5257 759 5299 ea
783 5244 833 5299 est
855 5233 1000 5301 adhibita
1024 5235 1209 5315 moderatio,
1235 5245 1270 5298 ut
1291 5231 1369 5297 nihil
1394 5233 1593 5313 iniuriosum,
1617 5227 1697 5294 nihil
1719 5225 1851 5292 difficile
1876 5229 1919 5290 sit
1954 5251 2014 5313 ap·
