4310 5918
1781 443 1844 512 125

162 627 251 716 ganlt
273 631 408 696 clericos
432 637 464 694 et
487 628 562 695 boni
580 627 754 694 testimonii
776 625 886 710 laicos,
903 627 930 693 si
947 650 999 694 res
1016 628 1059 694 ita
1078 651 1113 694 se
1129 627 1275 711 haberet,
1291 628 1562 716 quemadmodum
1586 631 1688 698 abbas
1712 636 1843 702 rettulit.

161 741 279 806 Cuncti
304 762 391 822 vero,
416 739 472 824 qui
495 735 638 817 aderant,
657 757 735 799 vera
757 735 934 798 assertione
950 732 1130 820 perhibent,
1154 733 1305 800 abbatem
1329 758 1441 800 verum
1466 736 1588 802 dixisse
1612 749 1644 803 et
1667 741 1844 807 secundum

160 847 367 912 donationem
385 841 539 924 Gorhiue,
560 851 690 906 sanctus
712 839 933 924 Chrisogonus
950 841 1036 902 omni
1054 861 1127 902 cum
1144 841 1270 904 iusticia
1286 839 1383 906 debet
1406 839 1535 923 habere,
1552 845 1632 908 etin
1655 857 1844 932 perpetuum

157 951 335 1038 possidere.
352 947 448 1013 Unde
464 949 541 1034 quia
564 946 713 1012 dominus
728 946 944 1032 apocrisarius
962 967 1018 1031 per
1035 945 1197 1008 ministros
1215 943 1275 1028 dei,
1295 944 1418 1010 scillcet
1435 948 1620 1014 sacerdotes
1642 959 1677 1014 et
1697 951 1843 1036 clericos,

158 1071 190 1122 et
215 1081 272 1141 per
297 1055 458 1120 veridicos
484 1053 585 1118 laicos
609 1053 763 1136 cognouit
785 1049 846 1114 hoo
869 1049 937 1115 lore
961 1059 996 1114 ut
1019 1073 1141 1132 verum,
1159 1051 1304 1136 protinus
1328 1073 1385 1137 per
1408 1054 1544 1137 virgam,
1568 1077 1664 1140 quam
1691 1059 1723 1122 iu
1748 1081 1843 1124 manu

158 1185 219 1228 sua
241 1161 384 1243 tenebat,
410 1159 576 1224 indestInit
599 1157 758 1244 prefatum
781 1155 930 1222 abbatem
960 1156 1000 1220 de
1029 1157 1100 1242 ipsa
1122 1155 1268 1236 ecclesia,
1291 1178 1330 1221 ac
1351 1157 1390 1220 de
1414 1157 1562 1222 omnibus
1586 1161 1684 1227 rebus
1707 1163 1748 1228 ad
1772 1187 1843 1230 eam

157 1267 406 1356 pertinentibus,
431 1263 486 1329 tali
513 1285 590 1328 vero
614 1261 721 1343 modo,
745 1261 831 1348 quod
854 1261 947 1341 absit,
968 1269 1000 1326 et
1024 1270 1148 1326 auertat
1171 1259 1261 1342 deus,
1286 1263 1312 1325 si
1337 1264 1409 1347 quis
1433 1284 1476 1328 ox
1500 1263 1622 1350 prefato
1647 1271 1841 1336 monasterio

156 1374 330 1440 ecclesiam
355 1369 442 1435 illam
469 1365 831 1450 abstrahere'voluerit,
867 1365 1127 1431 maledictionem
1149 1366 1201 1430 dci
1225 1376 1257 1429 et
1279 1369 1381 1432 sancti
1404 1366 1491 1432 Petri
1515 1371 1735 1456 apostolorum
1758 1378 1841 1461 prin·

155 1483 239 1566 cipis
263 1489 296 1544 et
318 1493 461 1544 nostram
480 1475 608 1557 habeat,
632 1483 752 1538 etcum
779 1473 867 1538 Juda
881 1471 1033 1537 traditore
1055 1471 1175 1554 domini
1199 1473 1299 1536 nostri
1322 1471 1424 1537 Jhesu
1449 1472 1570 1540 Christi
1588 1475 1792 1565 dampnetur,
1811 1493 1844 1548 et

155 1607 230 1650 eum
257 1582 386 1648 diabolo
410 1592 442 1646 et
465 1583 562 1646 sociis
583 1583 651 1646 eius
670 1581 702 1643 in
720 1578 844 1642 inferno
868 1586 1101 1642 concremetur.
1121 1575 1194 1641 Hoc
1210 1585 1317 1642 actum
1342 1589 1391 1642 est
1413 1580 1445 1643 in
1469 1584 1632 1666 presentia
1656 1589 1842 1670 apsarensis

155 1693 311 1778 episcopi,
347 1713 367 1754 a
390 1687 564 1774 Spalatinis
601 1697 632 1750 et
655 1709 674 1748 a
698 1694 813 1749 cuncto
836 1681 980 1764 concillo,
1011 1682 1273 1768 archiepiscopus
1305 1681 1435 1766 electus,
1462 1695 1493 1748 et
1521 1685 1665 1752 Rainerii
1689 1695 1841 1758 nonensis

153 1799 310 1885 episcopi,
327 1819 365 1861 ac
382 1795 514 1881 Georgii
532 1793 701 1874 veclensis,
727 1801 758 1856 ct
781 1789 912 1854 Andree
937 1789 1098 1876 quondam
1123 1789 1275 1873 episcopi,
1299 1810 1339 1852 ac
1362 1788 1533 1854 multorum
1559 1793 1715 1862 bonorum
1735 1782 1841 1862 homi·

153 1927 242 1986 num,
267 1915 412 1989 tempore
435 1899 549 1965 Nicole
574 1900 690 1984 prioris
715 1907 747 1960 et
772 1897 906 1980 stratigo
931 1896 1070 1959 ciuitatis
1093 1893 1222 1974 Jadere,
1247 1903 1278 1956 et
1301 1891 1474 1958 indictione
1499 1901 1609 1964 tercia.
1876 1889 1884 1902 ⁸

315 2049 421 2103 Matisa
444 2065 481 2130 na
503 2045 577 2100 Ioni.
601 2044 627 2100 U
648 2043 765 2115 gubern.
787 2041 952 2097 aadarslrom
976 2039 1084 2096 arkiru.
1107 2038 1185 2098 Cass.
1209 2039 1316 2096 XVIII.
1340 2041 1382 2096 br.
1407 2042 1481 2099 457.

838 2252 1019 2336 CXLIV.
1047 2252 1166 2340 1066.

155 2407 236 2486 dira
253 2424 414 2498 Dujmovu
438 2423 534 2481 adoro
554 2423 674 2496 ubilona
696 2421 827 2492 Andrr'J'e
849 2420 861 2475 i
883 2417 1041 2488 secutiolo
1060 2417 1173 2488 paura
1191 2414 1291 2490 MuJo,
1314 2417 1419 2478 odonis
1440 2436 1471 2478 se
1493 2421 1617 2494 uujedno
1640 2441 1675 2484 su
1702 2429 1839 2502 star'u'om

651 2525 752 2598 hterju
775 2524 963 2583 Domnanom
986 2521 1097 2593 postoli
1121 2521 1340 2594 katudjericom.

313 2651 667 2728 Anno'Incarnacionis
700 2661 821 2726 domini
843 2662 942 2724 nostri
960 2658 1063 2723 Jhesu
1089 2656 1208 2722 Christi
1234 2659 1393 2724 milesimo
1418 2667 1622 2748 sexagesimo
1643 2665 1703 2754 III.
1730 2667 1837 2736 Oresi-

151 2775 235 2836 miro
262 2793 338 2856 rege
362 2777 516 2854 regnante
541 2767 680 2848 Oroatis,
706 2777 738 2831 et
761 2764 924 2850 Stephano
947 2764 1066 2828 Jadere
1101 2761 1295 2850 presulante,
1319 2788 1357 2829 ac
1382 2766 1493 2852 Drago
1518 2770 1637 2835 ibidem
1663 2776 1836 2858 priorante.

150 2877 226 2962 Ego
252 2876 360 2956 (licea,
385 2874 452 2938 filia
475 2873 584 2938 Doimi
609 2881 641 2936 et
663 2871 850 2954 Vekenego,
876 2872 979 2956 neptis
1003 2869 1102 2932 Medii
1128 2870 1252 2954 prioris,
1276 2892 1359 2934 uxor
1391 2871 1530 2956 Andrec,
1562 2875 1620 2940 filii
1642 2877 1739 2964 Pape,
1765 2891 1837 2966 post

150 2983 410 3047 interfectionem
434 2981 550 3062 mariti,
575 2999 647 3042 eum
683 2977 808 3042 duabus
840 2997 1010 3041 remanens
1041 2973 1168 3040 filiabus
1200 2978 1232 3038 in
1264 2973 1430 3059 viduitate,
1469 2979 1621 3046 videlicet
1641 2983 1836 3052 Domnanna

149 3101 180 3154 et
205 3088 395 3171 Vekencga,
413 3087 482 3171 cepi
501 3083 597 3150 corde
614 3081 839 3170 perpendere!
858 3081 996 3168 qualiter
1013 3082 1103 3144 Istius
1122 3080 1242 3145 caduce
1261 3083 1325 3146 vite
1339 3105 1401 3146 non
1419 3084 1586 3170 perderem
1613 3086 1835 3176 hereditatem,

149 3206 180 3260 et
203 3193 344 3260 futuram
369 3215 432 3256 non
456 3192 670 3254 ammitterem
688 3190 953 3276 perpetuitatem
980 3189 1090 3274 sicque
1120 3186 1213 3251 michi
1240 3186 1401 3254 salubrius
1425 3192 1578 3256 estimans
1603 3195 1783 3278 consilium,
1801 3209 1836 3262 ut

150 3323 213 3387 ego
237 3321 310 3364 curn
334 3298 447 3362 maiori
471 3295 547 3374 filia,
583 3293 706 3359 scilicet
737 3294 943 3376 Domnanna,
975 3291 1035 3358 deo
1075 3291 1201 3357 dicerer
1232 3292 1397 3376 monacha,
1430 3297 1585 3362 minorem
1618 3321 1696 3366 vero
1727 3301 1834 3368 Valse-

148 3425 269 3488 negam
293 3400 431 3466 maritali
455 3399 626 3464 subderem
651 3399 739 3484 iugo,
763 3397 867 3462 Hqus
892 3419 969 3462 vero
986 3397 1112 3462 consilii
1136 3398 1267 3462 fratrem
1292 3421 1481 3483 germanum
1505 3413 1537 3466 et
1560 3409 1829 3492 consanguineos,

149 3533 232 3597 quos
256 3507 425 3588 habebam,
451 3507 648 3594 propinquos
672 3501 735 3568 leci
759 3502 855 3568 miehi
874 3504 1050 3584 conscios,⁹
1072 3502 1268 3588 Stephanum
1294 3507 1478 3592 episcopum
1498 3516 1530 3572 et
1547 3508 1658 3596 Drago
1682 3515 1832 3600 priorem,
1901 3533 1906 3552 ³

149 3627 180 3680 et
205 3614 350 3696 Urinam,
374 3614 476 3678 tocius
503 3613 565 3676 mei
589 3619 681 3674 actus
710 3617 944 3695 cooperatores,
969 3631 1007 3672 ac
1030 3608 1183 3695 prouidos
1208 3610 1419 3692 ordInatores,
1443 3621 1560 3698 etque
1585 3613 1736 3680 dictanda
1757 3631 1831 3686 sunt

148 3721 326 3786 adiutores.
351 3719 395 3782 At
418 3727 587 3804 postquam
610 3717 657 3780 eis
689 3713 776 3779 utilis
809 3723 858 3778 est
879 3716 948 3777 visu
972 3737 1044 3778 mea
1068 3714 1223 3795 tractatio,
1251 3715 1312 3800 ipsi
1345 3719 1505 3781 communi
1539 3739 1611 3782 cum
1644 3723 1831 3790 conciuibus

148 3825 260 3891 habito
285 3823 428 3906 concillo,
451 3845 490 3887 ac
512 3821 643 3886 Petrum
667 3821 906 3885 sanctissimum
941 3817 1090 3884 abbatem
1115 3821 1216 3882 sancti
1241 3817 1446 3904 Chrisogoni,
1478 3845 1550 3886 cum
1583 3825 1731 3891 omnibus
1766 3851 1830 3893 mo·

147 3932 262 3996 nachis
285 3931 362 3995 huic
389 3929 609 3994 innectentes³
633 3925 843 4008 meditatIoni,
861 3925 1063 3990 donauerunt
1079 3923 1174 3990 michi
1192 3923 1423 3990 ecclesiolam⁴
1441 3937 1551 3994 sancte
1569 3927 1672 3995 Mario
1697 3934 1828 4000 minoris

149 4047 225 4101 ante
249 4045 374 4123 portam
398 4033 531 4118 Bellate,
555 4043 590 4098 ut
615 4033 659 4097 ibi
684 4035 913 4099 monasterium
938 4068 980 4078 -
1005 4069 1043 4079 -
1068 4069 1111 4078 —
1135 4067 1178 4078 -
1201 4030 1301 4118 (dalje
1326 4031 1458 4120 manjka
1481 4034 1552 4098 cieli
1577 4035 1656 4118 list).

308 4157 372 4212 Dra
394 4155 515 4228 prepisa,
539 4154 630 4226 stariji
653 4154 662 4208 i
685 4153 771 4225 noviji
792 4152 895 4225 duvaju
918 4170 947 4208 se
971 4171 989 4208 u
1012 4149 1112 4209 arhivn
1135 4151 1329 4223 kaludJ'en'cah
1352 4153 1500 4208 radarskih
1527 4173 1566 4210 sv.
1591 4156 1695 4228 llariJ'e.

694 4391 853 4478 cxliv.
882 4389 1000 4505 roeo.
1030 4391 1068 4478 o
1095 4392 1286 4497 ronna

148 4561 297 4620 Kresimr'r
320 4561 339 4619 1
346 4557 378 4620 V.
402 4557 482 4632 hrulj
505 4553 640 4618 hroutslti
662 4555 768 4632 duruJ‘e
790 4557 1094 4633 nouosuprodjmomu
1114 4561 1287 4618 consostanu
1303 4575 1346 4620 so.
1369 4555 1486 4634 Martie
1501 4578 1523 4622 a
1543 4559 1646 4622 Zadru
1662 4563 1828 4637 hrulieualro

853 4666 965 4738 imorue
990 4664 1127 4738 Tola'm'u.
1668 4677 1671 4684 ’

307 4802 404 4868 Anno
424 4803 585 4868 dominice
607 4803 835 4866 incarnationis
859 4800 1028 4867 millesimo
1053 4803 1265 4886 sexagesimo,
1291 4801 1447 4893 (sexto)⁵,
1471 4803 1542 4889 Ego
1567 4803 1741 4872 Cressimir
1765 4829 1824 4871 rex

148 4908 306 4975 Chroacie
331 4918 364 4972 et
387 4907 565 4990 Dalmacis,
587 4907 630 4972 ob
653 4907 830 4973 remedium
854 4909 960 4972 anime
984 4929 1055 4972 mee
1078 4917 1110 4970 et
1137 4929 1359 4991 precessorum
1376 4931 1519 4974 meorum
1539 4913 1733 4976 monasterio
1751 4935 1822 4978 san-

182 5186 185 5192 ,
256 5123 264 5160 ¹
281 5127 309 5184 U
331 5128 450 5223 drogon
467 5125 579 5198 prepisn
595 5126 722 5182 dodano:
739 5126 909 5182 adsalutem
928 5125 1021 5180 anime
1037 5141 1105 5180 mee.
1129 5119 1143 5158 ²
1158 5123 1184 5182 U
1200 5125 1241 5180 dr
1265 5126 1379 5197 prepisu
1398 5126 1496 5182 sltedi·
1519 5135 1556 5182 ot
1574 5123 1822 5185 ³consonticutes.

147 5209 214 5270 ⁴Et
234 5217 347 5270 domurn
372 5211 520 5284 virginum.
547 5208 742 5284 ⁵UJ'ednom
778 5214 889 5284 prepisu
913 5213 1025 5284 stojig.
1050 5213 1196 5268 millesImo
1220 5215 1428 5284 septuagesimo
1460 5215 1592 5284 seeundo,
1616 5233 1634 5270 u
1656 5216 1747 5286 druge
1768 5217 1823 5272 dra

145 5302 255 5373 kasuiJ'a
278 5303 392 5374 prepisn
414 5302 507 5358 imadu
532 5319 558 5372 g
581 5302 728 5356 millesimo
751 5301 923 5372 sexagesimo
947 5307 1034 5370 sexto,
1057 5301 1100 5355 sto
1123 5303 1150 5372 je
1174 5300 1183 5354 i
1206 5301 1391 5372 vjeroJatnije,
1411 5302 1458 5371 jer
1480 5301 1556 5406 hako
1573 5303 1705 5378 prvaan'a
1729 5303 1825 5360 listiua

144 5389 274 5462 sriedcbi,
306 5390 455 5463 postsde'
448 5407 456 5444 r
481 5371 554 5444 dits
577 5391 629 5444 iste
651 5389 755 5462 godine
779 5387 990 5460 kaludjericorn.
