4350 5932
1796 403 1838 468 41

158 595 323 663 Venetici:
348 597 382 663 Si
405 605 439 662 tu
462 597 623 684 promittis
643 597 766 662 seruire
790 597 819 660 ci
843 617 917 662 oum
940 603 1006 660 tote
1030 603 1135 660 mente
1159 601 1192 658 et
1214 615 1332 674 amore,
1356 593 1526 658 vendimus
1550 592 1619 677 tibi,
1643 604 1675 660 et
1709 597 1735 662 ei
1767 618 1841 680 uon,
1900 667 1902 674 ¹

159 725 221 768 non
245 703 396 770 dabimus
419 702 477 768 tibi
502 725 593 786 eum3
618 712 650 768 et
672 701 790 767 deinde
814 701 971 788 promittit
994 721 1030 764 se
1053 721 1172 765 vouere
1205 697 1373 764 ecclesiam
1398 700 1429 762 in
1454 701 1523 763 eius
1549 702 1687 784 nomine,
1712 711 1744 766 et
1766 723 1843 766 ven·

159 809 310 874 diderunt
329 832 403 874 eum
433 809 551 874 domno
584 807 774 890 Andreatio,
800 817 832 871 et
862 807 1062 892 comparauit
1091 805 1179 870 illum
1205 827 1262 890 per
1296 803 1468 869 ducentum
1494 803 1614 868 solidos
1638 827 1788 871 romanos
1812 815 1844 872 et
1959 816 1961 824 ’

158 935 253 978 uuam
286 935 437 978 coronam
468 923 675 998 gemmatam,
708 932 765 1000 per
786 922 915 978 centrum
947 911 1086 994 solidos;
1109 911 1193 976 fiunt
1225 909 1320 975 simul
1354 912 1488 976 trecenti
1521 909 1635 992 solidi,
1659 921 1690 976 et
1714 911 1843 999 quando

157 1039 230 1083 eum
255 1026 476 1105 exposuerunt
499 1018 539 1082 de
562 1021 647 1100 naui,
685 1027 848 1084 venerunt
870 1017 978 1082 clerici
1003 1015 1178 1082 secuudum
1203 1015 1359 1097 ordinem,
1392 1018 1445 1102 qui
1477 1017 1614 1102 pertinet
1643 1016 1683 1081 sd
1715 1039 1842 1083 sacrum

158 1145 285 1209 corpus,
311 1122 440 1210 quando
464 1131 572 1188 autem
604 1132 817 1210 portauerant
851 1145 910 1210 per
943 1125 1030 1187 viem
1053 1121 1113 1186 fori
1138 1143 1255 1208 corpus
1291 1123 1392 1186 sancti
1428 1120 1624 1208 Tryphonis,
1647 1130 1679 1186 et
1702 1107 1789 1188 stetit
1811 1132 1844 1188 et

157 1230 247 1292 venit
270 1228 464 1308 nauclerius,
489 1230 545 1316 qui
569 1251 642 1292 eum
677 1227 869 1310 adduxerat,
901 1235 933 1293 et
955 1227 1054 1292 dixit:
1089 1225 1141 1292 Ob
1176 1235 1286 1290 sancte
1318 1223 1483 1311 Tryphon,
1515 1235 1604 1290 tanto
1635 1235 1779 1312 tempore
1812 1236 1844 1293 te

158 1332 283 1397 adduxi
307 1343 340 1397 et
362 1331 458 1398 modo
480 1332 533 1396 hio
555 1355 685 1419 passum
711 1355 828 1420 perge;
852 1343 884 1398 et
900 1335 1037 1398 extorsit
1053 1333 1122 1396 eius
1139 1353 1175 1395 os
1194 1331 1349 1417 usquead
1367 1353 1472 1412 aures,
1490 1341 1522 1396 et
1534 1331 1594 1396 hoc
1610 1331 1687 1397 fecit
1705 1334 1842 1418 primum

158 1436 348 1502 miraculum
373 1447 405 1501 et
429 1437 539 1502 clerici
562 1449 734 1502 creuerunt
755 1438 796 1502 ad
816 1448 961 1503 sanctum
986 1436 1193 1523 Tryphonem
1211 1447 1243 1501 ct
1259 1435 1336 1501 iecit
1354 1435 1606 1500 misericordiam
1625 1459 1722 1523 super
1736 1439 1842 1524 ipsum

157 1543 358 1625 nauclerum,
383 1553 415 1608 et
438 1554 648 1630 portauerant
681 1565 752 1608 eum
778 1542 885 1630 paulo,
910 1554 942 1607 ct
964 1543 1037 1608 fixit
1061 1565 1111 1619 se;
1141 1552 1174 1606 et
1206 1541 1343 1606 domnus
1375 1540 1572 1606 Andreatius
1602 1564 1674 1606 cum
1706 1545 1844 1630 coniuge

158 1671 216 1713 sua
238 1647 345 1712 Maria
367 1647 445 1713 fecit
467 1651 500 1713 iu
524 1649 614 1712 illum
639 1647 743 1713 locum
778 1647 947 1714 ecclesiam
971 1650 1004 1712 in
1029 1650 1157 1712 nomine
1180 1648 1259 1726 eius,
1280 1659 1312 1709 et
1340 1656 1505 1728 permanet
1536 1649 1693 1732 usquein
1717 1647 1843 1712 hodier·
1952 1715 1955 1730 ,

158 1775 235 1818 num
251 1753 338 1818 diem
354 1754 394 1818 ad
412 1739 542 1819 laudeni
562 1765 593 1819 et
613 1753 768 1818 bonorem
791 1756 894 1818 sancti
911 1751 1105 1839 Tryphonis,
1123 1751 1251 1816 ethaeo
1276 1749 1336 1816 fuit
1360 1751 1506 1816 subiecta
1529 1751 1650 1816 domnii
1674 1751 1843 1818 Andreatii

158 1879 254 1944 quam
279 1857 410 1938 habuit;
435 1869 468 1924 et
490 1859 580 1924 dedit
602 1881 672 1924 eam
702 1859 779 1923 filiis
812 1861 888 1940 suis,
912 1857 1075 1922 adunam
1111 1855 1211 1922 filium
1236 1855 1472 1921 deditcentum
1496 1855 1635 1936 solidos;
1659 1865 1691 1920 ct
1713 1855 1753 1926 hi
1769 1865 1844 1922 suut

158 1963 263 2028 liberti
289 1965 375 2028 eius:
399 1965 544 2029 Marinus
565 1974 597 2028 et
620 1963 813 2030 Premarch:
839 1974 871 2028 ct
894 1973 968 2028 suut
991 1963 1147 2048 comprati
1166 1963 1197 2026 in
1218 1985 1284 2028 una
1301 1983 1457 2027 scarauza
1473 1962 1513 2026 de
1529 1971 1641 2026 sancto
1658 1960 1843 2049 Tryphone,

158 2079 190 2132 et
213 2069 278 2132 alia
301 2070 508 2153 generatione
532 2069 573 2134 de
596 2071 758 2148 serotinis,
783 2071 912 2132 nomine
929 2067 1059 2148 Granci,
1085 2077 1116 2131 et
1140 2077 1216 2132 sunt
1244 2066 1360 2148 liberti,
1378 2076 1410 2131 et
1426 2090 1487 2130 non
1513 2067 1629 2130 dicatis
1654 2088 1709 2131 eos
1733 2067 1841 2133 liberti

159 2173 216 2238 sed
239 2173 364 2238 fratres.

318 2354 428 2411 Feriati
452 2356 531 2427 lllyr.
556 2355 633 2412 Sacr.
656 2355 691 2411 T.
716 2355 764 2412 Vl.
782 2363 831 2411 etr.
856 2355 930 2409 425.
996 2401 1005 2416 ,

580 2621 666 2703 LV.
691 2619 763 2702 811
801 2621 1051 2723 14.ltpu1a.
1080 2619 1117 2704 U
1147 2620 1425 2720 Akvtsgrunt.

176 2781 238 2842 Gar
260 2783 357 2844 Koria
379 2783 469 2844 veliti
491 2783 648 2860 aurcdiujc
670 2784 756 2843 rictu
781 2783 888 2843 Βναυιι
908 2783 1061 2857 marmora
1083 2783 1181 2855 meda
1204 2783 1320 2842 etcum
1355 2783 1516 2857 oylujstom
1538 2784 1551 2842 i
1572 2783 1821 2860 aolaoyradsirom.

319 2918 357 2982 In
381 2923 510 2984 nomine
533 2921 643 3006 patris,
668 2929 700 2984 et
722 2917 780 2985 filii
802 2927 835 2982 et
858 2919 989 3004 spiritus
1013 2919 1126 2983 sancti.
1145 2917 1286 2984 Karolus
1303 2920 1529 2984 serenissimus
1552 2920 1729 3005 Augustus,
1747 2919 1844 2985 adeo

163 3031 346 3106 coronatus,
378 3045 524 3109 maguus,
557 3024 720 3112 pacificus,
752 3026 937 3111 imperator.
973 3023 1192 3088 Romanorum
1224 3024 1409 3109 gubernans
1442 3027 1621 3112 imperium,
1655 3026 1711 3112 qui
1734 3034 1766 3090 ct
1789 3047 1847 3112 per
1968 3053 1971 3060 ⁴

22 3149 24 3184 i
96 3165 98 3170 ,
158 3127 415 3193 misericordiam
449 3129 501 3194 dei
537 3153 597 3194 rex
631 3129 848 3214 Francorum,
884 3139 916 3194 et
949 3129 1249 3214 Lougobardorum.
1286 3129 1406 3195 Notum
1442 3133 1485 3196 sit
1518 3125 1662 3196 omnium
1698 3129 1842 3196 fidelium

159 3243 344 3299 nostrorum
378 3233 605 3318 magnitudini,
637 3237 836 3320 presentium
866 3234 991 3300 scilicet
1011 3244 1043 3300 et
1058 3219 1249 3318 futurorum,
1266 3237 1406 3322 qualiter
1422 3237 1484 3300 viri
1500 3234 1713 3316 venerabiles,
1738 3234 1841 3300 Vrsus

161 3349 272 3403 sancte
307 3337 548 3424 Aquilegicusis
581 3339 717 3404 ecclesie
749 3339 940 3436 patriarcha,
976 3350 1008 3404 ct
1042 3339 1132 3404 Arno
1169 3339 1358 3405 luuaueusis
1400 3339 1536 3405 ecclesie
1568 3339 1840 3426 archiepiscopus,

159 3443 201 3508 ad
234 3455 376 3509 nostram
411 3446 578 3510 venientes
611 3447 836 3530 praesentiam,
869 3467 933 3510 non
967 3446 1130 3510 minimam
1160 3447 1243 3510 inter
1275 3464 1309 3510 se
1333 3448 1569 3510 contentionem
1594 3444 1777 3510 hahuerunt
1801 3445 1843 3510 dc

158 3547 350 3614 Karantana
370 3551 546 3636 prouincia,
570 3550 656 3636 quod
679 3549 721 3614 ad
744 3552 911 3636 utriusque
930 3549 1056 3616 illorum
1080 3550 1245 3637 dyocesim
1269 3553 1430 3636 pertinere
1451 3551 1593 3617 deberet.
1625 3551 1709 3616 Nam
1741 3549 1844 3616 Vrsae

164 3653 349 3742 patriarcba
371 3657 537 3741 antiquam
562 3679 597 3720 se
621 3657 843 3720 auctoritatem
865 3655 985 3720 habere
1001 3657 1176 3738 asserebat,
1194 3665 1226 3720 et
1241 3656 1327 3742 quod
1351 3667 1503 3743 tempore,
1528 3667 1602 3721 ante
1626 3679 1722 3743 quam
1747 3655 1844 3721 Italia

164 3784 185 3826 a
206 3760 434 3846 Lougobardis
459 3760 574 3826 fuisset
596 3763 718 3843 inuasa,
744 3783 801 3848 per
825 3761 994 3848 synodalia
1021 3759 1121 3848 gesta,
1144 3783 1206 3848 que
1229 3773 1307 3826 tunc
1340 3763 1492 3847 temporis
1516 3762 1558 3828 ab
1581 3763 1845 3852 antecessoribus
1957 3753 1960 3758 ’

161 3868 227 3931 suis
273 3865 515 3952 Aquilegiensis
558 3866 694 3932 ecclesie
735 3867 915 3932 rectoribus
955 3866 1135 3950 agebantur
1177 3865 1303 3931 ostendi
1341 3889 1435 3953 posse
1466 3867 1619 3954 'predicte
1661 3865 1848 3932 Karantaue

157 3972 324 4058 prouincia
358 3973 507 4036 ciuitates
537 3971 578 4036 ad
611 3971 818 4058 Aquilegiam
853 3995 925 4036 esso
950 3972 1122 4036 subiectas.
1158 3971 1248 4036 Arno
1275 3994 1350 4037 vero
1373 3971 1635 4058 archiepiscopus
1659 3971 1845 4038 asserebat:

159 4099 194 4141 se
228 4077 453 4142 auctoritatem
481 4076 601 4141 habere
632 4076 819 4163 pontificum
851 4087 960 4142 sancte
994 4099 1124 4142 romane
1160 4075 1316 4159 ecclesie,
1348 4075 1518 4160 Zacharia,
1555 4075 1711 4162 Stephani
1746 4091 1846 4162 atque

159 4180 263 4264 Pauli,
287 4203 424 4269 quorum
459 4183 620 4268 preceptis
654 4191 685 4246 et
715 4182 1013 4246 confirmationibus
1046 4182 1190 4268 predicta
1221 4175 1391 4268 prouincia
1422 4191 1566 4268 tempore
1600 4190 1843 4247 antecessorum

159 4309 292 4352 suorum
315 4287 357 4351 ad
379 4287 570 4354 iuuauensis
606 4286 744 4352 ecclesie
769 4287 935 4373 dyocesim
959 4287 1073 4352 luisset
1094 4287 1256 4352 adiuncta.
1282 4286 1348 4352 Nos
1372 4295 1479 4352 eutem
1503 4286 1623 4368 audita,
1661 4295 1756 4372 atque
1780 4285 1844 4352 dis·

160 4413 257 4457 cussa
273 4411 385 4457 eorum
401 4392 613 4476 contescione,
631 4401 666 4456 ut
681 4392 717 4456 in
739 4414 838 4456 unam
857 4413 912 4457 eos
930 4390 1128 4468 charitatem,
1153 4401 1185 4456 et
1208 4391 1413 4457 concordiam
1437 4413 1672 4474 reuocaremus,
1697 4399 1730 4457 et
1750 4399 1787 4456 ut
1809 4392 1843 4456 in

160 4495 314 4578 laturum,
339 4506 405 4561 tam
429 4498 511 4561 inter
534 4499 634 4582 ipsos,
652 4519 748 4582 quam
775 4508 807 4561 et
830 4517 1034 4562 successores
1052 4519 1163 4562 eorum
1180 4497 1284 4562 omnis
1300 4493 1520 4562 controuersia
1538 4507 1635 4584 atque
1653 4497 1844 4584 disceptatio

160 4601 278 4668 fuisset
299 4605 427 4688 pesitus
455 4601 572 4686 ablata,
600 4603 777 4689 predictam
804 4605 1005 4689 prouinciam
1030 4602 1252 4667 Karantananr
1270 4604 1313 4667 ita
1330 4604 1412 4667 inter
1436 4625 1491 4667 eos
1514 4601 1660 4668 diuidere
1683 4603 1845 4687 iussimus,

161 4719 196 4773 ut
219 4708 350 4772 Drauus
373 4705 501 4790 fluuius,
527 4710 581 4793 qui
607 4729 664 4792 per
690 4708 825 4772 mediam
851 4707 937 4771 illam
964 4709 1162 4793 prouinciam
1188 4709 1293 4788 currit,
1309 4710 1464 4772 terminus
1481 4707 1649 4772 ambarum
1664 4707 1847 4795 dyoocseon

161 4824 265 4894 esset,
291 4825 324 4878 ct
345 4837 365 4876 a
388 4816 459 4898 ripa
482 4814 615 4877 australi
640 4812 681 4876 ad
704 4813 935 4899 aquilegiensis
965 4811 1100 4878 ecclesie
1135 4824 1301 4896 rectorem,
1326 4814 1367 4878 ab
1391 4811 1566 4901 aquilonali
1603 4833 1680 4878 vero
1700 4814 1778 4898 ripa,
1804 4810 1846 4876 ad

22 4927 44 4978 ἒ.
160 4921 347 4984 iuuauensis
385 4918 521 4984 ecclesie
556 4915 716 5004 presulem
753 4940 827 5003 pars
863 4920 964 5004 ipsius
998 4919 1162 5004 prouincia
1197 4921 1378 5004 pertineret.
1413 4918 1558 4984 Ecclesia
1588 4939 1686 5000 vero,
1720 4939 1783 5003 que
1815 4915 1850 4981 in

160 5033 297 5110 utraque
321 5027 391 5110 ripa
414 5023 552 5088 fuissent
576 5032 770 5104 constructe,
810 5023 1004 5109 ubicumque
1030 5025 1250 5108 possessiones
1281 5045 1356 5088 suus
1380 5025 1463 5088 iuste
1487 5022 1549 5088 sibi
1574 5021 1706 5087 collatas
1728 5020 1848 5086 babere

163 5139 385 5210 noscerentur,
402 5128 527 5216 absque
549 5129 813 5210 contradictione,
838 5139 871 5192 et
894 5130 1096 5194 contentione
1113 5127 1280 5193 ambarum
1302 5130 1445 5216 parcium
1462 5127 1636 5208 haberent,
1658 5127 1737 5212 'quia
1760 5149 1848 5192 com·

161 5243 288 5320 partum
311 5234 477 5317 habemus,
503 5233 590 5321 quod
614 5233 753 5320 quedam
792 5232 928 5298 ecclesie
951 5235 984 5296 in
1004 5255 1069 5298 una
1091 5234 1162 5320 ripa
1191 5231 1334 5298 fluminis
1374 5234 1509 5319 predicti
1547 5241 1621 5296 sunt
1651 5240 1842 5297 constructe.

159 5339 233 5406 Hac
255 5341 355 5434 igitur
377 5339 564 5405 definitione
588 5362 609 5404 a
632 5338 726 5404 nobis
749 5337 960 5426 promulgata,
989 5339 1184 5428 precipimus
1207 5348 1304 5434 atque
1330 5338 1490 5440 iubemus,
1525 5347 1561 5404 ut
1585 5347 1650 5403 tam
1675 5345 1843 5430 presentes
