4310 5918
1765 402 1827 468 149

144 617 196 662 ros
220 597 401 660 examinari
426 605 458 662 et
481 595 621 661 deffiniri
646 619 709 662 uon
735 598 844 684 possit,
870 595 1017 662 volumus
1043 603 1077 660 ut
1100 604 1281 683 utrumque,
1305 594 1456 660 videlicet
1479 597 1664 683 episcopum
1688 607 1826 684 captum,

26 705 27 710 ’
142 713 172 766 et
195 723 268 765 eum
295 724 389 788 quem
405 703 624 788 irregulariter
641 703 793 788 elegistis,
811 705 843 768 iu
860 713 1003 768 nostram
1030 704 1223 788 presentiam
1256 702 1452 784 conducatis,
1478 703 1629 790 quatinus
1652 703 1827 768 adleuante

141 809 208 888 deo,
232 808 320 893 quod
345 811 463 873 iustum
488 809 594 891 fuerit,
625 808 699 874 inde
724 809 875 891 iudicare,
908 819 939 874 et
969 807 1206 874 auctorabiliter
1238 817 1378 871 statuere
1412 807 1589 872 valeamus.
1621 807 1774 896 Alioquin
1798 809 1826 873 si

141 923 257 994 nostra,
285 915 381 978 immo
402 914 581 1001 apostolica
609 917 731 980 monita
753 925 785 979 et
803 926 962 1002 precepta,
987 916 1251 1002 contempseritis,
1278 937 1297 977 a
1321 913 1486 978 liminibus
1512 915 1661 998 ecclesie,
1686 925 1719 980 et
1739 917 1825 980 omni

143 1019 322 1085 christiana
355 1024 581 1086 communione
605 1043 662 1086 vos
686 1021 863 1107 apostolica
879 1023 1068 1087 auctoritate
1097 1019 1263 1108 pellendos
1286 1031 1318 1084 et
1341 1021 1591 1106 sequestrandos
1613 1045 1684 1088 esse
1705 1021 1823 1086 sciatis.

144 1127 228 1192 Data
253 1125 358 1192 Rome
381 1126 475 1193 XIII.
500 1127 659 1192 kalendas
685 1127 806 1214 aprilis.
835 1127 1012 1194 IndIctione
1037 1125 1113 1191 XII.

298 1275 329 1330 Ia
352 1274 559 1348 ratihanslroga
581 1275 714 1348 rukopisa
738 1275 802 1333 Xll.
827 1276 923 1332 vieta:
947 1273 1076 1350 Gregorii
1101 1275 1166 1332 VII.
1191 1275 1339 1331 Bultsrum
1363 1275 1426 1330 Lib.
1449 1275 1470 1329 Ι.
1495 1275 1536 1330 lit.
1562 1276 1611 1331 64.
1635 1277 1690 1331 list.
1715 1275 1765 1332 et.

679 1567 935 1653 chxxll.
963 1571 1053 1654 Oko
1081 1593 1120 1671 g.
1148 1570 1256 1654 rota.

26 1783 28 1844 ἶ
136 1751 255 1811 Ptodun
290 1751 522 1828 Drepaneyovt
556 1752 671 1826 ajeyoot
702 1751 817 1825 rodjcsct
847 1752 959 1825 durrus
981 1756 1156 1812 sunrostuau
1183 1769 1226 1811 so.
1251 1752 1344 1810 Petro
1367 1751 1425 1810 leod
1444 1750 1544 1810 Saline
1578 1751 1663 1824 njete
1685 1752 1821 1824 acerbat

888 1859 1058 1934 vtnoyrude.

26 2079 27 2090 2
291 1997 365 2082 Ego
402 1996 468 2062 filio
499 1997 698 2084 Draganego
733 1995 883 2062 Prodano
913 1997 1013 2062 offero
1044 2007 1130 2061 terra
1160 2017 1258 2081 supra
1289 1994 1396 2060 Saline
1430 1998 1460 2060 iu
1489 1997 1682 2060 monasterio
1716 1997 1818 2061 sancti

26 2107 28 2132 ¹'
135 2103 228 2183 Petri,
255 2105 343 2189 quod
375 2103 452 2168 mihi
478 2105 622 2190 precepit
650 2101 717 2167 dari
744 2113 835 2189 pater
858 2126 959 2184 meus,
984 2125 1041 2188 pro
1064 2101 1206 2167 remedio
1229 2104 1334 2166 anime
1358 2124 1425 2182 sue,
1450 2123 1556 2166 coram
1580 2101 1739 2166 auunculo
1762 2123 1821 2166 suo

26 2267 28 2296 Ι
136 2207 235 2286 Nicla,
262 2231 324 2274 neo
348 2231 413 2274 non
437 2210 581 2274 eiusdem
603 2207 739 2274 ecclesie
760 2209 887 2274 abbate.
912 2212 933 2290 †
959 2208 1034 2272 Post
1058 2208 1117 2272 hec
1134 2229 1244 2272 verum
1270 2209 1302 2270 in
1327 2209 1430 2292 ipsum
1454 2209 1682 2272 monasterium
1700 2205 1820 2272 Paulus

26 2311 28 2344 ²
136 2325 164 2381 at
184 2313 302 2380 Petrus
328 2314 384 2382 filii
411 2313 633 2396 Palunduauli,
657 2315 829 2402 fratrisque
847 2317 946 2380 nostri
963 2313 1122 2379 dederunt
1137 2324 1238 2379 terras
1263 2337 1321 2400 per
1343 2313 1520 2380 remedium
1545 2315 1652 2380 anime
1675 2337 1741 2378 sue.
1767 2314 1819 2378 Iu-

136 2422 243 2506 primis
268 2443 289 2485 a
312 2420 447 2486 Zuuauo
471 2424 608 2502 vineam,
631 2431 662 2486 et
685 2421 781 2487 eliam
798 2423 830 2484 in
851 2419 1018 2500 Calamito,
1038 2443 1135 2507 supra
1158 2422 1270 2484 vineas
1293 2421 1457 2500 Petraoce,
1482 2430 1514 2484 et
1530 2421 1657 2485 vineam
1674 2443 1694 2484 a
1709 2428 1820 2485 sancto

26 2547 27 2604 ;
135 2525 283 2608 Ysidoro,
309 2539 341 2590 et
369 2529 495 2592 vineam
520 2551 538 2590 a
562 2526 663 2610 Ballo,
695 2539 726 2591 et
757 2551 776 2590 a
809 2537 919 2591 sancto
950 2525 1099 2607 Oesiano,
1134 2527 1266 2592 vineam
1297 2549 1392 2614 quam
1426 2525 1539 2591 habuit
1570 2527 1817 2613 impignoratam

26 2689 28 2720 ,
136 2632 255 2698 Susaao
280 2655 338 2718 pro
361 2632 438 2697 1111.
463 2632 584 2714 solidis,
610 2642 683 2696 eta
707 2641 818 2697 sancto
850 2631 989 2697 Casiano
1005 2655 1129 2716 agrum,
1147 2633 1179 2695 in
1198 2631 1370 2719 Spalazulo
1393 2654 1468 2697 vero
1492 2632 1524 2697 II
1549 2635 1636 2719 petie
1661 2633 1700 2695 de
1722 2643 1819 2711 terra,

26 2721 28 2754 ¹
137 2759 154 2800 a
176 2739 325 2825 Spinanti
341 2759 469 2826 quoque
485 2741 511 2804 Ι.
535 2761 659 2826 agrum,
676 2750 708 2804 et
725 2739 927 2804 medietatem
952 2739 993 2804 de
1017 2739 1111 2804 domo
1130 2741 1161 2804 in
1182 2737 1323 2826 Spalato,
1348 2761 1411 2826 que
1433 2737 1495 2803 fuit
1517 2738 1557 2804 de
1593 2735 1730 2804 Annulo.
1755 2745 1820 2804 Ista

137 2847 239 2909 omnia
264 2849 484 2932 suprascripta
509 2845 667 2910 dederunt
690 2869 747 2930 pro
771 2846 913 2910 remedio
937 2847 1045 2910 anime
1073 2867 1139 2927 sue,
1166 2854 1198 2909 et
1216 2853 1363 2931 quartam
1384 2853 1507 2932 partem
1525 2843 1565 2910 de
1588 2854 1673 2909 terra
1696 2866 1817 2909 eorum.

291 2993 321 3048 Ia
343 2995 488 3066 regestrah
510 3001 670 3051 samostana
692 3014 731 3050 sv.
757 2995 842 3050 Patra
865 2993 1060 3066 gumsjstogs,
1084 2993 1182 3065 rukop.
1207 2993 1273 3052 XII.
1298 2994 1380 3050 vielra
1402 2999 1453 3048 atr.
1481 2993 1529 3048 17.
1547 3011 1563 3047 u
1584 2993 1682 3048 arkiru
1699 2992 1818 3066 kaptola

137 3081 282 3153 plietskog.
1290 3085 1292 3090 '

622 3339 891 3425 cuxxxlll.
932 3341 1043 3426 1075.
1072 3343 1110 3425 8.
1135 3340 1316 3443 venaco.

139 3484 224 3556 Njett
252 3488 380 3562 prudent
410 3489 605 3546 dalmatiastt
633 3488 774 3561 oboeauju
804 3503 834 3546 se
867 3488 967 3546 dutdu
997 3489 1197 3557 saletattomu,
1227 3488 1267 3544 cta
1296 3489 1364 3546 neo'e
1388 3505 1408 3544 a
1440 3486 1613 3564 Dalmaesju
1637 3485 1729 3542 oodttt
1753 3484 1813 3543 tud

588 3595 747 3662 Normuae,
772 3593 843 3652 badi
865 3594 957 3668 drapo
980 3595 1167 3667 neprtjutetje
1191 3595 1372 3652 inostrunce.

294 3733 330 3796 ln
361 3735 489 3798 nomine
514 3733 634 3795 domini
658 3731 709 3796 dei
734 3733 834 3796 eterni
860 3741 892 3795 et
916 3730 1085 3796 saluatoris
1110 3732 1211 3795 nostri
1232 3731 1312 3796 Iesu
1337 3729 1467 3812 Christi,
1492 3752 1575 3794 anno
1600 3731 1640 3795 ab
1665 3733 1809 3796 incarna-

140 3839 218 3901 tione
251 3839 396 3904 eiusdem
423 3838 594 3902 MLXXV.
622 3861 729 3902 mense
754 3837 906 3902 februarii
923 3839 974 3902 die
999 3837 1088 3902 Vlll.
1112 3837 1286 3902 indictiono
1309 3837 1486 3922 XV(Xlll)
1512 3837 1671 3903 Dalmatis
1689 3847 1719 3902 ct
1735 3837 1812 3903 Oro·

35 3965 36 3968 ¹
141 3945 206 4008 atie.
237 3945 462 4009 promittentes
495 3947 709 4032 promittimus
734 3967 791 4008 nos
814 3947 901 4030 prior
925 3943 1080 4030 spalatina
1103 3945 1253 4024 ciuitatis,
1292 3943 1443 4008 videlicet
1467 3943 1649 4030 Stephanus
1674 3941 1810 4008 Vualiza

141 4053 271 4134 nomine,
296 4064 394 4139 atque
419 4049 588 4118 Gaudiuus
613 4051 769 4134 tribunus,
794 4051 867 4115 dom
897 4049 1013 4132 Merra,
1038 4051 1181 4116 Joannes
1206 4049 1374 4136 Peripano,
1400 4051 1513 4114 Petrus
1536 4049 1621 4114 filius
1639 4049 1810 4131 Dominici,

144 4153 222 4220 Desa
245 4157 332 4222 lilius
357 4155 480 4240 Cocini,
504 4157 650 4246 aliusque
675 4156 772 4236 Desa,
797 4155 947 4238 Michael‚
964 4155 1146 4244 Stephanus
1171 4153 1365 4236 Nichiforus,
1383 4155 1574 4220 Dominicus
1601 4155 1706 4240 Drasi,
1733 4153 1760 4220 F
1762 4179 1808 4220 or-

142 4261 245 4346 minus,
270 4263 409 4346 Salatus,
433 4287 505 4328 cum
531 4265 689 4329 uniuersis
706 4265 823 4328 nostris
847 4262 1044 4342 concinibus,
1070 4261 1242 4326 maioribus
1259 4269 1291 4326 et
1307 4261 1491 4342 minoribus,
1516 4285 1576 4326 nec
1593 4285 1653 4326 non
1670 4273 1701 4326 et
1725 4264 1812 4350 prior

141 4364 311 4452 Tragurine
341 4372 490 4454 ciuitatis,
522 4369 637 4435 Vitulis
661 4373 798 4452 nomine,
823 4379 855 4433 et
879 4367 992 4432 Petrus
1015 4367 1117 4450 Bello,
1141 4365 1302 4452 Georgius
1326 4365 1511 4451 Bogaboici,
1534 4367 1675 4432 Ioannes
1694 4365 1809 4450 Chudi,

142 4469 344 4540 Sahaudicius
360 4474 613 4558 archidiaconus,
630 4475 726 4558 Desa,
756 4474 914 4557 Andreas,
939 4472 1129 4538 Dominicus
1150 4496 1221 4537 cum
1246 4475 1369 4538 cunctis
1394 4475 1510 4538 nostris
1533 4473 1720 4537 conciuibus
1745 4497 1810 4537 ma·
1841 4530 1846 4540 .

142 4577 252 4644 ioribus
276 4591 308 4644 et
334 4581 510 4646 minoribus
534 4593 641 4646 nostro
665 4583 817 4663 ciuitatis,
845 4591 943 4666 atquo
966 4575 1131 4644 Candidus
1155 4581 1241 4666 prior
1275 4579 1432 4646 iadrensis
1456 4581 1604 4662 ciuitatis,
1629 4591 1660 4643 et
1682 4579 1809 4644 Medius

143 4681 218 4768 Saga
244 4685 352 4769 iudex,
386 4685 570 4751 Nichiforus
600 4686 713 4770 Seluis,
731 4685 832 4769 Zella,
857 4683 995 4768 Medius,
1013 4683 1135 4768 Gallus,
1153 4685 1274 4772 Dabro,
1292 4685 1438 4752 Strincia.
1455 4685 1608 4768 Ioannes,
1633 4685 1808 4772 Spatarius,

144 4786 342 4874 Candidatus,
365 4791 582 4878 Lampridius,
608 4791 757 4857 Madinus
782 4791 922 4875 Martini,
954 4789 1145 4857 Valentinus
1174 4792 1277 4879 Speri,
1302 4793 1449 4858 Andreas
1482 4791 1657 4858 Camerarii
1682 4816 1720 4858 ac
1742 4795 1808 4856 uui-

145 4897 218 4960 uersi
239 4899 342 4963 nostri
365 4899 525 4980 conciues,
551 4900 687 4963 maiores
711 4907 742 4962 et
774 4900 922 4978 minores,
955 4909 1051 4983 atque
1087 4899 1174 4984 prior
1205 4898 1245 4963 de
1275 4897 1436 4984 Belgrado
1469 4899 1582 4964 Justus
1615 4899 1807 4981 veneticus,¹

146 4997 311 5088 Gregorius
336 5005 435 5070 frater
462 5006 614 5092 episcopi,
649 5005 760 5090 Drago
793 5003 832 5068 de
861 5001 1023 5086 Crustina,
1053 5001 1192 5069 Michael
1223 5005 1263 5069 de
1295 5005 1398 5087 Utica,
1424 5007 1636 5087 Prestaneius,
1657 5004 1808 5090 Petrigna

147 5105 304 5193 Amstasii,
328 5107 469 5176 Michacl
493 5111 533 5178 de
560 5109 734 5176 Diachuiro
760 5123 856 5196 atque
873 5133 983 5174 omnes
1000 5111 1150 5174 conuiuas
1167 5124 1275 5174 nostre
1298 5113 1448 5193 ciuitatis,
1473 5111 1566 5176 vohis
1590 5111 1718 5175 domino
1743 5108 1806 5174 Do·
1903 5163 1905 5168 .

146 5213 248 5280 misico
271 5215 383 5298 Siluio,
408 5217 482 5282 duci
506 5213 640 5282 Venetia
662 5227 694 5282 et
718 5215 878 5282 Dalmatia
899 5224 930 5280 et
953 5215 1111 5302 imperiali
1127 5215 1335 5304 prothofodro
1358 5227 1389 5282 et
1413 5219 1530 5282 seniori
1563 5227 1682 5298 nostro,
1706 5227 1740 5280 ut
1763 5215 1804 5280 ab

148 5347 393 5362 ᾖ
423 5345 428 5354 .

210 5473 211 5478 ¹
245 5397 296 5460 ¹U
320 5401 409 5457 listini
431 5420 458 5475 g.
484 5401 577 5458 1076.
601 5401 739 5472 speminjc
761 5418 791 5457 sc
813 5401 868 5473 pod
888 5401 1023 5456 imenom:
1045 5399 1210 5456 Dominicus
1233 5393 1344 5460 Justus.
