4292 5926
1710 404 1751 468 51

76 593 213 657 macerie
237 601 356 675 vetere,
381 614 444 678 qne
469 600 677 657 tonstrinum
703 593 807 679 capud
833 595 864 658 in
889 592 1077 676 Castellare,
1101 601 1134 660 et
1160 592 1249 658 aliud
1273 595 1304 658 in
1330 615 1427 677 mare,
1459 594 1565 660 eundo
1587 586 1757 660 ¹continuo

76 719 175 784 nsque
198 698 242 762 ad
267 699 449 771 maceriam,
473 720 536 784 que
560 707 609 762 est
630 707 730 785 prope
751 698 967 780 mercandaru,
1002 708 1033 762 et
1064 723 1084 764 a
1115 701 1256 764 inaceria
1287 701 1430 786 predicta
1463 700 1575 766 eundo
1606 703 1757 767 continue

74 824 174 888 nsque
198 802 241 868 ad
266 813 330 868 tres
355 802 566 884 monticellos,
591 814 623 868 et
646 802 805 868 abbassus
825 801 928 867 tribus
954 803 1154 885 monticellis,
1172 803 1277 868 eundo
1294 806 1444 870 continue
1462 827 1565 892 usque
1584 806 1626 871 ad
1646 805 1754 872 laeum

74 909 111 972 de
134 907 324 974 Morincalo.
343 909 412 974 Has
436 920 544 974 autem
576 910 813 996 suprascriptas
845 909 1008 987 eclesias,
1043 920 1076 974 ut
1108 909 1229 975 dietum
1262 919 1319 992 est,
1352 931 1424 974 cum
1458 910 1608 975 omnibus
1644 933 1753 978 eorum

72 1012 242 1096 habentiis,
267 1025 300 1079 et
323 1016 534 1101 pertinentiis,
559 1024 591 1081 et
613 1015 812 1096 adiacentiis,
837 1015 869 1078 in
902 1024 1009 1080 vestra
1040 1025 1286 1101 vestrorumque
1317 1037 1541 1080 successorum
1575 1016 1689 1081 damus
1724 1028 1756 1082 et

72 1131 308 1186 transactamus
332 1121 521 1208 potestatem
545 1119 696 1200 habendi,
718 1120 858 1200 tenendi,
883 1120 1081 1202 dominandi,
1107 1119 1258 1202 cultandi,
1289 1120 1478 1186 meliorandi
1511 1133 1542 1186 et
1572 1125 1605 1186 in
1637 1145 1751 1210 perpe·

71 1221 158 1289 'tuum
183 1227 380 1312 possidendi,
396 1227 448 1291 vel
471 1227 625 1313 quicquid
649 1225 725 1291 inde
747 1225 840 1290 vobis
864 1225 1020 1312 placuerit
1049 1226 1199 1306 faciendi,
1224 1225 1311 1290 nullo
1343 1226 1435 1292 vobis
1468 1226 1596 1292 homine
1628 1237 1754 1292 contra-

71 1331 205 1401 dicente.
232 1331 265 1396 Si
289 1353 367 1397 vero
392 1355 533 1418 unquam
558 1331 667 1418 aliq'uo
692 1341 835 1416 tempore
858 1354 916 1395 nos
941 1331 993 1394 vel
1017 1330 1134 1416 aliquis
1156 1340 1267 1396 eontra
1291 1331 1374 1396 hano
1410 1333 1593 1398 offarcionis
1625 1343 1750 1398 cartam

70 1459 167 1502 ansus
192 1437 435 1520 fuerit'venire,
459 1436 591 1502 viuculo
622 1436 837 1502 anathematis
869 1447 1023 1524 perpetuo
1054 1437 1197 1516 leniatur,
1230 1448 1261 1502 et
1292 1457 1363 1502 eum
1401 1437 1480 1502 luda
1510 1439 1664 1503 traditore
1695 1438 1751 1502 ‹lo-

70 1543 145 1608 mini
171 1547 271 1608 nostri
292 1543 372 1609 Jesu
394 1542 517 1610 Christi
541 1555 696 1629 perpetuo
718 1541 912 1630 dampnetur
935 1541 1095 1608 incendio.

217 1667 288 1753 Ego
313 1667 462 1754 Doymus
485 1667 650 1752 veglensis
675 1688 783 1732 comes
807 1667 996 1752 subscripsi.

217 1773 289 1860 Ego
315 1774 470 1860 Dedoqha
494 1774 652 1838 aduocato
677 1771 864 1858 subscripsi.

216 1879 288 1964 Ego
310 1879 496 1944 Radoslauo
519 1879 679 1944 aduocato
749 1929 764 1960 ,
948 1871 950 1878 ’

216 1983 289 2068 Ego
310 1985 477 2051 Johannes
500 1983 661 2070 presbiter
749 2033 764 2064 ,

217 2089 289 2174 Ego
313 2090 426 2156 Toliao
450 2093 542 2155 testis
748 2135 763 2170 „

220 2194 294 2280 Ego
317 2195 358 2260 de
382 2195 510 2260 Britero
532 2196 623 2260 testis
647 2193 790 2260 scribere
813 2194 938 2277 rogaui.

215 2299 287 2387 Ego
310 2301 461 2366 Andreas
486 2303 630 2365 noterius
654 2311 686 2366 et
701 2299 844 2386 predicti
866 2298 987 2362 domini
1014 2296 1111 2381 legati
1135 2299 1251 2382 scriba,
1276 2299 1326 2364 bis
1340 2322 1473 2386 presens
1490 2299 1545 2382 fui,
1565 2309 1597 2364 et
1613 2311 1745 2386 rogatus

66 2407 209 2472 scribere
232 2409 358 2492 scripsi.

212 2607 358 2678 Illyricum
382 2623 504 2663 sacrum.
528 2607 562 2662 T.
589 2607 623 2666 V.
644 2614 692 2662 atr.
718 2604 793 2660 640.

485 2899 691 2982 LXXIII.
720 2899 810 2982 0ko
838 2919 876 2998 g.
904 2895 1013 2980 1154.
1041 2899 1075 2980 1.
1103 2897 1320 3000 prosince.

61 3080 214 3158 Slaoopost
236 3083 295 3140 baa
315 3080 486 3154 potnrdjsp'e
508 3079 677 3140 monostiru
699 3095 742 3138 so.
767 3077 936 3137 Beneditto
957 3095 979 3136 ιι
1002 3077 1149 3137 Lolrrumt
1178 3077 1342 3151 darovonp'e
1371 3079 1459 3138 orisve
1488 3096 1530 3138 so.
1564 3079 1742 3141 Pentroco.

218 3269 310 3334 Sicut
332 3270 417 3333 enim
443 3273 505 3333 mei
530 3268 776 3354 predecessores
800 3278 832 3332 ct
854 3269 979 3354 antiqui
1003 3267 1127 3332 nobiles
1152 3267 1322 3332 ecclesiam
1349 3269 1452 3332 saneti
1477 3268 1661 3334 Panobratii
1696 3268 1738 3333 de

61 3375 180 3441 Melete
203 3397 276 3440 cum
302 3375 452 3440 omnibus
468 3379 563 3438 terris
585 3371 744 3438 dedorunt
767 3375 961 3436 monasterio
985 3375 1087 3437 sancti
1112 3372 1289 3455 Benedicti,
1317 3373 1401 3459 quod
1427 3373 1579 3438 testificat
1601 3376 1739 3460 inpanus

61 3480 216 3546 Gcrdissa
239 3503 311 3544 enm
335 3479 408 3544 aliis
433 3478 605 3558 nobilibus,
631 3481 676 3543 ita
698 3500 759 3562 ego
783 3477 888 3543 banus
913 3477 1093 3563 Slauagast,
1117 3501 1190 3543 enm
1223 3481 1304 3543 meis
1337 3479 1412 3542 liliis
1436 3491 1468 3544 et
1497 3480 1648 3546 omnibus
1680 3480 1737 3545 Ze·

61 3585 198 3652 cbulmie
224 3585 397 3667 nobilibus,
423 3584 551 3649 affirmo
576 3583 763 3670 prephatam
788 3583 959 3648 ecclesiam
983 3586 1085 3650 saneti
1111 3583 1295 3650 Pancbratii
1317 3587 1511 3648 monasterio
1541 3588 1645 3650 saneti
1681 3585 1741 3650 Be·

60 3694 187 3773 nedicti,
214 3701 248 3756 ut
274 3693 381 3778 quiete
403 3706 499 3776 atque
522 3713 636 3754 secure
660 3711 789 3776 semper
825 3689 928 3754 locum
960 3691 1134 3775 optineant,
1169 3700 1202 3753 et
1232 3691 1356 3775 absque
1388 3692 1474 3754 omni
1507 3689 1738 3776 impedimento

60 3797 254 3884 possideant,
279 3810 312 3862 et
334 3797 529 3862 adiutorium
554 3819 659 3861 meum
684 3818 813 3882 semper
836 3797 986 3882 promitto
1010 3805 1045 3858 ut
1076 3794 1225 3876 habeant,
1261 3805 1294 3860 ct
1327 3806 1440 3862 contra
1476 3819 1571 3861 omne
1604 3795 1739 3883 impedi-

60 3917 201 3968 mentum
227 3902 384 3968 malorum
411 3903 575 3966 bominum
600 3904 664 3964 sint
687 3899 872 3966 defensores
896 3911 928 3964 st
950 3899 1113 3965 adiutores
1139 3910 1210 3986 post
1235 3923 1285 3965 me
1310 3903 1370 3964 mei
1396 3901 1452 3964 filii
1478 3911 1510 3965 et
1541 3925 1653 3966 omnes
1684 3925 1739 3966 no·

59 4009 140 4076 biles
165 4020 259 4076 terre.
284 4006 350 4089 Qui
371 4020 479 4074 autem
503 4009 550 4072 eis
575 4008 773 4084 eontrarium,
793 4006 915 4085 feeerit,
941 4003 1199 4070 maledictionem
1226 4005 1276 4072 dei
1301 4008 1532 4094 omnipotentis
1557 4017 1588 4071 et
1611 4019 1736 4072 sancto·

58 4139 129 4180 rum
154 4117 298 4180 omnium
320 4113 447 4178 hebeat.
473 4113 542 4178 Has
566 4112 759 4178 liturasse
783 4111 825 4175 do
850 4112 881 4175 in
905 4111 1056 4176 kalendis
1080 4111 1261 4178 decembris
1287 4135 1357 4178 meo
1381 4112 1540 4198 signiculo
1564 4112 1732 4196 sigillatas.

215 4316 321 4372 distica
344 4333 382 4370 na
405 4315 489 4385 maloj
515 4311 695 4387 poougstkoj
718 4309 881 4384 pergameni
905 4311 1014 4382 pisana,
1037 4310 1109 4366 duva
1128 4329 1159 4366 se
1181 4328 1199 4364 u
1223 4311 1321 4366 arbitra
1343 4311 1460 4372 dubrov.
1480 4312 1560 4367 I'asc.
1585 4313 1613 4370 1.
1632 4312 1665 4370 N.
1684 4313 1737 4368 26.
1772 4332 1777 4342 ’

401 4619 1075 4721 nxx1V.1154.1r.nst0paoa
1104 4619 1142 4702 U
1171 4621 1404 4702 Laterano.
1464 4731 1466 4734 Ι

130 4824 294 4886 Anastasis
320 4819 376 4884 IV.
395 4841 492 4898 papo,
515 4825 642 4896 amentiis
665 4823 793 4895 orstupa
813 4821 1000 4896 rodarslsopa
1023 4820 1248 4894 nadbistupom,
1271 4819 1468 4895 podjelitp'udi
1489 4839 1540 4882 mu
1562 4821 1651 4895 presa

212 5030 406 5096 Anastasius
433 5030 740 5116 episeopns'seruns
776 5041 943 5094 seruorum
974 5027 1036 5108 dei,
1072 5025 1252 5092 venerabili
1281 5024 1372 5090 fratri
1403 5025 1612 5114 lampredio¹
1631 5003 1734 5092 iader·

60 5139 131 5202 tino
149 5137 390 5224 archiepiscopo
414 5137 547 5222 eiusque
581 5133 823 5212 successoribus
856 5131 1047 5218 regulariter
1080 5129 1315 5197 substituendis
1348 5131 1380 5195 in
1405 5149 1611 5218 perpetuum,
1638 5133 1732 5200 Licet

58 5241 248 5308 uniuersalis
273 5241 411 5316 ecclesie
436 5253 546 5328 pastor
569 5263 607 5306 ac
631 5237 777 5327 pontifex
802 5239 951 5304 dominus
976 5247 1084 5306 noster
1106 5237 1231 5306 Jhesus
1256 5236 1405 5322 Christus
1422 5239 1549 5314 existat,
1573 5239 1657 5303 sicut
1675 5259 1732 5325 per

1525 5342 1543 5382 ιι
