4276 5934
613 603 786 688 ocull.
814 605 917 688 (iod.
945 605 1057 686 1198.
1087 605 1144 685 31.
1173 605 1342 706 0101110.

135 767 275 839 Anurrja
297 768 436 839 vojevoda
461 766 636 840 Dctmcoije,
663 766 813 826 Hroatste
835 768 846 823 1
870 764 1472 840 Ζο1000010,001001]’0]”00000010000.
1490 766 1632 826 11000101
1649 767 1815 846 Damjaao,

312 888 365 929 000
384 873 456 944 onaj
474 871 587 944 pociori,
611 871 655 929 110
677 887 728 930 mu
745 888 785 944 00
806 869 950 930 10000010
974 870 1110 928 10001011
1133 871 1261 942 10011001
1284 871 1435 929 1100010110
1457 871 1468 926 1
1487 871 1644 932 Svenimir.

286 1059 323 1122 In
349 1059 476 1124 nomine
501 1067 610 1122 sancte
634 1067 665 1122 et
695 1057 862 1122 indiuiduo
893 1058 1053 1121 trinitatis.
1091 1055 1186 1120 Anno
1221 1057 1262 1120 ab
1294 1057 1521 1121 incarnacione
1552 1058 1673 1121 domini
1707 1060 1815 1124 nostri

135 1161 240 1226 «ihesu
264 1161 387 1228 Christi
412 1162 583 1227 millesimo
607 1165 780 1227 centesimo
803 1163 1011 1247 nonagesimo
1037 1173 1162 1240 001000,
1188 1183 1297 1224 mense
1322 1163 1442 1241 marcii,
1468 1161 1520 1225 die
1554 1162 1677 1244 ultimo,
1719 1164 1818 1227 indic·

140 1269 233 1331 cione
258 1271 371 1352 prima,
394 1267 505 1332 Jadre.
529 1267 600 1351 Ego
627 1267 774 1331 Andreas
797 1270 888 1332 tercii
913 1266 991 1330 Bele
1014 1269 1099 1349 regis
1123 1266 1218 1346 filius,
1255 1265 1307 1330 dei
1341 1269 1451 1352 gracia
1484 1266 1604 1331 Jadere
1636 1291 1675 1332 ao
1709 1269 1812 1332 tocius

137 1370 307 1436 Dalmacre
331 1383 363 1436 et
386 1371 554 1452 Obroacie,
579 1371 781 1458 Chulmeque
804 1372 882 1436 dux.
909 1373 1115 1454 Cognoscere
1141 1382 1173 1434 01
1194 1371 1329 1434 firmiter
1352 1383 1464 1434 tenens
1488 1370 1623 1436 ducatus
1647 1395 1718 1436 esse
1743 1371 1812 1436 ofli-

139 1477 181 1539 cii
206 1477 247 1540 ad
267 1476 423 1542 honorem
448 1487 480 1540 et
504 1476 732 1541 exaltationem
757 1476 964 1540 ecclesiarum
989 1478 1064 1540 totis
1090 1475 1255 1541 intendere
1279 1475 1412 1555 viribus,
1438 1486 1470 1540 et
1504 1475 1723 1541 ecelesiastica
1758 1499 1816 1562 pro

139 1583 211 1646 iure
235 1604 293 1646 suo
318 1601 459 1660 seruare,
482 1604 611 1666 augere,
636 1581 678 1646 ab
703 1582 915 1660 mansoribus,
941 1591 1097 1666 potestate
1114 1581 1175 1644 sibi
1191 1581 1266 1644 data
1282 1604 1301 1643 a
1317 1581 1387 1660 deo,
1406 1580 1589 1645 defendere.
1614 1581 1811 1647 Monasterio

138 1709 164 1748 s.
189 1685 349 1751 lobannis
373 1691 405 1750 in
430 1687 548 1750 finibus
574 1686 742 1751 Dalmacie
766 1688 836 1766 sito,
862 1687 894 1748 in
918 1686 1007 1765 urbe,
1035 1709 1098 1771 que
1123 1685 1286 1771 quondam
1310 1685 1386 1750 dum
1411 1687 1443 1748 in
1469 1708 1526 1750 suo
1547 1697 1632 1751 statu
1648 1688 1811 1768 existeret,

136 1790 223 1856 Alba
246 1793 421 1856 vocabatur
447 1793 514 1878 (ac)
539 1795 732 1856 monasterio
757 1802 939 1856 sanctorum
965 1789 1082 1855 Cosme
1096 1803 1127 1854 et
1152 1791 1301 1854 Damiani
1323 1792 1354 1853 in
1372 1790 1477 1854 insula
1494 1794 1607 1876 posito,
1624 1792 1711 1877 quod
1728 1813 1813 1857 nunc

133 1912 232 1981 eaput
252 1909 312 1975 est,
353 1899 580 1964 confirmamus
614 1908 647 1961 et
681 1900 839 1983 presentis
872 1897 1034 1983 priuilegii
1069 1897 1253 1960 testimonio
1289 1895 1544 1978 corroboramus,
1581 1906 1616 1962 ut
1650 1897 1753 1962 abbas
1789 1905 1821 1962 01

132 2014 236 2064 ratres
264 2003 419 2088 predicti
446 2005 629 2067 monasterii
656 2005 780 2088 integre
804 2001 944 2066 habeant
967 2023 1077 2065 omnes
1104 2012 1205 2064 terras
1239 2001 1317 2071 illas.
1354 2023 1434 2084 quas
1471 2001 1546 2065 olim
1583 2000 1756 2066 Cressimir
1787 2012 1820 2067 01

136 2106 316 2172 fSuenimir
339 2111 502 2192 quondam
528 2105 693 2172 Chroaeis·
708 2129 811 2191 reges,
838 2115 1001 2170 eteorum
1027 2107 1199 2191 principes,
1225 2108 1286 2168 iam
1319 2105 1404 2170 dicto
1429 2108 1623 2170 monasterio
1647 2108 1717 2170 iure
1748 2129 1819 2192 per·

137 2224 236 2296 petuo
260 2212 476 2291 tradiderunt,
499 2221 531 2275 et
547 2223 679 2298 patruus
697 2224 816 2294 noster,
834 2234 893 2276 rex
910 2209 1091 2296 Stephanus
1109 2209 1240 2274 illustris
1258 2213 1419 2291 memorie,
1438 2210 1550 2274 eodem
1568 2221 1735 2296 prenotato
1752 2233 1818 2276 mo·

137 2319 279 2380 nasterio
304 2317 526 2397 confirmauit,
552 2319 635 2381 siout
656 2319 687 2380 in
710 2341 820 2382 eorum
845 2316 1025 2404 priuilegiis
1049 2319 1239 2396 continetur,
1264 2315 1439 2380 secundum
1464 2320 1675 2402 quantitatem
1710 2321 1819 2382 termi-

136 2443 252 2485 norum
281 2433 439 2488 terrarum
462 2422 599 2500 illerum,
624 2422 774 2487 videlicet
797 2433 914 2486 terram
941 2424 971 2486 in
992 2423 1127 2506 Rogoua
1144 2433 1174 2486 ot
1193 2422 1323 2485 Virbiza
1339 2443 1411 2485 curn
1429 2443 1514 2508 aqua
1530 2421 1768 2502 molendinario,
1786 2431 1818 2486 et

137 2535 242 2590 terres
259 2526 299 2590 de
318 2527 411 2591 Tene
428 2539 460 2590 et
472 2529 619 2607 Gorinaa,
637 2550 676 2592 ac
692 2539 814 2592 ceteras
831 2537 942 2608 terras,
955 2550 1036 2613 quas
1053 2530 1084 2589 in
1102 2527 1239 2590 diuersis
1252 2525 1331 2590 locis
1345 2549 1402 2610 per
1415 2524 1605 2590 Chroaciarn
1620 2526 1819 2612 sepedictum

138 2634 372 2696 monasterium
409 2634 539 2698 obtinet.
574 2633 758 2698 Statuentes
794 2635 935 2719 presenti
973 2633 1088 2707 edicto,
1125 2635 1149 2695 si
1175 2630 1255 2695 illud
1285 2631 1430 2716 (aliquis)
1454 2630 1630 2716 intringere
1655 2643 1822 2718 attempta·

138 2738 223 2800 uerit
247 2747 278 2800 et
307 2737 459 2802 fratribus
483 2737 546 2800 illis
570 2737 609 2801 de
630 2737 783 2824 predictis
808 2739 901 2802 terris
926 2738 1176 2801 diminucionem
1202 2735 1253 2800 vel
1270 2736 1447 2800 molestiam
1469 2736 1609 2822 aliquam
1634 2735 1740 2802 facere
1765 2759 1819 2799 vo-

139 2842 245 2922 luerit,
271 2843 379 2906 110100
408 2845 457 2906 100
478 2843 660 2927 (iudicium)
685 2846 836 2922 incurrat,
861 2856 893 2907 et
916 2853 1057 2907 nostram
1083 2865 1117 2906 se
1142 2844 1260 2912 sentiat
1283 2841 1391 2906 ledere
1415 2845 1625 2923 maiestatem,
1657 2865 1696 2907 ac
1718 2842 1819 2926 regali

136 2947 259 3010 iudicio
283 2961 391 3010 nostro
423 2948 597 3012 subiaceat.
622 2947 773 3012 Preterea
796 2948 838 3012 cb
861 2958 1063 3034 peccatorum
1080 2961 1260 3012 nostrorum
1285 2950 1519 3028 remissionem,
1541 2949 1625 3012 sicut
1647 2948 1731 3012 idem
1756 2971 1816 3013 rex

138 3051 324 3136 Stephanus
347 3052 432 3134 fecit,
459 3053 668 3116 concedimus
693 3065 727 3116 ut
750 3075 959 3138 quoscunque
982 3052 1136 3138 hospites,
1161 3053 1203 3118 ad.
1227 3051 1453 3118 inhabitandas
1477 3061 1579 3116 terras
1603 3051 1676 3116 illas
1693 3051 1733 3117 de
1751 3055 1820 3140 qui·

137 3157 838 3241 1000000000100100110000000100101,0
861 3159 989 3222 nemine
1014 3161 1073 3220 nisi
1100 3158 1141 3220 ab
1166 3159 1281 3222 abbate
1307 3169 1337 3222 et
1361 3156 1514 3222 iratribus
1545 3167 1577 3220 et
1600 3179 1712 3224 eorum
1749 3181 1823 3245 pre·

145 3263 262 3346 positis
284 3263 476 3341 iudicentur,
501 3261 541 3325 ad
564 3265 723 3326 neminem
750 3263 823 3327 cum
848 3262 953 3344 sigillo
972 3261 1023 3326 vel
1040 3263 1170 3326 homine
1188 3264 1392 3326 determinati
1416 3265 1462 3327 ire
1479 3271 1644 3348 cogantur.
1662 3262 1696 3329 Si
1712 3277 1821 3330 autem

137 3369 187 3430 eis
210 3367 328 3453 aliquis
355 3369 419 3431 vim
450 3367 594 3432 intulerit
617 3367 768 3454 aliquam,
794 3367 936 3451 predicte
965 3369 1129 3432 sentencie
1158 3368 1334 3433 subiaceat.
1353 3369 1489 3434 Factum
1507 3378 1555 3432 001
1570 3379 1678 3433 autem
1694 3369 1816 3436 Jadere

143 3472 232 3537 istud
256 3475 289 3536 in
314 3476 476 3537 communi
500 3475 666 3559 presencia
692 3476 870 3559 principum
896 3481 1096 3537 nostrorum:
1122 3473 1257 3558 Nicolay
1288 3473 1437 3538 iadertini
1468 3472 1663 3558 archielecti,
1689 3476 1817 3542 Andree

142 3577 232 3658 bani,
257 3577 392 3642 Macarii
417 3580 553 3660 comitis,
578 3578 730 3642 Damiani
754 3580 879 3642 comitis
903 3577 1063 3652 iadertini,
1090 3577 1223 3664 Joscphi
1249 3581 1385 3660 comitis,
1409 3578 1595 3646 Gruhessce
1629 3581 1821 3668 spalatensis

139 3683 281 3764 comitis,
304 3682 470 3748 Dedomiri
495 3686 641 3749 canensis
665 3687 800 3764 comitis,
826 3683 1008 3768 Slauogosti
1033 3684 1254 3747 corbauiensis
1287 3686 1426 3769 comitis,
1460 3709 1498 3750 ac
1529 3687 1647 3752 Bemi?
1681 3689 1817 3754 comitis.

140 3785 262 3851 Coram
284 3788 401 3874 quibus
425 3799 456 3854 et
480 3789 587 3854 multis
612 3788 682 3854 aliis
713 3799 829 3854 cuncta
864 3789 1004 3874 ipsorum
1041 3789 1211 3875 priuilegia
1245 3801 1354 3854 000100
1383 3795 1574 3858 00010011010
1605 3794 1816 3876 firmauimus,

142 3903 176 3956 01
202 3903 312 3962 nostro
336 3894 440 3978 sigillo
464 3895 592 3981 inprimi
617 3897 767 3959 iussimus
793 3903 946 3980 perpetuo
971 3893 1117 3958 valitura.

293 3997 415 4062 Datum
440 4023 497 4084 per
521 4023 633 4064 manus
661 3999 745 4063 Petri
773 4001 925 4085 prepositi
953 3999 1025 4063 aulo
1049 3999 1140 4064 ducis
1165 4001 1358 4065 cancellarii.
1392 4000 1488 4066 Anno
1522 4002 1685 4068 dominice
1715 4005 1819 4068 10000-

142 4104 294 4168 nacionis
318 4103 362 4167 M.
388 4103 425 4170 0.
447 4107 655 4190 nonagesimo
680 4105 769 4171 VIII.
796 4105 847 4168 die
871 4104 984 4170 ultimo
1009 4108 1119 4169 marcii
1137 4107 1334 4191 consignata,
1354 4105 1533 4172 indiccione
1550 4109 1654 4194 prima
1669 4108 1816 4176 feliciter.

294 4285 641 4343 100000010110001100
657 4289 721 4360 gub.
742 4287 873 4346 uZadro.
892 4289 965 4344 Acta
980 4306 1019 4342 sr.
1035 4287 1164 4342 Kuzmoi
1181 4289 1321 4358 Damjaua
1337 4307 1373 4342 00
1388 4289 1507 4360 Rogovi.
1524 4289 1607 4347 Fasc.
1626 4289 1689 4344 VII.
1706 4289 1748 4346 br.
1767 4289 1816 4343 ts.

503 4579 650 4674 conr.
679 4581 789 4671 1198.
821 4581 859 4668 9.
887 4587 1072 4688 tromja.
1099 4583 1136 4668 U
1163 4581 1465 4666 Dubrovnlkn.

246 4761 376 4828 Vietnioi
398 4767 585 4842 dubrooctti,
605 4765 769 4840 dosudjru'u
791 4767 965 4825 somostanu
988 4763 1207 4824 101000001οο00
1229 4763 1320 4821 001100
1342 4779 1383 4820 so.
1407 4759 1522 4834 1100110
1545 4759 1583 4820 ed
1605 4759 1732 4820 1100010.

297 4921 335 4986 10
359 4918 488 4985 nomine
511 4918 613 4984 Jhesu
638 4915 759 4984 Christi
784 4920 852 4984 0001
876 4919 927 4984 dei
952 4918 1064 4997 eterni,
1094 4937 1177 4978 anno
1210 4915 1352 4980 eiusdem
1379 4915 1609 4980 incarnationis
1644 4913 1814 4981 millesime

145 5029 324 5095 centesimo
349 5027 558 5112 nonagesimo
582 5035 695 5091 octauo
720 5028 840 5090 mensis
869 5023 1003 5111 apriliis,
1032 5043 1116 5086 0000
1145 5019 1197 5084 die
1220 5029 1354 5084 astante.
1395 5017 1491 5100 Quod
1515 5020 1549 5084 in
1584 5019 1673 5082 curia
1708 5019 1814 5104 Rago-

146 5155 278 5200 seorum
301 5131 519 5198 residentibus
540 5129 727 5198 consulibus
752 5129 942 5216 subscriptis
966 5137 998 5193 et
1016 5125 1134 5212 populo
1151 5134 1234 5189 terre
1249 5124 1303 5188 hio
1320 5146 1426 5187 reram
1444 5123 1542 5188 habet
1557 5121 1818 5208 descriptionem,

143 5239 285 5306 domnus
308 5237 409 5303 abbas
432 5236 581 5302 Stanaius
601 5236 810 5302 lacromensis
834 5235 1030 5314 monasterii,
1054 5231 1139 5296 filios
1163 5229 1283 5295 Slabbe
1308 5229 1446 5293 Luccari
1463 5237 1495 5292 et
1517 5227 1674 5292 Rosinum
1698 5225 1818 5294 Sauine

1618 5331 1658 5396 13
