4254 5922
1719 417 1781 487 185

115 613 222 682 eadem
242 615 437 698 notificante,
456 613 620 682 moriendo
636 639 693 682 sue
708 615 799 681 illum
817 619 1020 704 proprietatis
1035 617 1156 683 fecerat
1171 618 1369 704 participem,
1383 639 1441 704 par
1452 615 1549 683 bourn
1559 616 1620 682 sibi
1637 616 1782 682 tribuens

119 743 190 788 cum
215 723 284 788 suis
306 721 449 804 culturis,
462 743 641 812 aureosque
667 721 817 802 uastalou
841 725 917 812 quin
941 725 1036 790 etism
1061 747 1152 789 suam
1168 727 1306 808 vineam,
1324 747 1439 812 nempe
1454 726 1614 789 neminem
1631 725 1784 790 estimans

119 827 161 893 illi
185 831 392 916 compotizari
415 828 595 912 hereditati,
620 853 678 894 sua
702 831 908 918 pretermissa
940 832 1086 916 coniuge.
1111 828 1239 919 Quippe
1262 830 1403 897 nondum
1427 831 1495 918 ipse
1519 839 1610 917 pater
1632 828 1696 895 alia
1717 840 1784 896 ute-

118 933 207 998 batur
229 955 349 1017 uxore3
375 935 458 1000 unde
482 935 680 1017 factumest,
706 945 739 1001 ut
763 938 906 1024 utrisque
930 959 1038 1002 coram
1072 937 1166 1002 nobis
1199 936 1411 1022 litigantibus,
1451 939 1587 1024 ipsamet
1602 936 1719 1002 domna
1734 933 1785 1000 Vs

8 1083 10 1138 3,
118 1039 159 1105 ka
181 1061 255 1106 cnm
281 1063 338 1105 sus
362 1049 472 1124 matre,
496 1039 632 1129 aliisque
657 1043 856 1130 propinquis,
884 1052 915 1106 et
947 1065 989 1108 ex
1018 1041 1082 1108 alis
1112 1053 1202 1130 parte
1232 1043 1352 1128 Medio,
1380 1041 1491 1123 electo,
1524 1043 1657 1130 eiusque
1687 1041 1785 1108 fratre

8 1179 10 1256 ἰ
117 1145 279 1230 Petrinus,
302 1169 361 1214 nec
379 1169 443 1212 non
466 1147 595 1230 Zsuizo,
613 1147 804 1237 Mazihyrue
820 1147 896 1228 filio,
911 1171 982 1216 cum
1005 1148 1151 1236 pluribus
1165 1149 1237 1216 aliis
1253 1149 1542 1233 consencientibus,
1558 1148 1687 1214 demum
1703 1149 1783 1214 iussi

8 1277 10 1320 3
117 1251 261 1340 presulis,
297 1253 470 1341 episcopali
503 1276 566 1342 quo
602 1253 793 1320 sedebamus
827 1257 949 1340 egressi
988 1255 1115 1343 palatio,
1140 1256 1324 1346 ibidemque
1356 1259 1528 1322 cisternam
1558 1253 1786 1341 ingredientes,

8 1343 11 1418 Ῐ·
117 1381 185 1424 oum
209 1361 275 1424 ism
299 1359 385 1426 dicto
409 1362 560 1448 episcopo
584 1370 616 1428 et
637 1359 786 1427 Johanne
809 1361 998 1444 iudicatura,
1027 1362 1100 1428 aliis
1125 1363 1297 1448 nobilibus,
1325 1363 1421 1430 ducto
1456 1365 1487 1428 in
1523 1361 1663 1428 medium
1701 1369 1787 1426 utro-

8 1521 10 1552 ,
116 1487 250 1552 rumque
275 1468 458 1549 certamine,
483 1467 560 1554 quid
584 1466 659 1533 hinc
681 1470 726 1534 rei
741 1469 847 1533 exitus
870 1467 1000 1534 doceret
1023 1472 1216 1556 perscrutari
1241 1471 1393 1558 cepimus,
1418 1468 1505 1558 qnod
1530 1490 1618 1533 more
1641 1468 1788 1555 anhquo·

8 1635 10 1664 ,
117 1593 184 1636 rum
208 1570 391 1638 diiudicare
413 1572 567 1656 volentes,
585 1583 620 1638 ut
633 1575 704 1661 ipsa
724 1597 782 1640 sua
803 1573 964 1640 fruaretur
987 1583 1088 1663 perte,
1113 1575 1197 1642 uelut
1216 1579 1243 1641 si
1266 1579 1362 1642 vinus
1385 1576 1521 1658 adesset,
1550 1576 1641 1641 cuius
1656 1575 1788 1640 caritate

8 1691 10 1772 ,
117 1702 150 1745 se
172 1683 352 1746 monastice
377 1679 510 1746 dederat
532 1680 734 1768 professioni.
755 1680 818 1748 Sed
842 1679 917 1747 huic
940 1683 987 1746 rei
1002 1682 1272 1748 contrariantibus
1307 1681 1368 1749 hoc
1399 1680 1570 1769 displicuit,
1602 1701 1701 1768 seque
1739 1702 1787 1745 ar·

8 1821 10 1834 ›
117 1783 347 1872 chiepiscopali
370 1785 454 1852 velle
477 1786 608 1852 obedire
631 1786 749 1852 indicio
774 1786 1023 1854 conclamarunt.
1048 1787 1175 1870 Quibus
1201 1769 1311 1856 et'itla
1333 1811 1398 1854 una
1418 1787 1585 1854 nobiscum
1608 1786 1788 1852 assentiens

8 1881 10 1946 l
119 1891 287 1978 sepissime
310 1893 469 1974 inuitauit,
496 1901 530 1958 ut
551 1892 593 1959 ad
616 1916 709 1958 suum
729 1915 801 1959 oum
826 1916 865 1960 ea
886 1894 970 1958 irent
993 1895 1200 1982 propositum.
1225 1893 1289 1975 Qui
1320 1893 1380 1960 sub
1412 1895 1505 1960 unius
1537 1893 1614 1958 anni
1635 1891 1784 1973 induciis,

117 1996 208 2062 nohis
230 1998 448 2082 cernentibus,
471 2001 592 2065 centies
615 1999 795 2084 exclamati,
819 2002 866 2066 ire
887 2011 1078 2070 renuerunt.¹
1096 1999 1186 2081 Quos
1210 2025 1268 2066 nos
1287 2000 1348 2066 hoc
1371 1999 1465 2066 modo
1492 1999 1708 2064 difiniuimus:
1742 1999 1789 2061 in-

8 2111 10 2150 l
117 2103 226 2187 primis
250 2105 328 2169 anni
351 2104 436 2169 illius
460 2106 599 2171 atributo
623 2105 684 2172 sihi
708 2107 836 2172 tribuno
856 2107 1050 2173 Trunzanno
1074 2107 1170 2192 Maio,
1193 2107 1278 2172 Peee
1314 2107 1389 2188 filio,
1427 2108 1527 2194 partis
1551 2105 1664 2170 domus
1688 2113 1720 2168 et
1743 2103 1791 2167 vi·

9 2235 10 2238 ¹
122 2231 178 2274 nee
213 2209 368 2275 heredem
399 2233 471 2276 earn
494 2212 637 2294 fecimus,
658 2223 693 2277 ut
716 2213 768 2278 vel
790 2214 837 2278 sic
860 2211 1036 2300 Spalatum,
1064 2223 1159 2301 prout
1187 2215 1397 2302 expetierant,
1437 2235 1511 2278 cum
1542 2234 1580 2276 ea
1611 2209 1791 2298 proficisce-

8 2341 11 2404 2,
119 2326 238 2381 rentur.
264 2315 391 2398 Quibus
415 2329 446 2383 et
469 2341 511 2384 ex
535 2318 595 2384 hoc
618 2319 746 2385 inducie
770 2344 788 2384 a
813 2343 922 2384 mense
948 2320 1026 2388 iulio
1049 2343 1152 2408 usque
1176 2322 1207 2385 in
1238 2319 1377 2388 natalem
1411 2318 1530 2384 domini
1562 2317 1676 2404 largite
1710 2325 1792 2398 sunt,

8 2411 10 2498 l
120 2423 174 2488 sed
198 2427 379 2510 procaciter
400 2427 594 2508 resistentes,
612 2437 643 2491 ot
660 2450 694 2492 ee
710 2425 784 2492 hinc
800 2427 998 2493 subtraxere.
1030 2425 1234 2514 Quapropter
1257 2449 1316 2514 ego
1337 2425 1476 2514 Dragus,
1500 2427 1598 2512 priur,
1624 2444 1792 2489 commune

8 2535 11 2604 fr
121 2551 255 2594 seruans
280 2542 525 2615 sacramentum,
546 2534 705 2598 nemiuem
730 2531 842 2599 volens
865 2532 907 2599 ab
931 2533 1040 2620 aliquo
1064 2536 1129 2599 vim
1149 2536 1319 2616 sustinere,
1343 2555 1415 2598 oum
1442 2535 1504 2597 iarn
1530 2532 1692 2596 nominato
1727 2529 1792 2616 epi·

9 2641 10 2720 ᾗ
125 2657 230 2723 scopo,
256 2636 393 2726 aliisque
413 2639 584 2722 nobilibus,
608 2640 649 2705 ad
673 2639 801 2706 domurn
824 2639 909 2706 illius
938 2649 1118 2726 pergentes,
1142 2663 1205 2727 que
1229 2641 1290 2706 sita
1314 2648 1363 2704 est
1401 2640 1434 2704 in
1472 2636 1652 2726 quadrunio
1691 2635 1793 2700 sancti

9 2737 14 2830 l,
123 2741 218 2826 Petri,
245 2742 342 2829 legali
365 2746 426 2810 hoc
449 2745 638 2811 definientes
662 2746 791 2830 iudicio,
815 2745 1074 2834 suh'episcopsli
1101 2746 1273 2812 vinculato·
1289 2754 1449 2834 precepto,
1474 2743 1561 2808 illam
1586 2742 1721 2832 pleniter
1739 2739 1804 2812 ha-,

122 2847 195 2913 bere
219 2849 341 2916 debere
364 2861 486 2937 partem
509 2854 670 2934 iussimus,
695 2853 819 2941 ipsique
844 2876 901 2919 nos
924 2851 987 2917 illis
1012 2853 1141 2918 domum
1164 2855 1348 2937 partientes,
1373 2849 1528 2916 monache
1561 2848 1793 2917 occidentalem

125 2965 245 3042 partem
268 2955 383 3022 domus
407 2956 563 3042 dedimus,
584 2959 728 3047 duasque
752 2959 843 3025 ulnas
867 2969 899 3025 et
921 2983 958 3026 eo
986 2959 1124 3046 amplius
1152 2957 1333 3024 medietatis
1362 2957 1476 3023 domus
1509 2965 1639 3044 propter
1671 2957 1794 3019 miseri·

124 3060 264 3126 cordiam
290 3061 377 3127 illam
397 3067 578 3130 consentire
603 3064 764 3132 voluimus
788 3065 955 3131 infantulo.
978 3065 1048 3132 Hec
1072 3089 1131 3153 ego
1155 3065 1259 3130 Malus
1275 3063 1618 3152 archidiaconue‚quia
1634 3061 1794 3126 hisomni·

125 3165 182 3232 bns
205 3167 348 3250 interfui,
373 3179 405 3234 et
427 3183 462 3235 ut
483 3195 503 3236 a
534 3174 717 3237 memoratis
751 3171 934 3260 presulibus
972 3171 1067 3238 michi
1106 3175 1281 3237 iniunctum
1312 3181 1361 3238 est
1392 3169 1539 3252 fideliter,
1575 3167 1795 3254 veraciterque

125 3275 249 3361 scripsi,
274 3284 307 3339 et
329 3286 403 3362 post
424 3275 572 3342 traditam
597 3299 703 3344 eoram
727 3277 777 3344 his
801 3277 937 3344 testibus
966 3277 1048 3344 lecta
1075 3288 1133 3360 est,
1157 3287 1189 3342 et
1211 3276 1318 3362 sigillo
1341 3277 1420 3343 dicti
1444 3261 1560 3364 prioris
1584 3277 1720 3362 signata.
1737 3271 1792 3338 Jo-

125 3377 228 3446 hanne
252 3381 436 3448 iudicatura.
461 3381 576 3448 Vitaza
599 3385 700 3451 testis.
724 3383 832 3450 blicha
848 3387 947 3450 testis.
973 3385 1115 3452 Desinna
1135 3386 1235 3449 testis.
1257 3381 1365 3448 Medio
1388 3381 1479 3448 Zelle
1509 3377 1611 3448 testis.
1642 3378 1794 3445 Budinel·

127 3483 173 3550 lus
205 3488 307 3552 testis.
332 3487 460 3554 Medius
484 3511 584 3576 gener
606 3489 696 3556 Zelle
719 3492 820 3556 testis.
842 3489 1029 3572 Prestauoii,
1064 3490 1193 3556 Pruona
1227 3491 1327 3554 testis.
1351 3487 1494 3554 Gruhine
1528 3487 1613 3554 filius
1636 3485 1797 3573 Gregorii,

128 3595 229 3659 testis.
255 3593 421 3662 Gaunulus
441 3595 666 3682 Prestabarha,
690 3599 790 3664 testis.
814 3597 921 3664 Barba
940 3599 1040 3680 testis,
1068 3597 1216 3686 Neupret
1237 3596 1338 3661 testis.
1363 3591 1554 3686 Dolmaldus
1576 3594 1678 3677 testis,
1701 3593 1797 3659 Brate

130 3701 227 3783 testis,
252 3701 362 3767 etalii
386 3726 481 3790 quam
506 3702 614 3790 plures
635 3702 853 3769 collaudantes
877 3713 909 3770 et
929 3703 1162 3770 confirmantes.

285 3841 360 3902 steri
383 3843 477 3920 prepis
500 3862 537 3902 na
563 3843 724 3920 pergameni
746 3863 764 3904 u
787 3845 886 3904 arkivu
903 3844 1098 3920 kaludjericeh
1120 3863 1161 3904 su.
1185 3843 1285 3918 hiarije
1308 3861 1325 3900 u
1349 3841 1450 3902 zeum.

717 4141 934 4226 ccxxlv.
962 4142 1062 4226 dod.
1094 4143 1207 4225 1091.

273 4325 370 4385 Locro
392 4325 560 4399 mdbistup
582 4325 716 4399 sptietste'
740 4325 906 4400 poterqjuy'e
923 4324 1074 4399 praetuta
1095 4321 1211 4382 oderade
1232 4319 1397 4394 seduratoq
1415 4319 1527 4392 priuru
1553 4315 1670 4392 Droga.

288 4461 448 4542 Quoniam
472 4461 598 4550 quoda
621 4461 798 4529 minoribus
823 4461 968 4548 legaliter
1003 4459 1174 4526 diffinitum
1198 4467 1247 4523 est
1283 4453 1453 4537 iudicibus,
1489 4479 1509 4519 a
1546 4453 1731 4536 maioribus,
1771 4456 1800 4520 si

15 4548 26 4641 5'
135 4579 264 4655 oportet,
283 4568 400 4634 debeat
422 4567 616 4634 confirmari.
641 4567 822 4635 Oorroboro
846 4591 906 4656 ego
924 4565 1158 4658 L(aurentius),
1175 4563 1353 4629 salonitana
1377 4562 1462 4628 sedis
1485 4559 1754 4652 archiepiscopus,
1771 4571 1804 4626 et

16 4685 22 4735 l
138 4673 226 4742 laudo
250 4676 313 4740 hoc
333 4675 486 4740 iudicium
510 4699 530 4740 a
553 4685 641 4740 tanto
663 4673 889 4740 honestissimo
921 4677 989 4738 viro
1011 4671 1162 4760 D(rago),
1187 4669 1338 4736 iaderano
1362 4670 1468 4756 priore
1493 4689 1565 4734 oum
1590 4669 1657 4732 suis
1689 4667 1801 4734 nohili-

16 4792 24 4869 t
71 4845 74 4854 ,
138 4779 202 4863 bus,
226 4784 289 4846 iam
315 4780 434 4846 dictum
460 4784 491 4846 in
514 4781 741 4847 ecclesiasticis
761 4782 846 4847 enirn
864 4791 896 4847 et
917 4777 1136 4845 mundialibus
1159 4779 1316 4843 sancitum
1341 4775 1477 4842 habetur
1500 4773 1637 4861 legibus,
1660 4797 1701 4840 ne
1727 4796 1803 4862 que·

138 4885 209 4954 libet
231 4911 369 4976 persona
391 4890 423 4952 iu
449 4911 507 4953 sua
529 4891 712 4974 arrogantia
735 4897 844 4954 erecta
867 4897 979 4952 contra
995 4885 1114 4950 iudicia
1131 4883 1229 4950 semel
1248 4885 1311 4948 ism
1328 4882 1413 4948 facta
1436 4889 1659 4968 conqueratur,
1688 4882 1803 4946 iterum

137 4997 166 5059 in
188 5018 244 5060 sua
268 4993 423 5060 maleuiss
445 4995 654 5082 querimonia.
676 4995 714 5060 Iu
737 4993 846 5061 libello
870 4992 999 5081 quidem
1022 5013 1118 5079 quern
1149 4989 1325 5075 Vehenege
1357 4987 1424 5054 filia
1454 4985 1564 5070 Oiche,
1595 5010 1615 5051 s
1646 4985 1803 5074 prelibato

138 5103 234 5187 priore
252 5101 361 5168 datum
379 5111 412 5167 et
425 5102 466 5167 ab
483 5101 708 5167 archidiacono
721 5101 765 5168 hl.
780 5101 934 5188 scriptum
950 5097 991 5164 ad
1004 5121 1106 5163 meam
1120 5093 1254 5163 contulit
1269 5093 1493 5179 laudationem,
1509 5096 1591 5160 iuste
1607 5101 1639 5159 et
1650 5093 1804 5158 canonice

139 5210 268 5294 cognoui
290 5208 424 5274 finitum.
449 5207 529 5290 Quis
553 5231 691 5297 namque
714 5229 871 5293 arrogans
898 5204 1121 5272 exhereditare
1141 5197 1279 5270 'auderet
1301 5201 1384 5268 hano
1406 5199 1538 5266 viduam
1561 5198 1603 5265 sb
1626 5197 1803 5264 hereditate

141 5317 236 5381 mariti
262 5317 321 5396 sui,
345 5314 420 5381 dum
440 5338 505 5381 non
529 5313 630 5380 solum
655 5315 724 5381 eius
748 5313 875 5382 lectum
890 5313 937 5378 sio
958 5309 1119 5395 nobiliter,
1143 5319 1255 5398 utputa
1282 5307 1517 5394 cognoscimus,
1541 5303 1734 5390 obseruauit,
1767 5327 1806 5371 ao

141 5419 215 5488 iuter
237 5421 362 5503 viduas,
380 5445 460 5512 quas
476 5421 588 5488 laudat
603 5419 766 5510 apostolus
793 5420 830 5488 P.
851 5443 886 5488 se
902 5427 1074 5504 certamen,
1087 5417 1171 5485 etad
1190 5416 1346 5505 premium
1371 5415 1481 5502 utique
1506 5419 1671 5501 assumpto
1694 5433 1806 5480 carun
