4300 5930
327 353 392 421 136

328 545 422 612 beros
446 555 477 611 et
499 545 674 628 absolutos,
698 546 739 610 ad
764 549 1011 613 consensionem
1034 558 1173 614 vestram
1199 550 1344 636 recipere
1362 557 1396 614 et
1411 571 1467 614 eos
1482 549 1607 637 absque
1626 548 1880 616 contradictione
1896 549 2008 638 aliqua

328 654 476 718 retinere.
502 653 716 717 Decernimus
740 675 827 738 ergo,
852 666 886 718 ut
912 653 990 718 nulli
1021 655 1150 718 omnino
1184 654 1349 720 hominum
1378 653 1474 720 liceat
1506 655 1663 742 prefatum
1690 654 1848 743 hospitale
1881 665 2007 722 temere

329 757 525 840 perturbare,
549 769 605 823 aut
628 760 697 822 eius
722 761 943 844 possessiones
966 760 1104 838 auferre,
1128 761 1179 825 vel
1204 760 1328 825 ablatas
1352 762 1501 842 retinere,
1527 763 1681 844 minuere,
1706 781 1770 827 'seu
1803 761 2007 848 quibuslibet

327 863 556 928 vexationibus
580 863 727 950 fatigare,
752 864 809 930 sed
834 867 942 930 omnia
966 868 1093 952 integra
1117 851 1351 932 conseruebtur
1373 889 1493 950 eorum,
1516 888 1573 952 pro
1598 889 1734 954 quorum
1768 867 2007 952 gubernatione

327 991 367 1034 ac
388 970 621 1034 sustentatione
645 992 801 1034 concessa
823 981 907 1052 sunt,
932 971 1044 1036 usibus
1068 970 1261 1036 omnimodis
1281 971 1459 1058 profutura,
1484 970 1575 1036 salua
1598 970 1685 1036 sedis
1701 971 1880 1058 apostolice
1895 981 2007 1038 auoto-

326 1076 421 1139 ritate
447 1085 478 1138 et
501 1074 665 1140 diocesani
691 1078 833 1162 episcopi
868 1078 1023 1140 canonica
1058 1078 1187 1141 iustitia.
1224 1075 1258 1140 Si
1295 1099 1359 1163 qua
1395 1079 1492 1162 igitur
1527 1079 1557 1140 in
1596 1077 1739 1142 futurum
1773 1076 2006 1160 ecclesiastiea,

327 1179 523 1245 secularisue
546 1203 692 1265 persona,
718 1180 801 1245 lianc
824 1193 932 1246 nostre
956 1183 1193 1247 constitutionis
1217 1185 1367 1268 paginam
1393 1185 1498 1246 sciens
1522 1194 1633 1247 eontra
1657 1205 1727 1247 eam
1752 1192 1875 1248 temere
1891 1184 2005 1248 venire

326 1286 541 1370 temptauerit,
568 1287 709 1351 seeundo
733 1290 869 1352 tertioue
891 1289 1096 1369 commonita,
1122 1289 1181 1352 nisi
1207 1298 1329 1352 reatum
1355 1311 1447 1352 suum
1472 1310 1615 1372 congrua
1645 1287 1867 1354 satisfactione
1898 1309 2004 1352 corre·

325 1392 420 1472 xerit,
445 1394 622 1476 potestatis,
645 1391 840 1478 honorisque
860 1395 909 1457 sui
933 1405 1041 1457 eareat
1065 1394 1232 1476 dignitate,
1258 1415 1410 1480 reamque
1434 1417 1469 1458 se
1498 1395 1608 1458 diuino
1640 1392 1759 1458 iudicio
1781 1442 1789 1458 .
1814 1444 1821 1458 .
1848 1403 1934 1460 stere
1964 1394 2005 1458 de

327 1504 509 1582 perpetrata
534 1497 700 1583 iniquitate
724 1510 908 1582 cognoscet,
934 1509 965 1563 et
989 1522 1008 1562 a
1031 1501 1250 1563 saeratissimo
1271 1521 1410 1585 corpore
1434 1521 1473 1564 ac
1496 1501 1654 1584 sanguine
1677 1498 1729 1564 dei
1753 1509 1786 1564 et
1811 1499 1936 1564 domini
1953 1521 2004 1565 re·

326 1599 503 1687 demptoris
527 1604 628 1666 nostri
651 1601 731 1666 Jesu
755 1601 876 1667 Christi
912 1603 1111 1685 alienafiat,
1143 1614 1238 1691 atque
1274 1607 1307 1669 in
1342 1615 1487 1670 extremo
1523 1607 1671 1670 examine
1707 1604 1853 1670 districte
1887 1604 2004 1670 ultioni

326 1705 503 1772 subiaceat.
530 1705 665 1772 Osruotis
688 1717 796 1772 autem
817 1709 921 1774 eidem
948 1711 1016 1773 tuo
1040 1713 1185 1774 suaiura
1211 1711 1418 1776 sernentibus
1453 1713 1495 1776 sit
1528 1733 1594 1798 pax
1628 1709 1750 1774 domini
1785 1712 1888 1776 nostri
1922 1709 2004 1776 Jesu

327 1807 458 1894 Christi,
483 1822 641 1898 quatenus
665 1823 697 1878 et
720 1812 773 1878 bic
796 1813 935 1878 fructum
960 1815 1044 1880 bone
1076 1817 1211 1880 actionis
1245 1818 1432 1903 percipiant,
1467 1829 1499 1881 et
1529 1816 1615 1902 apud
1647 1815 1830 1881 districtum
1864 1815 2002 1882 iudicem
2060 1805 2065 1820 .

328 1919 452 2002 premia
475 1927 585 1982 eterne
609 1920 697 2004 pacis
721 1920 897 1985 inueniant.
920 1921 1035 1986 Amen.
1061 1923 1177 1987 Amen.
1201 1921 1317 1988 Amen.

537 2109 647 2176 Rene
672 2111 825 2177 valete.

475 2258 531 2328 (Na
553 2259 651 2330 desnoj
676 2261 763 2314 strsni
797 2260 909 2333 okrngli
943 2261 1040 2332 biljeg.
1073 2261 1098 2320 U
1126 2262 1242 2318 srisdini
1275 2263 1336 2319 krst
1368 2265 1550 2337 snapisorn:
1585 2283 1638 2320 ses.
1663 2266 1772 2321 Petrus.
1810 2283 1864 2324 sos.
1886 2265 2004 2323 Paulus.

327 2341 464 2400 Urbanus.
481 2363 529 2418 pp.
553 2345 605 2403 lIl.
629 2347 674 2403 Na
697 2347 795 2405 obolo:
819 2348 949 2404 Animam
973 2366 1063 2406 msam
1085 2351 1121 2404 ad
1145 2357 1173 2405 te
1196 2351 1309 2406 domins
1333 2348 1450 2429 leuant.)

516 2531 589 2616 Ego
614 2531 767 2598 Urbanus
791 2533 950 2600 catholice
974 2533 1090 2600 eccles.
1116 2539 1290 2624 episcopus
1313 2559 1356 2602 ss.

473 2636 589 2722 'ngo
609 2637 770 2705 Haurious
793 2640 978 2706 albanensis
1005 2643 1179 2728 opiscopus
1203 2665 1246 2707 ss.

472 2741 588 2827 'sugo
610 2743 729 2808 Paulus
752 2748 955 2831 prenestinus

473 2851 494 2930 †
519 2849 591 2934 Ego
615 2848 801 2915 'leobaldus
825 2850 996 2916 hostiensis
1019 2863 1051 2916 et
1074 2851 1290 2918 velietriensis
1314 2857 1484 2943 episcopus
1516 2880 1558 2922 ss.

475 2957 494 3034 †
517 2953 590 3038 Ego
613 2953 780 3020 Johtnues
805 2956 974 3043 presbyter
997 2957 1170 3024 cardinalis
1195 2969 1229 3024 tt.
1255 2963 1358 3024 saneti
1383 2961 1485 3026 Marci
1534 3009 1549 3040 ,‚

422 3147 423 3150 Ἴ
474 3063 495 3139 †
519 3059 589 3144 Ego
614 3059 727 3124 Petrus
753 3061 922 3148 presbyter
945 3063 1120 3128 cardinalis
1144 3073 1179 3128 tt.
1203 3076 1314 3130 sancte
1339 3065 1486 3132 Susanna
1536 3115 1549 3143 „

474 3167 494 3245 †
520 3163 588 3250 Ego
612 3165 779 3230 Laboreus
805 3167 911 3252 presb.
936 3168 1023 3231 card.
1049 3179 1159 3234 sancte
1183 3168 1400 3236 Marie'trans
1424 3171 1579 3256 Tiberim,
1605 3173 1687 3238 tituli
1714 3171 1829 3239 Oalisti
1853 3197 1897 3239 ss.

473 3273 494 3350 †
516 3270 588 3356 Ego
613 3270 791 3336 Pandulsus
815 3273 921 3358 presb.
946 3273 1032 3338 card.
1058 3284 1094 3340 tt.
1117 3273 1192 3340 XII.
1217 3276 1435 3362 apostolorum
1460 3300 1503 3345 ss.

473 3379 494 3457 †
517 3375 589 3462 Ego
614 3376 753 3442 Albinus
778 3379 884 3466 presb.
909 3375 994 3444 card.
1020 3390 1131 3445 sancte
1155 3383 1261 3447 erucis
1283 3365 1317 3446 in
1341 3382 1523 3450 Jerusalem
1548 3408 1590 3451 ss.

475 3482 594 3567 †Ego
618 3483 735 3548 Melior
828 3537 841 3564 „
937 3535 950 3564 ,‚
1087 3509 1129 3552 ss.
1155 3485 1291 3551 Joannis
1315 3499 1347 3552 et
1368 3487 1460 3553 Pauli
1484 3499 1519 3554 tt.
1544 3489 1733 3574 Pagmaobii
1755 3513 1798 3557 ss.

473 3586 589 3672 †Ego
613 3587 797 3654 Adelardus
821 3599 856 3654 tt.
883 3591 984 3654 sancti
1008 3589 1154 3656 Marcelli
1179 3590 1285 3678 presb.
1310 3593 1396 3660 card.
1422 3615 1465 3684 ss.

472 3695 493 3774 †
516 3693 587 3778 Ego
610 3693 781 3760 Jaointbus
804 3706 916 3760 sancte
937 3694 1039 3760 Maris
1063 3698 1095 3760 iu
1117 3695 1292 3783 cosmidyn
1318 3697 1399 3762 diae.
1424 3697 1510 3764 eard.
1536 3721 1580 3764 es.

472 3800 491 3875 †
514 3797 586 3883 Ego
611 3797 786 3864 Gratianus
810 3823 852 3886 ss.
879 3799 996 3864 Oosme
1021 3811 1053 3864 et
1076 3801 1226 3866 Damiani
1252 3803 1335 3868 diac.
1360 3803 1447 3868 eard.
1471 3827 1512 3868 ss.

474 3906 495 3984 †
517 3903 589 3987 Ego
613 3903 704 3990 Bobo
729 3928 755 3968 s.
778 3904 897 3989 Angeli
921 3906 1002 3971 diac.
1027 3905 1114 3972 eard.
1139 3929 1181 3984 ss.

472 4007 587 4092 †Ego
611 4009 810 4076 Octauianus
835 4021 1017 4076 sanctorum
1044 4010 1148 4096 Sergii
1173 4021 1204 4075 et
1228 4011 1329 4078 Eacbi
1353 4011 1435 4078 diac.
1459 4014 1547 4082 card.
1571 4039 1615 4081 ss.
1713 4073 1716 4080 .

472 4113 587 4210 tEgo
612 4115 785 4181 Goffredus
808 4128 918 4196 sancte
940 4115 1093 4182 Maricio
1123 4116 1272 4199 vialata,
1297 4119 1377 4184 diae.
1403 4119 1491 4186 card.
1515 4142 1556 4185 ss.
1612 4162 1617 4174 .

472 4224 492 4301 †
515 4219 586 4306 Ego
610 4221 725 4286 Petrus
749 4223 851 4287 sancti
877 4220 1001 4287 Nicolai
1027 4225 1058 4287 in
1083 4246 1213 4288 carcere
1236 4224 1379 4308 tulliano,
1404 4226 1485 4291 dieo.
1507 4226 1595 4293 card.
1621 4250 1664 4292 ss.

474 4324 602 4391 Datum.
628 4326 758 4392 Verona
784 4350 841 4413 per
866 4349 994 4394 manum
1020 4327 1146 4393 Alberti
1169 4341 1279 4395 sancte
1303 4353 1434 4396 romane
1457 4331 1595 4397 eeclesia
1619 4332 1789 4418 presbiteri
1825 4331 1997 4398 cardinalis

324 4437 356 4492 et
377 4427 571 4512 concellarii,
599 4428 668 4496 Vll.
686 4431 758 4496 idus
776 4431 864 4496 Maii.
882 4433 1057 4499 indictione
1073 4445 1199 4522 quarta.
1215 4436 1450 4503 lucarnationis
1467 4437 1627 4502 dominice
1643 4459 1728 4502 anno
1745 4435 1996 4504 MOLXXXVI.

322 4531 532 4600 Pontificatus
555 4558 632 4615 vero
656 4535 777 4601 domini
803 4535 927 4603 Urbani
953 4561 1006 4634 pp:
1031 4538 1089 4605 ΙΙΙ.
1114 4564 1199 4606 anno
1222 4543 1335 4628 primo.

481 4733 586 4789 Matios
609 4749 644 4790 na
669 4736 831 4809 pergameni
857 4754 873 4790 u
898 4721 974 4810 aagr.
998 4739 1152 4795 nerodnom
1179 4743 1298 4812 muaeju.
1323 4744 1352 4798 la
1373 4761 1461 4798 rana:
1486 4744 1520 4799 In
1542 4743 1667 4800 favorem
1702 4743 1852 4814 hospitalis
1884 4744 1994 4816 fram

322 4821 534 4965 {mizellmum
558 4825 648 4878 sancti
673 4823 750 4880 Petri
775 4825 866 4899 Boios
889 4825 1027 4884 dioecesis
1053 4827 1202 4886 Nouensis.
1225 4829 1308 4888 Anno
1335 4831 1430 4892 1186,
1457 4831 1567 4888 smrni:
1589 4831 1707 4889 Farlatt.
1725 4831 1874 4906 illyricum
1891 4839 1992 4891 morou

350 4949 357 4966 .
422 4913 500 4966 .str.
526 4911 599 4970 216.
820 4919 821 4922 ’
