4292 5926
303 279 325 344 4

178 518 180 533 .
299 482 406 541 autem
430 480 618 548 seueritatis
652 481 735 546 iuste
769 504 940 546 censuram
976 505 1037 548 non
1062 483 1225 550 deferens.
1251 483 1322 550 Hec
1345 491 1394 550 cst
1417 484 1515 550 frater
1538 483 1735 566 charissime,
1752 483 1840 570 pallii
1856 485 1989 572 accepti

302 577 451 666 dignitas,
476 607 571 671 quam
596 585 622 649 si
647 585 770 651 solicite
794 596 986 670 seruaueris,
1010 589 1097 676 quod
1122 589 1200 655 foris
1224 593 1389 677 accepisse
1411 591 1600 674 ostenderis,
1617 592 1704 656 intus
1726 589 1872 658 habebis.
1898 591 1984 655 Fra-

301 689 483 754 ternitatem
508 700 595 754 tuam
617 690 729 757 diuina
752 695 914 759 miseratio
938 717 995 781 per
1015 707 1160 783 tempora
1184 695 1283 763 multa
1307 720 1438 764 seruare
1461 697 1612 784 dignetur
1636 697 1838 763 incolumem.
1863 696 1986 780 Amen,

303 791 416 874 Amen,
442 791 557 860 Amen.

452 917 524 1003 Ego
544 918 710 984 Paschalis
735 922 892 990 catholice
914 924 1051 990 ecclesie
1077 928 1256 1015 episcopus.
1281 927 1401 994 Datum
1425 927 1577 994 Laterani
1602 951 1659 1016 per
1683 951 1811 994 manum
1843 925 1987 993 Ioannis

303 1020 336 1086 S.
372 1021 409 1089 R.
446 1023 486 1089 E.
525 1025 651 1090 diaconi
676 1028 862 1096 cardinalis.
893 1029 985 1097 XIII.
1010 1031 1160 1098 calendas
1185 1034 1271 1114 maii,
1297 1034 1471 1099 indictione
1494 1032 1537 1100 X.
1561 1035 1793 1101 incarnationis
1818 1033 1986 1099 dominice

303 1125 427 1192 Molli.
453 1128 589 1219 (MOII.)
614 1131 824 1202 Pontificatus
847 1147 953 1203 autem
979 1138 1100 1204 domini
1110 1138 1289 1205 ‘Paschalis
1313 1139 1370 1206 SS,
1394 1139 1457 1206 PP.
1481 1138 1539 1206 III.

451 1329 568 1390 FarlaII.
593 1332 673 1404 Illyr.
698 1333 775 1395 Sacr.
799 1336 835 1396 T.
859 1337 909 1396 III.
935 1345 984 1400 str.
1011 1339 1083 1412 162,

1036 1635 1108 1717 lv.
1136 1621 1246 1720 1102.

516 1842 655 1919 Rsuetaa
677 1863 694 1906 o
718 1863 850 1923 uyooora
872 1850 1018 1912 dcunceat
1039 1851 1195 1912 tractabit
1217 1849 1360 1926 capanna
1379 1868 1394 1912 a
1416 1848 1542 1918 tralicm
1564 1849 1767 1914 Koiomuacm.

455 2032 681 2119 „colomanus
705 2036 792 2104 filius
814 2038 996 2107 Vladislaui
1017 2042 1104 2128 regis
1128 2040 1282 2128 Ungarie,
1307 2048 1397 2106 stans
1427 2041 1460 2105 in
1489 2063 1590 2126 regno
1622 2039 1693 2105 loco
1723 2041 1824 2126 patris
1857 2039 1920 2120 sui,
1953 2048 1987 2104 et

305 2140 380 2225 quia
404 2139 503 2206 multa
527 2146 715 2217 strenuitate
732 2146 873 2233 vigebat,
889 2151 1057 2236 proposuit
1072 2157 1170 2215 totam
1188 2145 1395 2213 Obrouatiam
1413 2146 1572 2234 usquead
1589 2169 1676 2210 mare
1694 2145 1903 2210 dalmaticum
1922 2145 1984 2210 sub

305 2267 363 2310 suo
387 2245 528 2314 dominio
552 2251 735 2337 subiugare.
760 2251 859 2320 Venit
882 2279 956 2321 cum
979 2278 1037 2322 ιιιο
1061 2255 1205 2320 exercitu
1229 2253 1395 2341 usquead
1417 2252 1538 2318 flumen
1568 2253 1688 2318 Draue.
1721 2249 1879 2318 Orouates
1904 2273 1984 2317 vero

305 2351 472 2419 audientes
496 2356 536 2420 de
560 2357 701 2424 aduentu
727 2362 822 2447 regis,
847 2370 1128 2448 congregauerunt
1151 2363 1329 2426 exercitum
1353 2382 1447 2425 suum
1468 2368 1500 2425 et
1520 2369 1777 2446 preparauerunt
1792 2383 1828 2424 se
1844 2359 1886 2424 ad
1903 2381 1984 2446 pug-

305 2459 457 2528 nandum.
482 2461 553 2528 Rex
576 2488 654 2532 varo
679 2467 790 2532 audita
812 2471 1062 2556 congregatione
1077 2469 1230 2556 ipsorum,
1247 2467 1335 2532 misit
1351 2487 1426 2531 suos
1442 2467 1586 2546 nuncios,
1605 2465 1717 2530 volens
1735 2467 1823 2552 ipsos
1840 2467 1984 2551 gratiose

307 2573 445 2632 tractare
470 2574 502 2635 et
525 2579 619 2656 pacta
642 2595 715 2638 cum
740 2575 871 2658 eisdem,
894 2585 930 2640 ut
952 2575 1123 2658 voluerint,
1148 2574 1306 2640 ordinare.
1330 2571 1488 2638 Orouates
1511 2593 1589 2638 vero
1609 2572 1720 2637 audita
1743 2571 1905 2656 logatione
1930 2571 1985 2635 do-

307 2673 386 2736 mini
410 2676 506 2759 regis,
532 2677 611 2742 inito
636 2678 771 2745 consilio
795 2703 907 2747 omnes
928 2683 959 2745 in
984 2680 1079 2746 simul
1102 2688 1360 2767 acceptauerunt,
1385 2687 1417 2744 et
1438 2680 1595 2744 miserunt
1617 2677 1695 2744 XII.
1713 2677 1838 2744 nobiles
1855 2680 1984 2765 sapien·

307 2779 405 2844 tiores
429 2779 469 2846 de
487 2781 564 2849 XII.
590 2784 738 2850 tribubus
759 2785 921 2867 Orouatie,
946 2787 1115 2854 videlicet:
1136 2789 1284 2853 comitem
1309 2782 1420 2850 (duran
1445 2783 1486 2849 de
1517 2807 1634 2869 genere
1666 2783 1900 2866 Chacittorum,
1933 2806 1984 2849 co-

308 2887 416 2951 mitem
439 2887 622 2974 Hugrinum
647 2891 828 2978 degenere
853 2892 1105 2975 Ohuccacorum,
1131 2894 1279 2960 comitem
1303 2889 1539 2975 Marmogniam
1565 2891 1604 2956 de
1625 2913 1744 2976 genere
1759 2889 1981 2974 Subithorum,

308 2995 457 3059 comitem
480 2995 697 3063 Pribislauum
722 2999 763 3064 de
786 3022 905 3084 genere
930 3001 1227 3092 Ωιιιίἀιιιιιῐιόιιιιο,1
1251 2999 1400 3064 comitem
1425 2995 1601 3083 Georgium
1620 2997 1795 3084 degenere
1816 2997 1985 3063 Suacitbo·

308 3120 388 3176 rum,
406 3103 554 3167 comitem
572 3101 702 3169 Petrum
719 3105 758 3170 de
775 3129 894 3191 genere
918 3105 1130 3172 Murithorum
1154 3103 1507 3199 (Mogorouitborum),²
1531 3105 1678 3169 comitem
1702 3101 1837 3169 Paulum
1860 3105 1904 3170 de
1928 3127 1980 3190 ge·

309 3231 385 3274 nere
410 3207 636 3298 Gusichorum,
661 3217 810 3280 comitem
834 3215 1008 3282 Martinum
1032 3218 1211 3303 degenere
1235 3213 1471 3295 casinensium,
1494 3222 1526 3277 et
1549 3211 1589 3276 de
1613 3234 1731 3296 genere
1747 3211 1983 3298 Lapcanorum,

309 3317 458 3383 comitem
482 3318 699 3386 Pribislauum
724 3321 764 3387 ds
786 3344 911 3408 genere·
927 3322 1155 3408 Politchorum,
1173 3323 1321 3388 comitem
1338 3319 1528 3386 Hobradum
1547 3319 1586 3382 de
1603 3339 1721 3402 genere
1736 3317 1983 3402 Lasnicitorum,

309 3425 458 3489 comitem
482 3425 641 3491 Ioannem
666 3427 706 3492 de
729 3451 848 3514 genere
871 3429 1194 3511 Jammomethorum,
1218 3429 1367 3494 comitem
1391 3427 1575 3510 Mirognum
1606 3425 1646 3488 de
1678 3446 1796 3508 genere
1827 3423 1983 3516 Tugomi·

309 3552 426 3594 rorum.
452 3530 516 3612 Qui
540 3536 708 3600 venientes
730 3535 772 3600 ad
797 3535 961 3600 dominum
985 3559 1095 3622 regem
1119 3539 1149 3600 ei
1172 3535 1315 3600 debitam
1338 3535 1552 3599 reuerentiam
1577 3530 1802 3596 exhibuerunt.
1827 3531 1983 3596 Dominus

309 3659 386 3701 vero
411 3661 470 3702 rex
493 3639 533 3703 ad
558 3639 702 3706 osculum
728 3645 817 3728 pacis
841 3663 896 3707 eos
919 3643 1081 3728 rocipiens
1104 3654 1136 3707 et
1157 3640 1333 3706 honorifica
1358 3662 1413 3705 eos
1438 3649 1589 3720 tractans,
1606 3637 1648 3702 ad
1663 3635 1760 3702 talem
1777 3636 1981 3703 concordiam

310 3743 526 3811 deuenerunt:
551 3747 638 3836 quod
662 3771 772 3813 omnes
797 3748 933 3834 predicti
956 3758 1087 3814 teneant
1110 3771 1204 3814 suum
1228 3749 1360 3833 pacifice
1384 3757 1417 3811 et
1440 3747 1555 3832 quiete,
1579 3754 1611 3808 et
1627 3743 1713 3831 qnod
1732 3765 1794 3808 non
1814 3751 1983 3810 teneantur

309 3849 417 3938 aliqua
439 3851 654 3937 predictarum
679 3857 922 3938 generationum
947 3879 1007 3920 neo
1037 3877 1147 3920 eorum
1178 3854 1325 3920 homines
1360 3853 1448 3937 regie
1483 3851 1642 3916 maiestaii
1677 3848 1804 3915 soluere
1840 3873 1981 3930 censum,

311 3959 371 4022 nisi
395 3965 518 4023 tantum
542 3969 711 4024 tencantur
734 3960 864 4027 domino
888 3963 966 4046 regi,
991 3961 1120 4048 quando
1142 3959 1245 4046 aIIqui
1269 3958 1459 4024 inuaderent
1486 3981 1545 4022 sua
1573 3957 1713 4023 confinia
1746 3956 1875 4042 regalia,
1908 3967 1981 4021 tunc

311 4065 338 4128 si
362 4063 511 4130 dominus
534 4089 593 4132 rex
617 4049 721 4132 mittet
744 4091 801 4154 pro
825 4070 914 4154 ipsis,
939 4079 1015 4134 tunc
1037 4071 1084 4134 ire
1108 4068 1247 4134 debeant
1269 4066 1419 4132 adminua
1437 4089 1510 4130 cum
1527 4066 1638 4131 decem
1654 4066 1822 4149 armigeris
1839 4067 1980 4152 equitum

311 4172 351 4238 de
375 4171 520 4260 qualibet
542 4175 750 4258 generatione
774 4175 1013 4260 prenominata³
1036 4197 1108 4239 cnm
1133 4177 1200 4240 auis
1224 4172 1404 4261 sumptibus
1426 4182 1458 4237 et
1480 4173 1633 4258 expensis
1656 4193 1759 4259 usque
1790 4171 1831 4236 ad
1863 4171 1981 4238 flumen

310 4279 438 4362 Draue;
462 4279 537 4345 inde
559 4303 673 4345 versus
697 4280 874 4366 Ungariam
899 4281 940 4345 ad
962 4275 1122 4368 expensas
1146 4282 1268 4346 domini
1291 4281 1389 4364 regis,
1414 4301 1515 4365 usque
1539 4301 1602 4365 quo
1628 4279 1792 4342 exercitus
1808 4277 1979 4360 durauerit,

312 4391 452 4458 debeant
485 4411 683 4476 permanere.
719 4388 762 4453 Et
796 4389 844 4454 aie
878 4389 987 4454 extitit
1023 4388 1204 4456 ordinatum
1237 4387 1278 4452 de
1308 4407 1392 4452 anno
1424 4396 1532 4452 nostre
1555 4385 1788 4472 redemptionis
1813 4384 1979 4450 millesimo

312 4495 534 4563 Csecundo.“

460 4665 489 4719 Ia
511 4663 663 4737 rukopisah
688 4666 828 4738 knjidnics
851 4665 933 4738 grcia
955 4665 1095 4736 Fanfonjc
1118 4680 1137 4717 ιι
1160 4663 1283 4735 Trogiru
1307 4647 1470 4732 ,Chronica
1501 4661 1612 4717 salonit.
1645 4633 1772 4718 Pontus
1804 4675 1832 4728 p.
1869 4657 1939 4712 546.
1970 4657 1979 4709 i

313 4753 456 4826 knjiInice
478 4753 645 4810 ratikanslse
664 4754 710 4814 br.
737 4755 831 4814 7019.
856 4755 972 4812 Srarni:
995 4754 1087 4809 Tomu
1110 4751 1295 4824 arcidJakona
1318 4751 1388 4823 Gap.
1414 4749 1505 4806 XVII.

400 5051 401 5054 ,
467 4999 477 5037 ¹
499 5004 527 5061 U
549 5003 744 5061 vatikanskom
768 5003 912 5074 rukopisu,
936 5002 1181 5060 Guddomirorum.

464 5088 560 5150 ⁹Vat.
584 5095 687 5165 rukop.
710 5091 865 5148 Cithorum.

388 5204 394 5218 ·
465 5177 479 5216 ³
500 5182 533 5237 F.
557 5201 580 5242 r.
605 5179 872 5254 prenominatarum.
