4300 5930
1779 355 1840 422 169
1893 391 1899 410 ι

171 537 368 602 decimarum
392 537 555 603 oblatione
578 541 709 606 inimica
734 537 917 606 fraternitas
941 543 1087 628 nequiter
1104 544 1275 628 interemit,
1299 568 1363 610 non
1387 568 1464 610 aure
1481 546 1636 612 surdastri
1655 550 1841 632 preteriens,

166 644 205 707 de
232 643 382 708 omnibus
406 644 610 728 victualibus,
635 668 697 731 que
723 645 820 730 vulgo
844 669 946 711 cazun
970 657 1205 734 nuncupantur,
1224 659 1255 716 et
1275 650 1314 716 de
1331 652 1480 716 omnibus
1500 675 1608 716 eorum
1628 647 1839 738 pertinentiis,

162 757 228 812 tam
253 751 285 812 io
310 748 423 830 bobus,
447 772 544 836 quam
561 751 676 815 ouibus
693 773 765 814 cum
782 753 884 834 agnis,
900 761 932 816 et
947 751 1085 837 gallinis,
1104 765 1135 818 et
1150 755 1312 842 porcibus,
1336 758 1344 794 ¹
1361 768 1393 821 et
1408 756 1490 836 aliis,
1508 759 1536 820 si
1557 778 1620 844 que
1641 759 1654 796 ⁹
1678 770 1761 841 sunt,
1779 781 1842 846 que

165 876 209 920 ex
234 853 371 919 diuersis
396 853 485 936 locis,
511 855 650 920 scilicet:
675 855 831 942 Krapina,
852 856 961 937 Okich,
987 867 1019 924 et
1042 856 1180 944 Pogoria
1204 859 1243 923 ad
1269 860 1403 926 ducatus
1428 861 1562 926 cellaria
1594 875 1842 948 congregantur,

165 959 308 1024 decimas
333 959 401 1024 dari
425 961 602 1026 venerabili
638 961 810 1026 Dominico
834 949 1037 1046 zagrabiensi
1062 967 1223 1050 episcopo,
1250 969 1373 1030 eteius
1398 967 1644 1032 successoribus
1669 969 1739 1034 sine
1755 971 1842 1032 omni

163 1065 378 1144 cunctatione,
403 1075 436 1129 et
460 1063 667 1145 mutilatione,
693 1065 964 1152 quemadmodum
987 1091 1045 1154 per
1068 1079 1168 1133 totum
1195 1073 1418 1156 episcopatum
1443 1094 1537 1136 suum
1562 1073 1602 1136 de
1618 1072 1689 1138 aliis
1707 1073 1842 1138 ducatus

163 1161 323 1235 reditibus
345 1169 488 1234 decimas
512 1170 617 1252 babet,
641 1171 795 1257 precipio.
820 1170 863 1235 Et
886 1184 920 1236 ut
944 1171 1004 1237 hoc
1029 1185 1184 1258 perpetua
1208 1175 1384 1240 stabilitate
1409 1179 1555 1256 reniteat,
1582 1176 1676 1242 huius
1711 1181 1843 1264 antique

164 1277 413 1356 constitutionis,
428 1275 483 1340 sed
508 1298 591 1341 nove
615 1277 832 1341 concessionis
856 1279 1016 1364 paginam,
1043 1279 1141 1363 sigilli
1163 1277 1431 1345 mei'munimine
1457 1280 1578 1366 placuit
1601 1283 1759 1368 insigniri,
1785 1305 1844 1346 neo

164 1379 222 1446 ulli
245 1383 344 1466 igitur
366 1381 462 1449 liceat
484 1381 568 1447 banc
592 1385 708 1446 iustam
731 1384 992 1448 constitutionem
1019 1384 1205 1468 infringere,
1231 1399 1288 1450 aut
1310 1388 1340 1452 ei
1361 1409 1442 1450 ausu
1466 1387 1636 1450 temerario
1672 1391 1843 1452 contraire.

165 1484 200 1550 Si
225 1488 297 1572 quis
321 1495 427 1552 autem
452 1497 643 1572 attemptare
674 1491 915 1574 presumpserit,
950 1501 1093 1554 eternam
1127 1491 1396 1576 dampnationem,
1429 1491 1525 1556 velud
1552 1491 1627 1576 (sic)
1660 1494 1844 1576 sacrilegus

165 1613 230 1656 non
255 1592 379 1672 suadet,
407 1591 680 1660 et'ecclesiastice
704 1593 887 1660 seueritatis
911 1598 1070 1658 sententia
1091 1595 1292 1680 percelletur.
1319 1595 1435 1660 Actum
1468 1608 1517 1662 cst
1552 1597 1637 1660 istud
1672 1619 1762 1659 anno
1787 1596 1842 1660 do-

166 1699 282 1761 minice
306 1700 536 1762 incarnationis
561 1696 864 1764 MOLxxxxltl:
877 1699 984 1764 indict.
1011 1699 1086 1764 ΧΠ.
1114 1699 1189 1788 (XI)
1206 1712 1362 1785 regnante
1387 1702 1529 1786 piissimo
1547 1723 1622 1786 rege
1638 1700 1717 1764 Bela
1734 1703 1842 1764 tercio.

317 1880 423 1935 Matisa
445 1897 464 1934 ιι
486 1879 586 1934 arkivu
610 1882 686 1954 kept,
711 1899 786 1954 sagr.
810 1890 873 1937 acta
896 1882 1022 1953 antiqua.
1045 1881 1128 1941 Fuso.
1154 1881 1188 1942 V,
1213 1881 1254 1937 br.
1280 1883 1306 1936 9.
1328 1880 1458 1941 Tkaldid.
1484 1881 1561 1940 Mon.
1595 1881 1620 1942 I.
1652 1889 1701 1940 str.
1735 1881 1765 1939 t.
1804 1881 1844 1936 Po

164 1963 296 2040 indikciji
321 1967 418 2038 megla
439 1969 467 2024 bi
494 1984 524 2022 se
547 1985 600 2024 ovs
623 1969 727 2026 listina·
744 1969 856 2025 uvrstiti
880 1987 895 2023 u
920 1989 948 2042 g.
976 1969 1069 2026 1194.

816 2221 1067 2306 CCXXVII.
1094 2225 1202 2307 1193.

233 2399 312 2463 Belo
335 2402 405 2463 III.
429 2402 510 2476 trclj
532 2402 666 2461 broalsti
690 2404 700 2459 ι’
720 2403 843 2476 agorsti
865 2403 972 2477 doratio
996 2405 1091 2463 tracen
1112 2405 1251 2464 irretortis
1275 2403 1413 2485 Bortola,
1437 2407 1583 2480 inpantju
1606 2406 1776 2466 modrudku.

320 2571 357 2638 In
388 2574 517 2638 nomine
549 2583 658 2638 sancte
693 2573 843 2637 trinitatis
876 2583 907 2638 et
940 2575 1105 2639 indiuidua
1140 2575 1280 2640 unitatis.
1318 2576 1397 2640 Bela
1429 2578 1480 2642 dei
1516 2577 1625 2662 gracia
1662 2575 1841 2660 Hongarie,

178 2677 351 2760 Dalmatia,
388 2675 556 2760 Obroatis,
591 2678 755 2763 Rameque
789 2701 849 2742 rex
882 2681 913 2742 io
949 2689 1147 2766 perpetuum.
1191 2679 1298 2760 Quum
1339 2681 1475 2748 fidelitas
1506 2685 1640 2768 suscipit
1670 2686 1848 2747 incremen-

173 2797 251 2862 tum,
277 2805 349 2847 cum
375 2805 497 2848 merces
528 2784 692 2848 fidelitatis
717 2783 815 2868 digna
838 2784 1048 2848 retributione
1072 2796 1306 2871 compensatur,
1331 2787 1463 2871 dignum
1489 2787 1634 2852 ducimus
1659 2785 1723 2852 illis
1751 2787 1838 2870 regie

176 2887 395 2953 munificentie
420 2911 548 2954 manum
574 2891 735 2975 copiosius
759 2891 886 2974 aperiri,
912 2912 992 2976 quos
1017 2889 1153 2975 longeue
1186 2889 1349 2956 fidelitatis
1381 2875 1590 2978 experientia,
1622 2901 1654 2956 st
1688 2891 1846 2956 exhibitio

181 2993 362 3058 denotionis
386 2996 547 3076 continua,
571 2997 679 3080 gracie
703 3004 810 3058 nostre
835 2993 941 3058 reddit
964 2995 1216 3088 commendatos.
1243 2985 1459 3064 Attendentes‘
1479 3000 1587 3084 itaque
1611 2996 1722 3062 occulo
1756 2997 1845 3062 beni·

176 3100 282 3184 gniori
306 3101 521 3166 sinceritatem
546 3123 585 3165 ac
608 3100 812 3164 deuotionem
838 3099 945 3164 dilecti
971 3121 1011 3166 ac
1046 3098 1150 3165 fidelis
1186 3103 1285 3165 nostri
1320 3103 1448 3166 comitis
1484 3101 1712 3182 Bartholomei,
1749 3111 1848 3166 totam

176 3212 294 3271 terram
319 3206 532 3290 pertinentem
550 3204 590 3270 ad
615 3205 800 3270 comitatum
826 3205 968 3287 Modrus,
1007 3229 1078 3271 cum
1115 3209 1316 3292 pertinentiis
1352 3219 1384 3272 et
1418 3209 1493 3272 totis
1528 3207 1721 3288 redditibus,
1758 3209 1786 3272 ei
1819 3215 1851 3270 et

175 3309 348 3376 heredibus
372 3311 438 3376 suis
461 3313 530 3376 iure
552 3309 745 3376 hereditario
769 3309 972 3392 contulimus,
996 3313 1161 3399 perpetuis
1185 3313 1384 3398 temporibus
1416 3312 1657 3399 possidendam,
1690 3311 1746 3378 tali
1776 3334 1850 3398 pac·

73 3447 79 3458 ‚
175 3417 272 3484 tionis
296 3417 488 3494 interuentu,
513 3415 598 3502 quod
624 3417 865 3502 prenominatus
890 3437 998 3481 comes
1016 3420 1049 3482 in
1082 3417 1227 3482 exercitu
1260 3420 1442 3483 screnitatis
1474 3427 1592 3502 nostre,
1625 3417 1708 3482 infra
1731 3417 1849 3483 limites

174 3525 277 3611 regni,
301 3545 374 3588 cum
398 3523 510 3588 decem
537 3521 655 3602 loricis,
680 3523 712 3588 in
737 3525 1023 3609 reconpensatione
1047 3527 1186 3609 suscepti
1213 3523 1362 3590 beneficii
1387 3522 1480 3588 nobis
1504 3525 1627 3588 asistat.
1653 3521 1757 3587 Extra
1781 3545 1850 3608 reg-

176 3651 252 3692 num
277 3649 355 3694 vero
378 3649 450 3692 cum
476 3637 614 3715 quatuor
632 3627 740 3694 loricis
764 3628 858 3693 nobis
880 3629 1011 3708 seruiat,
1034 3627 1090 3694 tali
1115 3640 1221 3694 tamen
1246 3639 1390 3714 tempore
1413 3629 1531 3693 citatus
1563 3629 1683 3708 veniat,
1719 3629 1751 3690 in
1786 3648 1850 3712 quo

174 3733 336 3799 exereitus
360 3731 542 3800 chroaticus
566 3756 609 3798 ex
632 3743 783 3820 precepto
808 3736 897 3818 regin
919 3733 1144 3800 uniuersaliter
1164 3734 1204 3798 ad
1229 3720 1410 3798 exercitum
1434 3731 1533 3796 fuerit
1557 3741 1764 3798 conuocatus.
1782 3730 1850 3796 Sub

172 3839 233 3905 bac
256 3860 386 3926 quoque
410 3840 603 3905 conditionis
627 3837 730 3904 forma
753 3837 917 3904 includere
941 3838 1156 3922 decreuimus,
1181 3839 1269 3926 quod
1296 3841 1410 3904 eiiam
1447 3837 1551 3902 dictus
1585 3860 1693 3902 comes
1727 3836 1850 3923 absque

173 3943 263 4032 prole
286 3943 509 4025 ingrederetur
533 3945 618 4008 viam
640 3944 747 4008 carnis
771 3947 931 4025 uniuerse,
957 3948 1039 4008 uirus
1063 3944 1193 4009 exfiliis
1216 3943 1349 4008 fratrum
1369 3944 1480 4030 ipsius,
1499 3943 1611 4008 eodem
1629 3945 1850 4007 conuentionis

77 4039 81 4044 ¹
173 4048 269 4114 modo
295 4047 476 4128 obseruate,
501 4047 561 4115 sub
586 4059 694 4114 nostre
718 4043 900 4114 serenitatis
931 4049 1072 4114 dominio
1105 4061 1223 4114 terram
1263 4049 1435 4136 tranquille
1470 4048 1638 4136 possideat
1672 4059 1703 4112 et
1733 4050 1849 4134 quiete.

172 4155 325 4218 Preterea
348 4153 497 4218 volumus
521 4165 553 4219 et
576 4156 880 4239 regiaauctoritate
903 4155 1115 4232 decernimus,
1148 4155 1234 4242 quod
1266 4172 1378 4220 omnes
1416 4154 1567 4220 homines
1602 4154 1642 4218 de
1678 4163 1762 4217 terra
1797 4152 1851 4216 illa

172 4257 292 4324 nullius
315 4258 434 4324 iudicio
457 4260 609 4324 assistere
632 4269 810 4338 teneantur,
828 4261 889 4324 nisi
909 4262 1028 4346 proprii
1046 4260 1183 4341 domini3
1208 4272 1315 4326 amen
1333 4262 1359 4324 si
1377 4259 1479 4326 banus
1498 4261 1529 4324 in
1550 4258 1661 4325 eadem
1679 4269 1764 4323 terra
1781 4281 1848 4344 pre-

172 4387 248 4430 sens
269 4363 375 4446 fuerit,
400 4364 554 4450 quamdiu
580 4387 710 4449 presens
734 4365 837 4442 luerit,
862 4365 1028 4430 iudicandi
1048 4364 1165 4431 babeat
1190 4377 1390 4451 potestatem,
1415 4365 1471 4431 sed
1496 4365 1582 4428 alias
1614 4387 1670 4430 eos
1702 4363 1850 4428 determi-

173 4471 244 4534 nari
267 4491 331 4534 non
354 4469 461 4549 faciat,
486 4469 707 4536 verumtamen
731 4470 880 4536 dominus
901 4493 1010 4536 eorum
1044 4472 1072 4535 si
1106 4468 1371 4536 dehominibus
1406 4473 1473 4536 suis
1510 4469 1706 4535 aduersariis
1742 4491 1851 4534 eorum

171 4577 325 4642 iustitiam
349 4573 456 4640 facere
480 4575 625 4657 voluerit,
649 4586 682 4640 et
715 4575 846 4662 querela
878 4585 952 4639 ante
987 4575 1103 4641 banum
1140 4577 1331 4661 peruenerit,
1367 4599 1425 4663 pro
1461 4575 1648 4639 hominibus
1686 4575 1753 4640 suis
1777 4585 1852 4640 ante

172 4681 293 4748 bauum
324 4681 357 4744 in
393 4678 461 4746 solo
495 4677 550 4744 tali
586 4702 662 4746 casu
700 4691 846 4746 teneatur
881 4669 1085 4767 respondere.
1126 4677 1162 4747 si
1192 4692 1299 4747 autem
1334 4683 1517 4768 sepedictus
1555 4703 1663 4748 comes
1697 4702 1769 4746 cum
1806 4689 1853 4745 tot

170 4785 280 4852 loricis
325 4793 403 4870 quot
448 4785 479 4848 in
519 4787 730 4850 conuentione
769 4789 911 4872 suscepit
948 4809 983 4852 se
1020 4785 1263 4869 exhibiturum,
1309 4787 1350 4851 ad
1388 4789 1566 4852 exercitum
1604 4797 1748 4851 nostrum
1787 4809 1851 4851 non

171 4893 306 4970 venerit,
339 4901 370 4955 et
401 4891 579 4956 constiterit
619 4893 783 4956 serenitati
822 4901 940 4966 nostre,
983 4915 1041 4978 per
1082 4893 1251 4978 pigriciam
1288 4901 1344 4956 aut
1385 4915 1441 4978 per
1474 4892 1630 4956 incuriam
1670 4900 1702 4955 et
1744 4890 1849 4976 negli-

169 4998 313 5082 gentiam
348 4993 467 5060 factum
504 5019 591 5078 esse,
621 4998 662 5062 ad
695 4999 878 5083 proximum
913 5007 1100 5084 sequentem
1135 4999 1313 5062 exercitum
1349 4996 1522 5084 duplicatis
1559 4996 1666 5076 loricis
1697 4995 1848 5077 accedat3
1962 5064 1968 5082 x

339 5193 345 5228 ¹
370 5197 425 5256 uk.
450 5193 570 5267 panibus
596 5189 685 5251 ἰ’1“1ι.
710 5211 777 5266 qua.
