4310 5918
1785 426 1850 515 ,os

163 617 360 699 desiderant,
385 640 423 682 ac
445 627 541 704 prout
564 619 647 682 seira
663 617 760 682 rudes
791 625 951 703 poterunt,
969 617 1175 699 veherentur,
1199 625 1231 680 at
1254 615 1409 682 ecclesias
1433 617 1596 703 quondam
1624 619 1656 682 in
1678 640 1737 683 sua
1759 629 1855 701 terra,

163 744 243 808 quas
268 732 378 808 patres
404 723 553 788 incendio
590 723 758 804 dederunt,
783 723 902 808 posteri
934 732 1119 787 restaurare
1143 721 1305 786 videntur.
1330 721 1402 788 Hac
1425 745 1502 803 ergo
1524 725 1685 789 suadente
1719 725 1853 806 ratione,
1907 733 1910 738 '

163 827 249 914 quod
275 821 508 912 praenominati
527 839 657 892 sanctae
682 827 908 898 Lauriacensis
933 827 1091 892 ecclesiae
1115 825 1349 912 archiepiscopi
1376 827 1545 913 postulatio
1570 831 1703 916 antiqua
1727 839 1853 915 aposto·

163 931 226 996 lica
258 935 450 998 auctoritate
482 931 736 1014 commendatur,
770 942 802 996 et
833 943 1009 1019 praeterea,
1043 933 1129 1020 quod
1160 935 1279 997 iustum
1311 943 1406 1014 esset,
1443 935 1626 1019 pariterque
1652 934 1731 999 utile
1756 937 1852 1002 etiam

165 1041 269 1102 visum
295 1049 355 1120 est,
379 1052 415 1103 nt
437 1038 477 1103 ad
502 1037 744 1102 fructificandas
768 1035 833 1102 deo
852 1047 966 1122 gentes
998 1060 1041 1102 ex
1076 1039 1206 1102 nouitiis
1242 1035 1420 1102 cultoribus
1445 1037 1520 1102 fidei
1546 1037 1731 1122 Ungrorum
1755 1049 1853 1126 atque

165 1143 384 1227 Marauornm,
409 1146 478 1208 siue
508 1146 604 1208 etiam
637 1143 709 1206 aliis
734 1141 1063 1238 multisxSclauorum
1094 1165 1171 1208 suae
1205 1141 1377 1229 parochiae
1411 1142 1566 1223 finitimis,
1602 1143 1670 1210 illic
1692 1129 1849 1212 ordinatis

165 1251 337 1336 episcopis,
363 1250 539 1314 secundum
566 1249 651 1336 quod
683 1250 860 1335 antiquitus
891 1249 1038 1336 dispositi
1064 1260 1163 1328 erant,
1184 1251 1232 1312 eis
1257 1246 1342 1314 bunc
1374 1251 1645 1314 constitueremus
1677 1250 1851 1338 arehiepis-

165 1376 292 1439 copum.
317 1353 478 1434 Quoniam
501 1363 622 1429 autem*
637 1343 898 1438 saltzburgensis
928 1353 1066 1420 ecclesia
1089 1352 1276 1439 metropolis
1299 1353 1402 1418 abusa
1426 1365 1475 1418 est
1499 1353 1699 1420 subiectione
1721 1367 1852 1422 sancme

163 1459 394 1523 Lauriacensis
411 1459 568 1524 ecclesiae
585 1459 752 1546 pontificii,
781 1458 951 1524 obliterata
967 1471 999 1524 et
1018 1469 1176 1524 attentata
1199 1481 1258 1524 sua
1282 1459 1439 1542 dignitate
1468 1483 1510 1524 ex
1533 1459 1756 1526 deuastatione
1781 1455 1851 1528 bar·

163 1564 328 1646 banorum,
366 1587 462 1650 quam
499 1577 669 1652 propterea
705 1567 865 1650 perceptis
896 1564 1081 1651 apostolicis
1114 1564 1297 1650 priuilegiis
1322 1585 1526 1651 nequaquam
1552 1569 1693 1651 patimur
1718 1568 1850 1654 priuari,

161 1693 234 1734 cum
259 1680 292 1736 et
315 1673 424 1756 priora
447 1673 510 1735 sint
533 1670 848 1756 Saltaburgensibus,
874 1679 905 1734 et
920 1669 993 1734 ideo
1008 1653 1258 1750 auctoritatina,¹
1283 1691 1366 1756 quae
1379 1669 1519 1738 conditio
1544 1672 1716 1736 testimonii
1753 1675 1849 1738 etiam

160 1775 248 1860 apud
280 1775 440 1842 secularia
474 1777 595 1842 iudicia
628 1777 717 1860 viget
736 1786 768 1840 et
791 1773 966 1861 praeualet.
1003 1775 1068 1840 Nos
1102 1775 1236 1839 veroin
1262 1773 1442 1839 huiusmodi
1467 1777 1693 1840 constitutione
1722 1799 1851 1844 omnem

160 1879 356 1945 calumniam
373 1893 469 1968 atque
486 1884 701 1946 contentionis
718 1883 930 1962 occasionem,
953 1880 1083 1944 domino
1098 1879 1281 1960 adiuuante,
1302 1878 1396 1947 facile
1414 1880 1667 1966 propulsamus,⁹
1682 1881 1846 1967 parochiis

159 1984 202 2048 ab
233 1987 374 2050 inuicem
398 1989 495 2051 certis
519 1986 675 2052 limitibus
691 1978 912 2072 sequestratis,
937 1995 971 2050 et
991 1995 1096 2052 tamen
1114 1984 1300 2070 apostolicis
1316 1986 1536 2050 sanctionibus
1553 1985 1673 2074 ubique
1689 1985 1848 2070 stabilitis,

160 2113 241 2177 quas
266 2102 410 2157 nostrum
435 2103 484 2158 est
507 2115 634 2178 semper
657 2090 839 2170 defendere,
864 2102 896 2154 et
912 2090 1086 2156 secundum
1109 2089 1330 2174 euangelicam
1348 2092 1539 2156 sententiam
1557 2091 1635 2156 nihil
1670 2091 1849 2176 exsoluere,

158 2197 217 2260 sed
241 2197 430 2283 adimplere.
462 2196 557 2262 Unde
581 2219 658 2280 ergo
677 2199 877 2276 auctoritate,
901 2207 932 2262 at
956 2205 1112 2280 potestate
1128 2195 1214 2260 beati
1237 2194 1325 2260 Petri
1341 2195 1494 2282 principia
1509 2195 1737 2282 apostolorum,
1752 2210 1849 2284 atque

159 2302 311 2388 exemplo
337 2303 503 2367 beatorum
526 2302 713 2388 pontificum
739 2301 861 2367 scilicet
884 2301 1167 2387 praedeeessorum
1185 2310 1377 2382 nostrorum,
1401 2300 1536 2366 eandam
1555 2313 1698 2368 sanctam
1715 2302 1848 2370 Lauria-

159 2429 291 2472 censem
315 2407 496 2488 eeclesiam,
523 2410 658 2493 eiusque
681 2417 824 2473 rectores
848 2410 911 2471 iam
937 2405 1196 2492 archiepiscopos
1228 2405 1344 2470 amodo
1378 2409 1534 2492 perpetim
1565 2406 1607 2471 ab
1630 2410 1717 2472 omni
1748 2409 1849 2475 Salta-

159 2513 332 2595 burgensis
349 2512 505 2578 ecclesiae
521 2514 655 2598 eiusque
675 2513 854 2598 praesulum
874 2512 1083 2592 subiectione,
1101 2533 1139 2574 ac
1157 2513 1277 2576 ditione
1293 2510 1510 2592 absoluimus3
1536 2527 1566 2576 at
1590 2512 1709 2578 honore
1733 2525 1848 2580 metro·

160 2618 303 2702 politano
341 2617 571 2698 sublimamus,
599 2629 631 2681 et
660 2621 743 2683 sicut
778 2617 939 2682 modernis
971 2617 1169 2702 temporibus
1206 2627 1335 2680 sanctae
1366 2619 1537 2682 memoriae
1568 2617 1727 2705 Agapitus
1766 2644 1849 2709 papa

158 2725 315 2788 terminos
340 2725 513 2788 earundem
539 2723 762 2810 parochiarum
787 2724 829 2788 ab
853 2725 990 2786 inuicem
1015 2723 1173 2802 distinxit,
1191 2725 1238 2786 sic
1259 2733 1291 2786 et
1314 2724 1375 2807 ipsi
1392 2722 1577 2805 diffinimus,
1594 2727 1640 2788 ita
1656 2746 1793 2812 quoquc,
1811 2738 1845 2792 ut

156 2839 271 2893 sancta
294 2828 555 2914 saltzburgensis
579 2808 715 2894 ecclesia
738 2831 913 2914 superioris
928 2828 1112 2894 Pannoniae
1136 2831 1304 2914 episcopos
1330 2827 1447 2892 habeat
1470 2827 1702 2914 suffraganeos,
1728 2831 1845 2918 quibus

158 2957 262 3020 usque
281 2934 343 2998 hue
359 2939 408 3000 sui
426 2935 594 3021 pontifices
618 2955 746 3020 praesse
771 2934 973 3014 videbantur,
998 2956 1070 2998 cum
1087 2943 1176 2998 tanta
1199 2932 1320 3018 talique
1348 2932 1497 3015 dioecesi,
1522 2933 1609 3018 quali
1634 2933 1789 3000 hactenus
1813 2938 1845 3003 iu

158 3040 314 3104 inferiore
339 3043 388 3106 usi
414 3053 495 3106 sunt.
511 3041 687 3106 Pannonia.
712 3040 830 3106 Sancta
852 3051 959 3105 autem
982 3039 1210 3104 Lauriacerisis
1246 3039 1383 3102 ecclesia
1408 3040 1439 3102 in
1465 3037 1623 3103 inferioris
1650 3039 1845 3122 Pannonias,

157 3157 255 3233 atque
280 3148 419 3212 Messias
443 3150 601 3231 regiones,
618 3170 753 3235 quarum
779 3149 963 3234 prouinciae
980 3154 1055 3210 sunt
1077 3145 1208 3225 Aueria,
1224 3153 1320 3228 atqua
1344 3142 1498 3221 Marauia,
1524 3145 1555 3208 in
1580 3145 1698 3230 quibus
1722 3159 1844 3232 septem

157 3257 384 3338 episcoporum
397 3252 568 3339 parochiae
586 3255 727 3338 antiquis
744 3253 941 3339 temporibus
955 3249 1212 3330 continebantur,
1229 3253 1342 3334 suique
1358 3251 1517 3314 antistites
1537 3249 1843 3338 archiepiscopalem

157 3357 312 3445 deinceps
336 3357 478 3423 habeant
500 3367 690 3444 potestatem
716 3381 787 3422 curn
810 3368 900 3422 tanta
923 3356 1043 3442 talique
1070 3357 1222 3436 dioecesi,
1247 3355 1334 3440 quali
1367 3343 1521 3420 hactenus
1554 3359 1585 3418 in
1614 3357 1770 3441 superiori
1796 3359 1844 3422 usi

157 3474 234 3529 sunt
257 3465 434 3528 Pannonia.
460 3463 587 3544 Quibus
611 3468 720 3550 utiquc
745 3466 777 3528 in
802 3463 981 3549 praeceptis
1017 3464 1148 3548 insuper
1173 3461 1379 3546 iniungimus,
1401 3471 1435 3524 nt
1458 3462 1548 3524 iuxta
1571 3461 1656 3524 beati
1691 3459 1842 3547 Gregorii

158 3592 262 3656 papae
286 3570 461 3644 decretum,
500 3569 676 3654 Anglorum
711 3568 964 3654 archiepiscopis
980 3567 1147 3648 directum,
1182 3565 1263 3631 alter
1285 3564 1423 3646 illorum,
1448 3559 1501 3651 qni
1529 3569 1616 3650 prior
1640 3569 1682 3631 sit
1704 3569 1736 3631 in
1758 3567 1843 3632 ordi-

158 3679 299 3758 natione,
324 3678 393 3762 ipse
418 3678 524 3755 ctiam,
541 3697 604 3762 quo
621 3675 661 3740 ad
683 3677 780 3750 uiuat,
798 3677 971 3761 prioratum
989 3681 1096 3738 teneat
1119 3683 1151 3736 et
1168 3673 1198 3736 in
1215 3671 1338 3737 ordine.
1355 3671 1488 3738 Penitus
1512 3673 1595 3736 enim
1621 3667 1841 3739 determinatis

159 3785 327 3870 utriusque
352 3781 508 3848 ecclesiae
542 3782 754 3863 dioecesibus,
786 3782 937 3868 omnique
972 3778 1107 3844 exclusa
1126 3775 1303 3870 altercandi
1328 3781 1507 3860 occasione,
1533 3780 1689 3844 canoniea
1712 3778 1772 3844 sub
1795 3777 1842 3844 di·
1960 3825 1964 3831 -

159 3891 326 3954 strictione
350 3888 580 3969 interdicimus,
606 3900 641 3952 ut
664 3883 775 3952 neuter
802 3885 986 3951 earumdem
1012 3884 1220 3950 eeclesiarum
1242 3882 1505 3970 archiepiscopus
1529 3883 1685 3950 inuadere
1709 3883 1841 3950 alterius

159 3993 345 4081 parochiam
382 3989 575 4080 praesumat,
612 3993 663 4057 vel
700 3992 946 4080 quibuscunque
969 3991 1092 4074 iurgiis,
1126 4001 1184 4054 aut
1217 3987 1504 4074 disceptationibus
1529 4011 1625 4074 super
1649 3988 1841 4054 diffinitisa
1883 4018 1885 4026 ·

159 4101 252 4166 nobis
278 4098 374 4182 modo
398 4099 505 4179 rebus,
529 4099 610 4164 alter
636 4097 772 4164 alterum
795 4097 969 4162 sollicitare
1000 4095 1126 4160 audeat.
1155 4094 1216 4159 His
1247 4095 1341 4172 igitur
1364 4091 1494 4174 sedatis,
1526 4093 1744 4159 venerabilem
1764 4115 1840 4160 con·

158 4205 291 4273 fratrem
318 4216 467 4272 nostrum
487 4204 678 4290 Piligrinum
695 4203 984 4289 arehiepiscopum,
1002 4201 1165 4266 canonicis
1189 4199 1304 4266 litteris
1329 4201 1497 4280 munitum,
1516 4197 1585 4263 sedi
1602 4209 1732 4266 sanctae
1755 4199 1841 4266 Lau·
1890 4203 1893 4218 ‘

157 4314 315 4378 riacensis
338 4307 495 4396 ecclcsiae
519 4312 796 4392 introniaauimus,
834 4307 1030 4395 palliumque
1054 4307 1083 4372 ei
1106 4304 1283 4371 secundum
1306 4306 1474 4392 antiquum
1506 4304 1651 4372 eiusdem
1683 4304 1841 4371 ecclesiae

157 4440 234 4482 anae
258 4439 353 4483 usum
378 4416 573 4500 direximus,
599 4427 696 4503 atque
731 4417 765 4480 in
787 4415 962 4502 prouinciis
993 4412 1135 4478 Auariae
1158 4421 1191 4478 et
1213 4411 1378 4476 Murauiae
1409 4411 1643 4497 regionumque
1676 4409 1838 4476 inferioris

157 4523 346 4588 Pannoniae
369 4525 438 4586 siue
463 4521 616 4603 Moesiae,
649 4531 681 4586 et
704 4522 736 4584 in
761 4521 921 4605 contiguis
945 4518 1007 4583 sibi
1042 4515 1231 4584 Sclauorum
1262 4514 1445 4582 nationibus
1481 4517 1734 4608 circumquaque
1770 4537 1835 4582 ma-

38 4645 42 4652 “
155 4632 308 4708 nentium,
327 4640 470 4692 nostram
487 4627 695 4714 apostolicam
713 4629 934 4692 auctoritatem
952 4636 984 4690 ct
1003 4625 1106 4688 vicem
1124 4645 1278 4688 exercere
1293 4623 1499 4703 comittimus,
1516 4631 1614 4708 atquc
1634 4620 1834 4707 delegamus,

156 4745 315 4820 quatenus
339 4733 405 4798 illic
429 4755 516 4798 more
540 4743 779 4796 antecessorum
797 4753 939 4810 suorum,
956 4739 1085 4794 sanetae
1102 4727 1330 4793 Lauriacensis
1346 4727 1503 4792 ecclesiae
1520 4725 1837 4812 archiepiscoporum

156 4839 271 4904 habeat
296 4849 484 4924 potestatem
523 4837 728 4923 presbyteros
759 4848 857 4922 atque
890 4837 1061 4921 episcopos
1096 4833 1256 4915 ordinare,
1276 4841 1372 4919 atque
1396 4835 1601 4913 constituere,
1623 4841 1656 4898 et
1678 4853 1721 4898 ex
1745 4855 1836 4918 prae

156 4945 248 5010 dictis
273 4943 426 5027 gentibus
450 4943 510 5006 sub
535 4957 645 5008 saneta
679 4941 929 5028 praedicatione,
954 4961 1068 5026 parare
1090 4938 1220 5003 domino
1243 4937 1371 5024 plebem
1394 4937 1582 5024 perlectam.

311 5071 468 5128 Bullatium
493 5071 541 5128 88.
559 5071 638 5126 Rom.
662 5071 840 5130 Pontificum.
859 5069 1151 5142 argutissimorum
1170 5067 1251 5123 1857
1270 5067 1306 5123 Τ.
1328 5067 1350 5124 1.
1374 5075 1422 5122 atr.
1447 5067 1508 5122 441
1534 5065 1648 5122 Hausim
1672 5064 1826 5126 Germania
1853 5047 1856 5052 Ι

155 5161 240 5218 Sacra
261 5163 297 5218 T.
321 5162 344 5215 1.
366 5166 416 5214 atr.
441 5160 514 5214 213.

261 5368 403 5434 ¹Hansia.
426 5369 471 5425 vel
493 5369 722 5426 auctorabiliora.
747 5365 881 5426 “Hassis
903 5368 1020 5447 pridiae:
1044 5365 1191 5430 ambabus.
