<?xml version="1.0" encoding="UTF-8"?>
<!DOCTYPE html PUBLIC "-//W3C//DTD XHTML 1.0 Transitional//EN"
    "http://www.w3.org/TR/xhtml1/DTD/xhtml1-transitional.dtd">
<html xmlns="http://www.w3.org/1999/xhtml" xml:lang="en" lang="en">
 <head>
  <title>
</title>
<meta http-equiv="Content-Type" content="text/html;charset=utf-8" />
  <meta name='ocr-system' content='tesseract 3.04.00' />
  <meta name='ocr-capabilities' content='ocr_page ocr_carea ocr_par ocr_line ocrx_word'/>
</head>
<body>
  <div class='ocr_page' id='page_1' title='image "./codexdiplomatic00unkngoog_0065.png"; bbox 0 0 4350 5932; ppageno 0'>
   <div class='ocr_carea' id='block_1_1' title="bbox 1824 429 1868 496">
    <p class='ocr_par' dir='ltr' id='par_1_1' title="bbox 1824 429 1868 496">
     <span class='ocr_line' id='line_1_1' title="bbox 1824 429 1868 496; baseline 0 0"><span class='ocrx_word' id='word_1_1' title='bbox 1824 429 1868 496; x_wconf 76' lang='lat'><strong>25</strong></span> 
     </span>
    </p>
   </div>
   <div class='ocr_carea' id='block_1_2' title="bbox 171 615 1867 1446">
    <p class='ocr_par' dir='ltr' id='par_1_2' title="bbox 171 615 1867 1446">
     <span class='ocr_line' id='line_1_2' title="bbox 173 615 1866 704; baseline 0.005 -26"><span class='ocrx_word' id='word_1_2' title='bbox 173 621 293 680; x_wconf 89' lang='lat' dir='ltr'><strong>nostro</strong></span> <span class='ocrx_word' id='word_1_3' title='bbox 317 615 450 680; x_wconf 89' lang='lat' dir='ltr'><strong>omnino</strong></span> <span class='ocrx_word' id='word_1_4' title='bbox 467 615 610 682; x_wconf 80' lang='lat' dir='ltr'><strong>studiose</strong></span> <span class='ocrx_word' id='word_1_5' title='bbox 626 616 861 699; x_wconf 88' lang='lat' dir='ltr'><strong>mandanimus,</strong></span> <span class='ocrx_word' id='word_1_6' title='bbox 886 626 921 682; x_wconf 91' lang='lat' dir='ltr'><strong>ut</strong></span> <span class='ocrx_word' id='word_1_7' title='bbox 943 617 1104 684; x_wconf 85' lang='lat' dir='ltr'><strong>solicitum</strong></span> <span class='ocrx_word' id='word_1_8' title='bbox 1128 626 1321 704; x_wconf 72' lang='lat' dir='ltr'>cautumque</span> <span class='ocrx_word' id='word_1_9' title='bbox 1337 640 1372 684; x_wconf 86' lang='lat' dir='ltr'><strong>se</strong></span> <span class='ocrx_word' id='word_1_10' title='bbox 1396 619 1512 686; x_wconf 89' lang='lat' dir='ltr'><strong>debeat</strong></span> <span class='ocrx_word' id='word_1_11' title='bbox 1536 617 1699 686; x_wconf 84' lang='lat' dir='ltr'><strong>exhibere.</strong></span> <span class='ocrx_word' id='word_1_12' title='bbox 1726 619 1769 686; x_wconf 84' lang='lat' dir='ltr'><strong>Et</strong></span> <span class='ocrx_word' id='word_1_13' title='bbox 1791 641 1866 686; x_wconf 89' lang='lat' dir='ltr'><strong>con·</strong></span> 
     </span>
     <span class='ocr_line' id='line_1_3' title="bbox 172 718 1867 808; baseline 0.004 -22"><span class='ocrx_word' id='word_1_14' title='bbox 172 718 310 786; x_wconf 87' lang='lat' dir='ltr'><strong>fidimus</strong></span> <span class='ocrx_word' id='word_1_15' title='bbox 329 720 370 785; x_wconf 89' lang='lat' dir='ltr'><strong>de</strong></span> <span class='ocrx_word' id='word_1_16' title='bbox 394 721 446 786; x_wconf 91' lang='lat' dir='ltr'><strong>dei</strong></span> <span class='ocrx_word' id='word_1_17' title='bbox 470 724 570 786; x_wconf 80' lang='lat' dir='ltr'><strong>nostri</strong></span> <span class='ocrx_word' id='word_1_18' title='bbox 596 730 748 807; x_wconf 85' lang='lat' dir='ltr'><strong>potentia,</strong></span> <span class='ocrx_word' id='word_1_19' title='bbox 770 725 846 808; x_wconf 88' lang='lat' dir='ltr'><strong>quia</strong></span> <span class='ocrx_word' id='word_1_20' title='bbox 862 723 895 788; x_wconf 91' lang='lat' dir='ltr'><strong>id</strong></span> <span class='ocrx_word' id='word_1_21' title='bbox 911 725 1026 807; x_wconf 89' lang='lat' dir='ltr'><strong>agitur,</strong></span> <span class='ocrx_word' id='word_1_22' title='bbox 1052 733 1085 788; x_wconf 91' lang='lat' dir='ltr'><strong>ut</strong></span> <span class='ocrx_word' id='word_1_23' title='bbox 1109 746 1166 788; x_wconf 86' lang='lat' dir='ltr'><strong>vos</strong></span> <span class='ocrx_word' id='word_1_24' title='bbox 1191 723 1309 790; x_wconf 91' lang='lat' dir='ltr'><strong>nullius</strong></span> <span class='ocrx_word' id='word_1_25' title='bbox 1333 733 1445 792; x_wconf 86' lang='lat' dir='ltr'><strong>contra</strong></span> <span class='ocrx_word' id='word_1_26' title='bbox 1474 727 1631 792; x_wconf 88' lang='lat' dir='ltr'><strong>rationem</strong></span> <span class='ocrx_word' id='word_1_27' title='bbox 1655 742 1710 792; x_wconf 84' lang='lat' dir='ltr'><strong>aut</strong></span> <span class='ocrx_word' id='word_1_28' title='bbox 1735 725 1867 795; x_wconf 83' lang='lat' dir='ltr'><strong>turbare</strong></span> 
     </span>
     <span class='ocr_line' id='line_1_4' title="bbox 171 825 1866 918; baseline 0.004 -28"><span class='ocrx_word' id='word_1_29' title='bbox 171 825 406 910; x_wconf 86' lang='lat' dir='ltr'>quoquomodo</span> <span class='ocrx_word' id='word_1_30' title='bbox 439 835 495 890; x_wconf 87' lang='lat' dir='ltr'><strong>aut</strong></span> <span class='ocrx_word' id='word_1_31' title='bbox 526 849 670 912; x_wconf 88' lang='lat' dir='ltr'><strong>premere</strong></span> <span class='ocrx_word' id='word_1_32' title='bbox 687 829 789 913; x_wconf 91' lang='lat' dir='ltr'><strong>possit</strong></span> <span class='ocrx_word' id='word_1_33' title='bbox 814 828 1001 894; x_wconf 88' lang='lat' dir='ltr'><strong>aduersitas.</strong></span> <span class='ocrx_word' id='word_1_34' title='bbox 1034 828 1206 894; x_wconf 89' lang='lat' dir='ltr'><strong>Praeterea</strong></span> <span class='ocrx_word' id='word_1_35' title='bbox 1229 828 1425 896; x_wconf 85' lang='lat' dir='ltr'><strong>habitatores</strong></span> <span class='ocrx_word' id='word_1_36' title='bbox 1452 829 1698 918; x_wconf 83' lang='lat' dir='ltr'><strong>Epidauriensia</strong></span> <span class='ocrx_word' id='word_1_37' title='bbox 1722 833 1866 898; x_wconf 84' lang='lat' dir='ltr'><strong>ciuitatis</strong></span> 
     </span>
     <span class='ocr_line' id='line_1_5' title="bbox 172 923 1867 1020; baseline 0.005 -28"><span class='ocrx_word' id='word_1_38' title='bbox 172 927 392 1014; x_wconf 87' lang='lat' dir='ltr'><strong>Florentium,</strong></span> <span class='ocrx_word' id='word_1_39' title='bbox 416 923 517 1018; x_wconf 77' lang='lat' dir='ltr'><strong>quem&#39;</strong></span> <span class='ocrx_word' id='word_1_40' title='bbox 536 954 629 998; x_wconf 91' lang='lat' dir='ltr'><strong>suum</strong></span> <span class='ocrx_word' id='word_1_41' title='bbox 654 956 725 998; x_wconf 87' lang='lat' dir='ltr'><strong>csse</strong></span> <span class='ocrx_word' id='word_1_42' title='bbox 749 934 861 1015; x_wconf 76' lang='lat' dir='ltr'><strong>dicunt</strong></span> <span class='ocrx_word' id='word_1_43' title='bbox 886 937 1082 1020; x_wconf 83' lang='lat' dir='ltr'><strong>episcopum,</strong></span> <span class='ocrx_word' id='word_1_44' title='bbox 1118 936 1180 1000; x_wconf 88' lang='lat' dir='ltr'><strong>sibi</strong></span> <span class='ocrx_word' id='word_1_45' title='bbox 1204 959 1224 1000; x_wconf 90' lang='lat' dir='ltr'><strong>a</strong></span> <span class='ocrx_word' id='word_1_46' title='bbox 1247 935 1340 1000; x_wconf 88' lang='lat' dir='ltr'><strong>nobis</strong></span> <span class='ocrx_word' id='word_1_47' title='bbox 1363 936 1595 1002; x_wconf 89' lang='lat' dir='ltr'><strong>restituendum</strong></span> <span class='ocrx_word' id='word_1_48' title='bbox 1629 936 1867 1004; x_wconf 84' lang='lat' dir='ltr'><strong>studiosissime</strong></span> 
     </span>
     <span class='ocr_line' id='line_1_6' title="bbox 174 1023 1866 1129; baseline 0.006 -31"><span class='ocrx_word' id='word_1_49' title='bbox 174 1045 408 1121; x_wconf 85' lang='lat' dir='ltr'><strong>poposcerunt,</strong></span> <span class='ocrx_word' id='word_1_50' title='bbox 433 1023 615 1102; x_wconf 76' lang='lat' dir='ltr'><strong>asserentes</strong></span> <span class='ocrx_word' id='word_1_51' title='bbox 639 1037 759 1102; x_wconf 88' lang='lat' dir='ltr'><strong>frustra</strong></span> <span class='ocrx_word' id='word_1_52' title='bbox 781 1061 854 1103; x_wconf 91' lang='lat' dir='ltr'><strong>eum</strong></span> <span class='ocrx_word' id='word_1_53' title='bbox 876 1039 916 1104; x_wconf 85' lang='lat' dir='ltr'><strong>ad</strong></span> <span class='ocrx_word' id='word_1_54' title='bbox 939 1038 1041 1106; x_wconf 87' lang='lat' dir='ltr'><strong>solam</strong></span> <span class='ocrx_word' id='word_1_55' title='bbox 1076 1041 1295 1106; x_wconf 85' lang='lat' dir='ltr'><strong>tantummodo</strong></span> <span class='ocrx_word' id='word_1_56' title='bbox 1321 1040 1518 1108; x_wconf 88' lang='lat' dir='ltr'><strong>voluntatem</strong></span> <span class='ocrx_word' id='word_1_57' title='bbox 1541 1040 1665 1108; x_wconf 83' lang='lat' dir='ltr'><strong>Natalis</strong></span> <span class='ocrx_word' id='word_1_58' title='bbox 1703 1041 1866 1129; x_wconf 86' lang='lat' dir='ltr'><strong>quondam</strong></span> 
     </span>
     <span class='ocr_line' id='line_1_7' title="bbox 177 1141 1867 1235; baseline 0.007 -33"><span class='ocrx_word' id='word_1_59' title='bbox 177 1143 328 1227; x_wconf 76' lang='lat' dir='ltr'>episcopi</span> <span class='ocrx_word' id='word_1_60' title='bbox 361 1141 525 1208; x_wconf 86' lang='lat' dir='ltr'><strong>detrusum</strong></span> <span class='ocrx_word' id='word_1_61' title='bbox 560 1141 668 1208; x_wconf 86' lang='lat' dir='ltr'><strong>exilio.</strong></span> <span class='ocrx_word' id='word_1_62' title='bbox 694 1143 737 1208; x_wconf 84' lang='lat' dir='ltr'><strong>Et</strong></span> <span class='ocrx_word' id='word_1_63' title='bbox 760 1143 832 1208; x_wconf 93' lang='lat' dir='ltr'><strong>ideo</strong></span> <span class='ocrx_word' id='word_1_64' title='bbox 856 1144 935 1230; x_wconf 89' lang='lat' dir='ltr'><strong>quid</strong></span> <span class='ocrx_word' id='word_1_65' title='bbox 959 1143 1091 1210; x_wconf 84' lang='lat' dir='ltr'><strong>deeius</strong></span> <span class='ocrx_word' id='word_1_66' title='bbox 1114 1168 1229 1210; x_wconf 79' lang='lat' dir='ltr'><strong>caussa</strong></span> <span class='ocrx_word' id='word_1_67' title='bbox 1252 1146 1435 1214; x_wconf 72' lang='lat' dir='ltr'><strong>fraternitas</strong></span> <span class='ocrx_word' id='word_1_68' title='bbox 1459 1155 1568 1212; x_wconf 88' lang='lat' dir='ltr'><strong>vestra</strong></span> <span class='ocrx_word' id='word_1_69' title='bbox 1590 1149 1752 1235; x_wconf 87' lang='lat' dir='ltr'><strong>cognouit,</strong></span> <span class='ocrx_word' id='word_1_70' title='bbox 1773 1147 1867 1214; x_wconf 85' lang='lat' dir='ltr'><strong>nobie</strong></span> 
     </span>
     <span class='ocr_line' id='line_1_8' title="bbox 173 1239 1866 1338; baseline 0.006 -30"><span class='ocrx_word' id='word_1_71' title='bbox 173 1247 248 1310; x_wconf 85' lang='lat' dir='ltr'><strong>anis</strong></span> <span class='ocrx_word' id='word_1_72' title='bbox 270 1239 433 1312; x_wconf 78' lang='lat' dir='ltr'><strong>subtiliter</strong></span> <span class='ocrx_word' id='word_1_73' title='bbox 449 1247 592 1333; x_wconf 88' lang='lat' dir='ltr'><strong>epistolis</strong></span> <span class='ocrx_word' id='word_1_74' title='bbox 609 1250 798 1314; x_wconf 86' lang='lat' dir='ltr'><strong>innotescat.</strong></span> <span class='ocrx_word' id='word_1_75' title='bbox 824 1247 858 1314; x_wconf 88' lang='lat' dir='ltr'><strong>Si</strong></span> <span class='ocrx_word' id='word_1_76' title='bbox 881 1259 988 1315; x_wconf 88' lang='lat' dir='ltr'><strong>autem</strong></span> <span class='ocrx_word' id='word_1_77' title='bbox 1006 1250 1143 1316; x_wconf 89' lang='lat' dir='ltr'><strong>necdum</strong></span> <span class='ocrx_word' id='word_1_78' title='bbox 1159 1254 1321 1336; x_wconf 89' lang='lat' dir='ltr'><strong>cognouit,</strong></span> <span class='ocrx_word' id='word_1_79' title='bbox 1340 1254 1492 1338; x_wconf 89' lang='lat' dir='ltr'><strong>requirat,</strong></span> <span class='ocrx_word' id='word_1_80' title='bbox 1510 1252 1668 1338; x_wconf 86' lang='lat' dir='ltr'><strong>nobisque</strong></span> <span class='ocrx_word' id='word_1_81' title='bbox 1690 1254 1866 1336; x_wconf 77' lang='lat' dir='ltr'><strong>renuntiet,</strong></span> 
     </span>
     <span class='ocr_line' id='line_1_9' title="bbox 172 1329 1662 1446; baseline 0.007 -33"><span class='ocrx_word' id='word_1_82' title='bbox 172 1359 214 1414; x_wconf 89' lang='lat' dir='ltr'><strong>ut</strong></span> <span class='ocrx_word' id='word_1_83' title='bbox 238 1351 395 1437; x_wconf 89' lang='lat' dir='ltr'><strong>quidquid</strong></span> <span class='ocrx_word' id='word_1_84' title='bbox 419 1351 459 1418; x_wconf 88' lang='lat' dir='ltr'><strong>de</strong></span> <span class='ocrx_word' id='word_1_85' title='bbox 483 1329 528 1418; x_wconf 52' lang='lat' dir='ltr'><strong>eo·</strong></span> <span class='ocrx_word' id='word_1_86' title='bbox 544 1355 749 1418; x_wconf 84' lang='lat' dir='ltr'><strong>statuendum</strong></span> <span class='ocrx_word' id='word_1_87' title='bbox 773 1355 815 1420; x_wconf 89' lang='lat' dir='ltr'><strong>sit</strong></span> <span class='ocrx_word' id='word_1_88' title='bbox 840 1357 919 1420; x_wconf 91' lang='lat' dir='ltr'><strong>certi</strong></span> <span class='ocrx_word' id='word_1_89' title='bbox 941 1354 1120 1446; x_wconf 86' lang='lat' dir='ltr'><strong>deliberare</strong></span> <span class='ocrx_word' id='word_1_90' title='bbox 1143 1355 1311 1422; x_wconf 89' lang='lat' dir='ltr'><strong>audiutore</strong></span> <span class='ocrx_word' id='word_1_91' title='bbox 1332 1356 1461 1424; x_wconf 88' lang='lat' dir='ltr'><strong>domino</strong></span> <span class='ocrx_word' id='word_1_92' title='bbox 1485 1355 1662 1424; x_wconf 82' lang='lat' dir='ltr'><strong>valeamus.</strong></span> 
     </span>
    </p>
   </div>
   <div class='ocr_carea' id='block_1_3' title="bbox 340 1517 1004 1576">
    <p class='ocr_par' dir='ltr' id='par_1_3' title="bbox 340 1517 1004 1576">
     <span class='ocr_line' id='line_1_10' title="bbox 340 1517 1004 1576; baseline 0.006 -4"><span class='ocrx_word' id='word_1_93' title='bbox 340 1517 441 1574; x_wconf 79' lang='lat' dir='ltr'><strong>Manui.</strong></span> <span class='ocrx_word' id='word_1_94' title='bbox 465 1517 604 1575; x_wconf 71' lang='lat' dir='ltr'><strong>collectio</strong></span> <span class='ocrx_word' id='word_1_95' title='bbox 629 1519 737 1574; x_wconf 79' lang='lat' dir='ltr'><strong>Concil.</strong></span> <span class='ocrx_word' id='word_1_96' title='bbox 761 1519 795 1574; x_wconf 87' lang='lat' dir='ltr'><strong>T.</strong></span> <span class='ocrx_word' id='word_1_97' title='bbox 819 1521 856 1575; x_wconf 89' lang='lat' dir='ltr'><strong>X.</strong></span> <span class='ocrx_word' id='word_1_98' title='bbox 880 1527 928 1576; x_wconf 88' lang='lat' dir='ltr'><strong>str.</strong></span> <span class='ocrx_word' id='word_1_99' title='bbox 954 1523 1004 1576; x_wconf 84' lang='lat'><strong>93.</strong></span> 
     </span>
    </p>
   </div>
   <div class='ocr_carea' id='block_1_4' title="bbox 526 1721 1505 1884">
    <p class='ocr_par' dir='ltr' id='par_1_4' title="bbox 526 1721 1505 1884">
     <span class='ocr_line' id='line_1_11' title="bbox 526 1721 1505 1884; baseline 0.003 -27"><span class='ocrx_word' id='word_1_100' title='bbox 526 1773 751 1858; x_wconf 79' lang='grc' dir='ltr'><strong>-ιιιιιιιι,Ι</strong></span> <span class='ocrx_word' id='word_1_101' title='bbox 779 1777 871 1862; x_wconf 79' lang='lat' dir='ltr'><strong>sos.</strong></span> <span class='ocrx_word' id='word_1_102' title='bbox 898 1721 1085 1881; x_wconf 71' lang='lat' dir='ltr'><strong>messos</strong></span> <span class='ocrx_word' id='word_1_103' title='bbox 1109 1733 1263 1884; x_wconf 70' lang='lat' dir='ltr'><strong>riona.</strong></span> <span class='ocrx_word' id='word_1_104' title='bbox 1291 1780 1330 1863; x_wconf 86' lang='lat' dir='ltr'><strong>u</strong></span> <span class='ocrx_word' id='word_1_105' title='bbox 1359 1779 1505 1860; x_wconf 78' lang='lat' dir='ltr'><strong>armo.</strong></span> 
     </span>
    </p>
   </div>
   <div class='ocr_carea' id='block_1_5' title="bbox 175 1925 1866 2156">
    <p class='ocr_par' dir='ltr' id='par_1_5' title="bbox 175 1925 1866 2156">
     <span class='ocr_line' id='line_1_12' title="bbox 175 1925 1866 2052; baseline 0.003 -21"><span class='ocrx_word' id='word_1_106' title='bbox 175 1925 281 2047; x_wconf 71' lang='lat' dir='ltr'><strong>Grpar</strong></span> <span class='ocrx_word' id='word_1_107' title='bbox 305 1973 332 2032; x_wconf 94' lang='lat'><strong>1.</strong></span> <span class='ocrx_word' id='word_1_108' title='bbox 350 1991 437 2047; x_wconf 74' lang='lat' dir='ltr'><strong>papa</strong></span> <span class='ocrx_word' id='word_1_109' title='bbox 459 1992 612 2050; x_wconf 74' lang='lat' dir='ltr'><strong>reponare</strong></span> <span class='ocrx_word' id='word_1_110' title='bbox 626 1972 808 2048; x_wconf 57' lang='lat' dir='ltr'><strong>Semanous</strong></span> <span class='ocrx_word' id='word_1_111' title='bbox 830 1976 956 2048; x_wconf 74' lang='lat' dir='ltr'><strong>tulupa</strong></span> <span class='ocrx_word' id='word_1_112' title='bbox 971 1975 1165 2052; x_wconf 72' lang='lat' dir='ltr'><strong>acdurstopo,</strong></span> <span class='ocrx_word' id='word_1_113' title='bbox 1181 1977 1258 2036; x_wconf 83' lang='lat' dir='ltr'><strong>neta</strong></span> <span class='ocrx_word' id='word_1_114' title='bbox 1279 1977 1415 2050; x_wconf 72' lang='lat' dir='ltr'><strong>attpljioo</strong></span> <span class='ocrx_word' id='word_1_115' title='bbox 1437 1975 1563 2050; x_wconf 76' lang='lat' dir='ltr'><strong>pedanei</strong></span> <span class='ocrx_word' id='word_1_116' title='bbox 1581 1993 1713 2052; x_wconf 73' lang='lat' dir='ltr'><strong>propone</strong></span> <span class='ocrx_word' id='word_1_117' title='bbox 1737 1972 1866 2050; x_wconf 79' lang='lat' dir='ltr'><strong>bistapa</strong></span> 
     </span>
     <span class='ocr_line' id='line_1_13' title="bbox 687 2081 1361 2156; baseline 0.007 -18"><span class='ocrx_word' id='word_1_118' title='bbox 687 2081 857 2156; x_wconf 75' lang='lat' dir='ltr'><strong>sotinslroyu</strong></span> <span class='ocrx_word' id='word_1_119' title='bbox 879 2081 1034 2141; x_wconf 77' lang='lat' dir='ltr'><strong>Mobsima</strong></span> <span class='ocrx_word' id='word_1_120' title='bbox 1056 2082 1084 2140; x_wconf 78' lang='lat' dir='ltr'><strong>ta</strong></span> <span class='ocrx_word' id='word_1_121' title='bbox 1107 2083 1193 2141; x_wconf 76' lang='lat' dir='ltr'><strong>orlac</strong></span> <span class='ocrx_word' id='word_1_122' title='bbox 1215 2083 1361 2142; x_wconf 78' lang='lat' dir='ltr'><strong>iaobdenu.</strong></span> 
     </span>
    </p>
   </div>
   <div class='ocr_carea' id='block_1_6' title="bbox 638 2251 1401 2354">
    <p class='ocr_par' dir='ltr' id='par_1_6' title="bbox 638 2251 1401 2354">
     <span class='ocr_line' id='line_1_14' title="bbox 638 2251 1401 2354; baseline 0.008 -38"><span class='ocrx_word' id='word_1_123' title='bbox 638 2251 825 2338; x_wconf 76' lang='lat' dir='ltr'><strong>Gregorius,</strong></span> <span class='ocrx_word' id='word_1_124' title='bbox 850 2251 1025 2318; x_wconf 79' lang='lat' dir='ltr'><strong>Sabiniano</strong></span> <span class='ocrx_word' id='word_1_125' title='bbox 1049 2257 1199 2340; x_wconf 90' lang='lat' dir='ltr'><strong>episcopo</strong></span> <span class='ocrx_word' id='word_1_126' title='bbox 1221 2253 1401 2354; x_wconf 81' lang='lat' dir='ltr'><strong>Jadertino.</strong></span> 
     </span>
    </p>
   </div>
   <div class='ocr_carea' id='block_1_7' title="bbox 161 2423 1868 4410">
    <p class='ocr_par' dir='ltr' id='par_1_7' title="bbox 161 2423 1868 4410">
     <span class='ocr_line' id='line_1_15' title="bbox 337 2423 1860 2516; baseline 0.003 -25"><span class='ocrx_word' id='word_1_127' title='bbox 337 2423 432 2503; x_wconf 87' lang='lat' dir='ltr'><strong>Satis,</strong></span> <span class='ocrx_word' id='word_1_128' title='bbox 450 2426 550 2491; x_wconf 84' lang='lat' dir='ltr'><strong>frater</strong></span> <span class='ocrx_word' id='word_1_129' title='bbox 572 2429 747 2508; x_wconf 84' lang='lat' dir='ltr'><strong>carissime,</strong></span> <span class='ocrx_word' id='word_1_130' title='bbox 773 2428 812 2493; x_wconf 93' lang='lat' dir='ltr'><strong>de</strong></span> <span class='ocrx_word' id='word_1_131' title='bbox 842 2428 1025 2493; x_wconf 79' lang='lat' dir='ltr'><strong>sinceritate</strong></span> <span class='ocrx_word' id='word_1_132' title='bbox 1054 2439 1107 2493; x_wconf 91' lang='lat' dir='ltr'><strong>tua</strong></span> <span class='ocrx_word' id='word_1_133' title='bbox 1138 2427 1304 2512; x_wconf 83' lang='lat' dir='ltr'><strong>laetificor,</strong></span> <span class='ocrx_word' id='word_1_134' title='bbox 1321 2430 1408 2516; x_wconf 90' lang='lat' dir='ltr'><strong>quod</strong></span> <span class='ocrx_word' id='word_1_135' title='bbox 1423 2455 1494 2497; x_wconf 91' lang='lat' dir='ltr'><strong>eam</strong></span> <span class='ocrx_word' id='word_1_136' title='bbox 1516 2431 1644 2498; x_wconf 84' lang='lat' dir='ltr'><strong>solliciti</strong></span> <span class='ocrx_word' id='word_1_137' title='bbox 1667 2431 1860 2497; x_wconf 80' lang='lat' dir='ltr'><strong>discretione</strong></span> 
     </span>
     <span class='ocr_line' id='line_1_16' title="bbox 174 2531 1860 2621; baseline 0.004 -28"><span class='ocrx_word' id='word_1_138' title='bbox 174 2531 300 2614; x_wconf 90' lang='lat' dir='ltr'><strong>iudicii,</strong></span> <span class='ocrx_word' id='word_1_139' title='bbox 325 2540 358 2596; x_wconf 88' lang='lat' dir='ltr'><strong>et</strong></span> <span class='ocrx_word' id='word_1_140' title='bbox 379 2531 435 2596; x_wconf 89' lang='lat' dir='ltr'><strong>ubi</strong></span> <span class='ocrx_word' id='word_1_141' title='bbox 459 2532 675 2598; x_wconf 87' lang='lat' dir='ltr'><strong>obediendum</strong></span> <span class='ocrx_word' id='word_1_142' title='bbox 700 2544 749 2598; x_wconf 88' lang='lat' dir='ltr'><strong>est</strong></span> <span class='ocrx_word' id='word_1_143' title='bbox 764 2533 906 2616; x_wconf 89' lang='lat' dir='ltr'><strong>obedire,</strong></span> <span class='ocrx_word' id='word_1_144' title='bbox 924 2543 955 2599; x_wconf 92' lang='lat' dir='ltr'><strong>et</strong></span> <span class='ocrx_word' id='word_1_145' title='bbox 972 2533 1025 2598; x_wconf 92' lang='lat' dir='ltr'><strong>ubi</strong></span> <span class='ocrx_word' id='word_1_146' title='bbox 1043 2535 1257 2600; x_wconf 83' lang='lat' dir='ltr'><strong>resistendum</strong></span> <span class='ocrx_word' id='word_1_147' title='bbox 1281 2545 1331 2602; x_wconf 88' lang='lat' dir='ltr'><strong>ost</strong></span> <span class='ocrx_word' id='word_1_148' title='bbox 1355 2539 1514 2621; x_wconf 89' lang='lat' dir='ltr'><strong>resistere,</strong></span> <span class='ocrx_word' id='word_1_149' title='bbox 1535 2539 1640 2604; x_wconf 90' lang='lat' dir='ltr'><strong>studio</strong></span> <span class='ocrx_word' id='word_1_150' title='bbox 1656 2538 1860 2619; x_wconf 87' lang='lat' dir='ltr'><strong>sacerdotali,</strong></span> 
     </span>
     <span class='ocr_line' id='line_1_17' title="bbox 176 2636 1860 2729; baseline 0.005 -29"><span class='ocrx_word' id='word_1_151' title='bbox 176 2659 353 2722; x_wconf 86' lang='lat' dir='ltr'><strong>cognosco.</strong></span> <span class='ocrx_word' id='word_1_152' title='bbox 377 2636 459 2702; x_wconf 82' lang='lat' dir='ltr'><strong>Cum</strong></span> <span class='ocrx_word' id='word_1_153' title='bbox 482 2650 603 2725; x_wconf 89' lang='lat' dir='ltr'><strong>quanta</strong></span> <span class='ocrx_word' id='word_1_154' title='bbox 627 2662 765 2727; x_wconf 89' lang='lat' dir='ltr'><strong>namque</strong></span> <span class='ocrx_word' id='word_1_155' title='bbox 789 2651 820 2705; x_wconf 92' lang='lat' dir='ltr'><strong>te</strong></span> <span class='ocrx_word' id='word_1_156' title='bbox 852 2640 1032 2706; x_wconf 88' lang='lat' dir='ltr'><strong>deuotionis</strong></span> <span class='ocrx_word' id='word_1_157' title='bbox 1056 2639 1219 2706; x_wconf 82' lang='lat' dir='ltr'><strong>alacritate</strong></span> <span class='ocrx_word' id='word_1_158' title='bbox 1245 2641 1432 2706; x_wconf 88' lang='lat' dir='ltr'><strong>submiseris</strong></span> <span class='ocrx_word' id='word_1_159' title='bbox 1465 2641 1526 2724; x_wconf 87' lang='lat' dir='ltr'><strong>his,</strong></span> <span class='ocrx_word' id='word_1_160' title='bbox 1562 2666 1644 2728; x_wconf 88' lang='lat' dir='ltr'><strong>quae</strong></span> <span class='ocrx_word' id='word_1_161' title='bbox 1668 2644 1710 2708; x_wconf 94' lang='lat' dir='ltr'><strong>ob</strong></span> <span class='ocrx_word' id='word_1_162' title='bbox 1734 2641 1860 2729; x_wconf 87' lang='lat' dir='ltr'><strong>culpam</strong></span> 
     </span>
     <span class='ocr_line' id='line_1_18' title="bbox 177 2734 1862 2834; baseline 0.004 -28"><span class='ocrx_word' id='word_1_163' title='bbox 177 2743 348 2829; x_wconf 83' lang='lat' dir='ltr'><strong>praeteriti</strong></span> <span class='ocrx_word' id='word_1_164' title='bbox 372 2765 526 2809; x_wconf 83' lang='lat' dir='ltr'><strong>excessus</strong></span> <span class='ocrx_word' id='word_1_165' title='bbox 551 2743 738 2826; x_wconf 87' lang='lat' dir='ltr'><strong>indiximus,</strong></span> <span class='ocrx_word' id='word_1_166' title='bbox 763 2743 940 2810; x_wconf 89' lang='lat' dir='ltr'><strong>litterarum</strong></span> <span class='ocrx_word' id='word_1_167' title='bbox 963 2754 1099 2827; x_wconf 89' lang='lat' dir='ltr'><strong>tuarum,</strong></span> <span class='ocrx_word' id='word_1_168' title='bbox 1121 2734 1202 2832; x_wconf 80' lang='lat' dir='ltr'><strong>quds</strong></span> <span class='ocrx_word' id='word_1_169' title='bbox 1226 2768 1284 2832; x_wconf 92' lang='lat' dir='ltr'><strong>per</strong></span> <span class='ocrx_word' id='word_1_170' title='bbox 1306 2745 1441 2812; x_wconf 84' lang='lat' dir='ltr'><strong>latorem</strong></span> <span class='ocrx_word' id='word_1_171' title='bbox 1465 2751 1682 2834; x_wconf 86' lang='lat' dir='ltr'><strong>praesentium</strong></span> <span class='ocrx_word' id='word_1_172' title='bbox 1702 2749 1862 2830; x_wconf 84' lang='lat' dir='ltr'><strong>direxisti,</strong></span> 
     </span>
     <span class='ocr_line' id='line_1_19' title="bbox 176 2848 1863 2940; baseline 0.004 -29"><span class='ocrx_word' id='word_1_173' title='bbox 176 2850 299 2932; x_wconf 89' lang='lat' dir='ltr'><strong>pagina</strong></span> <span class='ocrx_word' id='word_1_174' title='bbox 322 2849 475 2914; x_wconf 89' lang='lat' dir='ltr'><strong>seruauit.</strong></span> <span class='ocrx_word' id='word_1_175' title='bbox 501 2848 571 2914; x_wconf 91' lang='lat' dir='ltr'><strong>Nec</strong></span> <span class='ocrx_word' id='word_1_176' title='bbox 594 2853 678 2914; x_wconf 87' lang='lat' dir='ltr'><strong>enim</strong></span> <span class='ocrx_word' id='word_1_177' title='bbox 707 2859 832 2936; x_wconf 89' lang='lat' dir='ltr'><strong>poterat</strong></span> <span class='ocrx_word' id='word_1_178' title='bbox 854 2849 947 2915; x_wconf 87' lang='lat' dir='ltr'><strong>aliter</strong></span> <span class='ocrx_word' id='word_1_179' title='bbox 970 2874 989 2914; x_wconf 89' lang='lat' dir='ltr'><strong>a</strong></span> <span class='ocrx_word' id='word_1_180' title='bbox 1014 2849 1130 2914; x_wconf 86' lang='lat' dir='ltr'><strong>dilecto</strong></span> <span class='ocrx_word' id='word_1_181' title='bbox 1154 2849 1253 2916; x_wconf 89' lang='lat' dir='ltr'><strong>fratre</strong></span> <span class='ocrx_word' id='word_1_182' title='bbox 1277 2854 1405 2939; x_wconf 90' lang='lat' dir='ltr'><strong>suscipi,</strong></span> <span class='ocrx_word' id='word_1_183' title='bbox 1432 2875 1529 2940; x_wconf 84' lang='lat' dir='ltr'><strong>quam</strong></span> <span class='ocrx_word' id='word_1_184' title='bbox 1553 2877 1573 2918; x_wconf 88' lang='lat' dir='ltr'><strong>a</strong></span> <span class='ocrx_word' id='word_1_185' title='bbox 1596 2853 1751 2939; x_wconf 87' lang='lat' dir='ltr'><strong>diligente</strong></span> <span class='ocrx_word' id='word_1_186' title='bbox 1775 2875 1863 2919; x_wconf 89' lang='lat' dir='ltr'><strong>man·</strong></span> 
     </span>
     <span class='ocr_line' id='line_1_20' title="bbox 176 2953 1863 3045; baseline 0.005 -29"><span class='ocrx_word' id='word_1_187' title='bbox 176 2953 290 3018; x_wconf 89' lang='lat' dir='ltr'><strong>datum</strong></span> <span class='ocrx_word' id='word_1_188' title='bbox 314 2963 372 3020; x_wconf 89' lang='lat' dir='ltr'><strong>est.</strong></span> <span class='ocrx_word' id='word_1_189' title='bbox 398 2953 494 3020; x_wconf 91' lang='lat' dir='ltr'><strong>Unde</strong></span> <span class='ocrx_word' id='word_1_190' title='bbox 518 2955 552 3020; x_wconf 87' lang='lat' dir='ltr'><strong>in</strong></span> <span class='ocrx_word' id='word_1_191' title='bbox 577 2957 805 3042; x_wconf 88' lang='lat' dir='ltr'><strong>omnipotentis</strong></span> <span class='ocrx_word' id='word_1_192' title='bbox 822 2955 874 3021; x_wconf 90' lang='lat' dir='ltr'><strong>dei</strong></span> <span class='ocrx_word' id='word_1_193' title='bbox 900 2957 1105 3020; x_wconf 87' lang='lat' dir='ltr'><strong>miseratione</strong></span> <span class='ocrx_word' id='word_1_194' title='bbox 1126 2955 1262 3038; x_wconf 90' lang='lat' dir='ltr'><strong>confido,</strong></span> <span class='ocrx_word' id='word_1_195' title='bbox 1280 2959 1356 3043; x_wconf 92' lang='lat' dir='ltr'><strong>quia</strong></span> <span class='ocrx_word' id='word_1_196' title='bbox 1371 2959 1418 3022; x_wconf 89' lang='lat' dir='ltr'><strong>ita</strong></span> <span class='ocrx_word' id='word_1_197' title='bbox 1440 2961 1510 3023; x_wconf 89' lang='lat' dir='ltr'><strong>eius</strong></span> <span class='ocrx_word' id='word_1_198' title='bbox 1534 2969 1565 3024; x_wconf 90' lang='lat' dir='ltr'><strong>te</strong></span> <span class='ocrx_word' id='word_1_199' title='bbox 1588 2961 1693 3044; x_wconf 87' lang='lat' dir='ltr'><strong>gratie</strong></span> <span class='ocrx_word' id='word_1_200' title='bbox 1713 2960 1863 3045; x_wconf 88' lang='lat' dir='ltr'><strong>protegit,</strong></span> 
     </span>
     <span class='ocr_line' id='line_1_21' title="bbox 177 3059 1863 3151; baseline 0.004 -28"><span class='ocrx_word' id='word_1_201' title='bbox 177 3070 216 3124; x_wconf 91' lang='lat' dir='ltr'><strong>ut</strong></span> <span class='ocrx_word' id='word_1_202' title='bbox 238 3081 295 3146; x_wconf 90' lang='lat' dir='ltr'><strong>per</strong></span> <span class='ocrx_word' id='word_1_203' title='bbox 316 3059 378 3124; x_wconf 90' lang='lat' dir='ltr'><strong>hoo</strong></span> <span class='ocrx_word' id='word_1_204' title='bbox 401 3061 498 3125; x_wconf 82' lang='lat' dir='ltr'><strong>etiam</strong></span> <span class='ocrx_word' id='word_1_205' title='bbox 532 3059 573 3126; x_wconf 89' lang='lat' dir='ltr'><strong>ab</strong></span> <span class='ocrx_word' id='word_1_206' title='bbox 595 3060 668 3126; x_wconf 91' lang='lat' dir='ltr'><strong>aliis</strong></span> <span class='ocrx_word' id='word_1_207' title='bbox 700 3059 878 3144; x_wconf 88' lang='lat' dir='ltr'><strong>absolutus,</strong></span> <span class='ocrx_word' id='word_1_208' title='bbox 910 3059 1084 3126; x_wconf 88' lang='lat' dir='ltr'><strong>salubriter</strong></span> <span class='ocrx_word' id='word_1_209' title='bbox 1115 3063 1261 3148; x_wconf 86' lang='lat' dir='ltr'><strong>paruisse</strong></span> <span class='ocrx_word' id='word_1_210' title='bbox 1284 3073 1316 3127; x_wconf 90' lang='lat' dir='ltr'><strong>ta</strong></span> <span class='ocrx_word' id='word_1_211' title='bbox 1339 3063 1491 3147; x_wconf 87' lang='lat' dir='ltr'><strong>gaudeas.</strong></span> <span class='ocrx_word' id='word_1_212' title='bbox 1516 3065 1567 3129; x_wconf 92' lang='lat' dir='ltr'><strong>De</strong></span> <span class='ocrx_word' id='word_1_213' title='bbox 1591 3065 1652 3129; x_wconf 89' lang='lat' dir='ltr'><strong>boc</strong></span> <span class='ocrx_word' id='word_1_214' title='bbox 1675 3085 1752 3144; x_wconf 86' lang='lat' dir='ltr'><strong>vero</strong></span> <span class='ocrx_word' id='word_1_215' title='bbox 1776 3065 1863 3151; x_wconf 91' lang='lat' dir='ltr'><strong>quod</strong></span> 
     </span>
     <span class='ocr_line' id='line_1_22' title="bbox 176 3167 1860 3256; baseline 0.001 -26"><span class='ocrx_word' id='word_1_216' title='bbox 176 3174 212 3230; x_wconf 85' lang='lat' dir='ltr'><strong>tc</strong></span> <span class='ocrx_word' id='word_1_217' title='bbox 235 3167 418 3230; x_wconf 87' lang='lat' dir='ltr'><strong>contristari</strong></span> <span class='ocrx_word' id='word_1_218' title='bbox 447 3167 564 3230; x_wconf 86' lang='lat' dir='ltr'><strong>carites</strong></span> <span class='ocrx_word' id='word_1_219' title='bbox 592 3175 648 3230; x_wconf 89' lang='lat' dir='ltr'><strong>tua</strong></span> <span class='ocrx_word' id='word_1_220' title='bbox 682 3167 817 3231; x_wconf 84' lang='lat' dir='ltr'><strong>Maximi</strong></span> <span class='ocrx_word' id='word_1_221' title='bbox 849 3167 1117 3256; x_wconf 81' lang='lat' dir='ltr'><strong>praeuaricatoris</strong></span> <span class='ocrx_word' id='word_1_222' title='bbox 1136 3177 1168 3232; x_wconf 91' lang='lat' dir='ltr'><strong>et</strong></span> <span class='ocrx_word' id='word_1_223' title='bbox 1183 3170 1457 3234; x_wconf 85' lang='lat' dir='ltr'><strong>excommunicati</strong></span> <span class='ocrx_word' id='word_1_224' title='bbox 1473 3169 1687 3233; x_wconf 85' lang='lat' dir='ltr'><strong>aemulatione</strong></span> <span class='ocrx_word' id='word_1_225' title='bbox 1711 3171 1860 3254; x_wconf 85' lang='lat' dir='ltr'><strong>signauit,</strong></span> 
     </span>
     <span class='ocr_line' id='line_1_23' title="bbox 161 3268 1861 3360; baseline 0.002 -26"><span class='ocrx_word' id='word_1_226' title='bbox 161 3268 308 3334; x_wconf 66' lang='lat' dir='ltr'><strong>‘turbari</strong></span> <span class='ocrx_word' id='word_1_227' title='bbox 332 3293 396 3336; x_wconf 91' lang='lat' dir='ltr'><strong>non</strong></span> <span class='ocrx_word' id='word_1_228' title='bbox 421 3269 526 3354; x_wconf 87' lang='lat' dir='ltr'><strong>debet,</strong></span> <span class='ocrx_word' id='word_1_229' title='bbox 552 3271 609 3336; x_wconf 89' lang='lat' dir='ltr'><strong>sed</strong></span> <span class='ocrx_word' id='word_1_230' title='bbox 629 3271 731 3354; x_wconf 90' lang='lat' dir='ltr'><strong>decet,</strong></span> <span class='ocrx_word' id='word_1_231' title='bbox 756 3282 790 3338; x_wconf 91' lang='lat' dir='ltr'><strong>ut</strong></span> <span class='ocrx_word' id='word_1_232' title='bbox 811 3271 852 3337; x_wconf 88' lang='lat' dir='ltr'><strong>ad</strong></span> <span class='ocrx_word' id='word_1_233' title='bbox 869 3271 1030 3336; x_wconf 89' lang='lat' dir='ltr'><strong>modicum</strong></span> <span class='ocrx_word' id='word_1_234' title='bbox 1047 3281 1207 3337; x_wconf 87' lang='lat' dir='ltr'><strong>tumentes</strong></span> <span class='ocrx_word' id='word_1_235' title='bbox 1224 3275 1363 3338; x_wconf 90' lang='lat' dir='ltr'><strong>inaniter</strong></span> <span class='ocrx_word' id='word_1_236' title='bbox 1379 3273 1495 3340; x_wconf 85' lang='lat' dir='ltr'><strong>fluctus</strong></span> <span class='ocrx_word' id='word_1_237' title='bbox 1512 3275 1671 3360; x_wconf 89' lang='lat' dir='ltr'><strong>patienter</strong></span> <span class='ocrx_word' id='word_1_238' title='bbox 1695 3274 1861 3340; x_wconf 83' lang='lat' dir='ltr'><strong>tolerando</strong></span> 
     </span>
     <span class='ocr_line' id='line_1_24' title="bbox 178 3377 1865 3466; baseline 0.002 -26"><span class='ocrx_word' id='word_1_239' title='bbox 178 3377 354 3460; x_wconf 83' lang='lat' dir='ltr'><strong>sustineas,</strong></span> <span class='ocrx_word' id='word_1_240' title='bbox 378 3377 592 3442; x_wconf 83' lang='lat' dir='ltr'><strong>standarum</strong></span> <span class='ocrx_word' id='word_1_241' title='bbox 625 3399 756 3464; x_wconf 86' lang='lat' dir='ltr'><strong>spumas</strong></span> <span class='ocrx_word' id='word_1_242' title='bbox 788 3379 1050 3464; x_wconf 86' lang='lat' dir='ltr'><strong>perseverantias</strong></span> <span class='ocrx_word' id='word_1_243' title='bbox 1081 3379 1201 3444; x_wconf 86' lang='lat' dir='ltr'><strong>virtute</strong></span> <span class='ocrx_word' id='word_1_244' title='bbox 1232 3377 1429 3444; x_wconf 82' lang='lat' dir='ltr'><strong>substernas.</strong></span> <span class='ocrx_word' id='word_1_245' title='bbox 1465 3379 1565 3444; x_wconf 86' lang='lat' dir='ltr'><strong>Nouit</strong></span> <span class='ocrx_word' id='word_1_246' title='bbox 1593 3381 1678 3444; x_wconf 90' lang='lat' dir='ltr'><strong>enim</strong></span> <span class='ocrx_word' id='word_1_247' title='bbox 1710 3381 1865 3466; x_wconf 89' lang='lat' dir='ltr'><strong>patientia</strong></span> 
     </span>
     <span class='ocr_line' id='line_1_25' title="bbox 178 3481 1864 3571; baseline 0.002 -25"><span class='ocrx_word' id='word_1_248' title='bbox 178 3481 326 3568; x_wconf 84' lang='lat' dir='ltr'><strong>lenigare</strong></span> <span class='ocrx_word' id='word_1_249' title='bbox 362 3483 448 3569; x_wconf 91' lang='lat' dir='ltr'><strong>quod</strong></span> <span class='ocrx_word' id='word_1_250' title='bbox 472 3505 572 3568; x_wconf 86' lang='lat' dir='ltr'><strong>grane</strong></span> <span class='ocrx_word' id='word_1_251' title='bbox 596 3491 653 3565; x_wconf 90' lang='lat' dir='ltr'><strong>est,</strong></span> <span class='ocrx_word' id='word_1_252' title='bbox 677 3494 710 3548; x_wconf 89' lang='lat' dir='ltr'><strong>et</strong></span> <span class='ocrx_word' id='word_1_253' title='bbox 733 3485 927 3552; x_wconf 57' lang='lat' dir='ltr'><strong>constantia,</strong></span> <span class='ocrx_word' id='word_1_254' title='bbox 948 3506 1101 3570; x_wconf 86' lang='lat' dir='ltr'><strong>superare</strong></span> <span class='ocrx_word' id='word_1_255' title='bbox 1135 3483 1222 3571; x_wconf 91' lang='lat' dir='ltr'><strong>quod</strong></span> <span class='ocrx_word' id='word_1_256' title='bbox 1247 3486 1359 3548; x_wconf 81' lang='lat' dir='ltr'><strong>saevit.</strong></span> <span class='ocrx_word' id='word_1_257' title='bbox 1393 3482 1529 3550; x_wconf 84' lang='lat' dir='ltr'><strong>Animos</strong></span> <span class='ocrx_word' id='word_1_258' title='bbox 1553 3506 1631 3570; x_wconf 82' lang='lat' dir='ltr'><strong>ergo</strong></span> <span class='ocrx_word' id='word_1_259' title='bbox 1654 3494 1726 3550; x_wconf 89' lang='lat' dir='ltr'><strong>tuos</strong></span> <span class='ocrx_word' id='word_1_260' title='bbox 1747 3484 1864 3551; x_wconf 88' lang='lat' dir='ltr'><strong>aduer-</strong></span> 
     </span>
     <span class='ocr_line' id='line_1_26' title="bbox 181 3588 1864 3675; baseline 0.002 -22"><span class='ocrx_word' id='word_1_261' title='bbox 181 3591 266 3653; x_wconf 85' lang='lat' dir='ltr'><strong>sitas</strong></span> <span class='ocrx_word' id='word_1_262' title='bbox 287 3611 352 3654; x_wconf 89' lang='lat' dir='ltr'><strong>non</strong></span> <span class='ocrx_word' id='word_1_263' title='bbox 376 3589 517 3672; x_wconf 84' lang='lat' dir='ltr'><strong>deiciat,</strong></span> <span class='ocrx_word' id='word_1_264' title='bbox 534 3589 591 3654; x_wconf 88' lang='lat' dir='ltr'><strong>sed</strong></span> <span class='ocrx_word' id='word_1_265' title='bbox 622 3589 809 3670; x_wconf 60' lang='lat' dir='ltr'><strong>accendat,</strong></span> <span class='ocrx_word' id='word_1_266' title='bbox 825 3588 1041 3664; x_wconf 84' lang='lat' dir='ltr'><strong>Audaciorem</strong></span> <span class='ocrx_word' id='word_1_267' title='bbox 1066 3600 1097 3654; x_wconf 89' lang='lat' dir='ltr'><strong>te</strong></span> <span class='ocrx_word' id='word_1_268' title='bbox 1121 3591 1153 3654; x_wconf 93' lang='lat' dir='ltr'><strong>in</strong></span> <span class='ocrx_word' id='word_1_269' title='bbox 1179 3590 1329 3654; x_wconf 85' lang='lat' dir='ltr'><strong>omnibus</strong></span> <span class='ocrx_word' id='word_1_270' title='bbox 1352 3592 1447 3675; x_wconf 82' lang='lat' dir='ltr'><strong>vigor</strong></span> <span class='ocrx_word' id='word_1_271' title='bbox 1469 3589 1679 3657; x_wconf 87' lang='lat' dir='ltr'><strong>sacerdotalis</strong></span> <span class='ocrx_word' id='word_1_272' title='bbox 1704 3589 1864 3656; x_wconf 70' lang='lat' dir='ltr'><strong>ostendat.</strong></span> 
     </span>
     <span class='ocr_line' id='line_1_27' title="bbox 178 3678 1866 3782; baseline 0.002 -24"><span class='ocrx_word' id='word_1_273' title='bbox 178 3693 268 3758; x_wconf 85' lang='lat' dir='ltr'><strong>Nam</strong></span> <span class='ocrx_word' id='word_1_274' title='bbox 291 3717 368 3758; x_wconf 86' lang='lat' dir='ltr'><strong>vera</strong></span> <span class='ocrx_word' id='word_1_275' title='bbox 393 3678 588 3760; x_wconf 86' lang='lat' dir='ltr'><strong>documenta</strong></span> <span class='ocrx_word' id='word_1_276' title='bbox 610 3695 754 3762; x_wconf 83' lang='lat' dir='ltr'><strong>veritatis</strong></span> <span class='ocrx_word' id='word_1_277' title='bbox 778 3705 859 3776; x_wconf 88' lang='lat' dir='ltr'><strong>sunt,</strong></span> <span class='ocrx_word' id='word_1_278' title='bbox 888 3697 1117 3781; x_wconf 90' lang='lat' dir='ltr'><strong>promptiorem</strong></span> <span class='ocrx_word' id='word_1_279' title='bbox 1141 3695 1174 3758; x_wconf 89' lang='lat' dir='ltr'><strong>in</strong></span> <span class='ocrx_word' id='word_1_280' title='bbox 1197 3693 1296 3776; x_wconf 89' lang='lat' dir='ltr'><strong>duris,</strong></span> <span class='ocrx_word' id='word_1_281' title='bbox 1320 3705 1352 3759; x_wconf 91' lang='lat' dir='ltr'><strong>et</strong></span> <span class='ocrx_word' id='word_1_282' title='bbox 1374 3693 1540 3762; x_wconf 85' lang='lat' dir='ltr'><strong>fortiorem</strong></span> <span class='ocrx_word' id='word_1_283' title='bbox 1564 3717 1599 3760; x_wconf 87' lang='lat' dir='ltr'><strong>aa</strong></span> <span class='ocrx_word' id='word_1_284' title='bbox 1622 3717 1817 3782; x_wconf 89' lang='lat' dir='ltr'><strong>quemquam</strong></span> <span class='ocrx_word' id='word_1_285' title='bbox 1833 3697 1866 3762; x_wconf 88' lang='lat' dir='ltr'><strong>in</strong></span> 
     </span>
     <span class='ocr_line' id='line_1_28' title="bbox 179 3798 1868 3885; baseline 0.001 -21"><span class='ocrx_word' id='word_1_286' title='bbox 179 3802 353 3864; x_wconf 85' lang='lat' dir='ltr'><strong>contrariis</strong></span> <span class='ocrx_word' id='word_1_287' title='bbox 379 3798 545 3864; x_wconf 87' lang='lat' dir='ltr'><strong>exhibere.</strong></span> <span class='ocrx_word' id='word_1_288' title='bbox 572 3799 615 3866; x_wconf 91' lang='lat' dir='ltr'><strong>Ut</strong></span> <span class='ocrx_word' id='word_1_289' title='bbox 643 3801 741 3885; x_wconf 86' lang='lat' dir='ltr'><strong>igitur</strong></span> <span class='ocrx_word' id='word_1_290' title='bbox 772 3799 973 3866; x_wconf 91' lang='lat' dir='ltr'><strong>rectitudinis</strong></span> <span class='ocrx_word' id='word_1_291' title='bbox 1004 3801 1103 3866; x_wconf 90' lang='lat' dir='ltr'><strong>robur</strong></span> <span class='ocrx_word' id='word_1_292' title='bbox 1126 3824 1144 3864; x_wconf 91' lang='lat' dir='ltr'><strong>a</strong></span> <span class='ocrx_word' id='word_1_293' title='bbox 1166 3800 1250 3865; x_wconf 88' lang='lat' dir='ltr'><strong>bono</strong></span> <span class='ocrx_word' id='word_1_294' title='bbox 1283 3800 1522 3866; x_wconf 88' lang='lat' dir='ltr'><strong>deliberationis</strong></span> <span class='ocrx_word' id='word_1_295' title='bbox 1547 3823 1625 3866; x_wconf 88' lang='lat' dir='ltr'><strong>suae</strong></span> <span class='ocrx_word' id='word_1_296' title='bbox 1649 3801 1736 3868; x_wconf 88' lang='lat' dir='ltr'><strong>nulla</strong></span> <span class='ocrx_word' id='word_1_297' title='bbox 1759 3799 1868 3866; x_wconf 86' lang='lat' dir='ltr'><strong>valeat</strong></span> 
     </span>
     <span class='ocr_line' id='line_1_29' title="bbox 178 3889 1866 3994; baseline 0.002 -26"><span class='ocrx_word' id='word_1_298' title='bbox 178 3903 376 3991; x_wconf 86' lang='lat' dir='ltr'><strong>impulsione</strong></span> <span class='ocrx_word' id='word_1_299' title='bbox 401 3903 550 3986; x_wconf 91' lang='lat' dir='ltr'><strong>conuelli,</strong></span> <span class='ocrx_word' id='word_1_300' title='bbox 575 3907 692 3970; x_wconf 88' lang='lat' dir='ltr'><strong>mentis</strong></span> <span class='ocrx_word' id='word_1_301' title='bbox 716 3928 847 3990; x_wconf 86' lang='lat' dir='ltr'><strong>gressus</strong></span> <span class='ocrx_word' id='word_1_302' title='bbox 870 3907 904 3970; x_wconf 91' lang='lat' dir='ltr'><strong>in</strong></span> <span class='ocrx_word' id='word_1_303' title='bbox 928 3909 996 3970; x_wconf 86' lang='lat' dir='ltr'><strong>eius</strong></span> <span class='ocrx_word' id='word_1_304' title='bbox 1021 3917 1131 3992; x_wconf 87' lang='lat' dir='ltr'><strong>petrae</strong></span> <span class='ocrx_word' id='word_1_305' title='bbox 1154 3905 1358 3990; x_wconf 84' lang='lat' dir='ltr'><strong>soliditatem,</strong></span> <span class='ocrx_word' id='word_1_306' title='bbox 1382 3908 1467 3974; x_wconf 90' lang='lat' dir='ltr'><strong>sicut</strong></span> <span class='ocrx_word' id='word_1_307' title='bbox 1489 3889 1650 3994; x_wconf 87' lang='lat' dir='ltr'><strong>coepistis,</strong></span> <span class='ocrx_word' id='word_1_308' title='bbox 1677 3906 1816 3992; x_wconf 90' lang='lat' dir='ltr'><strong>dirigite,</strong></span> <span class='ocrx_word' id='word_1_309' title='bbox 1835 3909 1866 3972; x_wconf 94' lang='lat' dir='ltr'><strong>in</strong></span> 
     </span>
     <span class='ocr_line' id='line_1_30' title="bbox 179 4007 1867 4100; baseline 0.002 -25"><span class='ocrx_word' id='word_1_310' title='bbox 179 4034 248 4097; x_wconf 89' lang='lat' dir='ltr'><strong>qua</strong></span> <span class='ocrx_word' id='word_1_311' title='bbox 270 4009 508 4096; x_wconf 88' lang='lat' dir='ltr'><strong>redemptorem</strong></span> <span class='ocrx_word' id='word_1_312' title='bbox 534 4007 676 4075; x_wconf 75' lang='lat' dir='ltr'><strong>nocuum</strong></span> <span class='ocrx_word' id='word_1_313' title='bbox 700 4033 759 4097; x_wconf 90' lang='lat' dir='ltr'><strong>per</strong></span> <span class='ocrx_word' id='word_1_314' title='bbox 774 4010 883 4076; x_wconf 82' lang='lat' dir='ltr'><strong>&#39;totum</strong></span> <span class='ocrx_word' id='word_1_315' title='bbox 908 4012 1063 4076; x_wconf 87' lang='lat' dir='ltr'><strong>muudum</strong></span> <span class='ocrx_word' id='word_1_316' title='bbox 1088 4012 1241 4076; x_wconf 83' lang='lat' dir='ltr'><strong>fundasse</strong></span> <span class='ocrx_word' id='word_1_317' title='bbox 1266 4013 1366 4077; x_wconf 87' lang='lat' dir='ltr'><strong>nostis</strong></span> <span class='ocrx_word' id='word_1_318' title='bbox 1389 4013 1572 4095; x_wconf 87' lang='lat' dir='ltr'><strong>ecclesiam,</strong></span> <span class='ocrx_word' id='word_1_319' title='bbox 1596 4024 1755 4100; x_wconf 86' lang='lat' dir='ltr'><strong>quatenus</strong></span> <span class='ocrx_word' id='word_1_320' title='bbox 1777 4023 1867 4078; x_wconf 87' lang='lat' dir='ltr'><strong>recta</strong></span> 
     </span>
     <span class='ocr_line' id='line_1_31' title="bbox 178 4101 1864 4205; baseline 0.002 -25"><span class='ocrx_word' id='word_1_321' title='bbox 178 4107 428 4180; x_wconf 68' lang='lat' dir='ltr'><strong>sineeri&#39;oordis</strong></span> <span class='ocrx_word' id='word_1_322' title='bbox 451 4107 589 4200; x_wconf 82' lang='lat' dir='ltr'><strong>vestigia</strong></span> <span class='ocrx_word' id='word_1_323' title='bbox 612 4117 646 4180; x_wconf 91' lang='lat' dir='ltr'><strong>in</strong></span> <span class='ocrx_word' id='word_1_324' title='bbox 669 4116 765 4180; x_wconf 91' lang='lat' dir='ltr'><strong>deuio</strong></span> <span class='ocrx_word' id='word_1_325' title='bbox 799 4117 913 4182; x_wconf 89' lang='lat' dir='ltr'><strong>itinere</strong></span> <span class='ocrx_word' id='word_1_326' title='bbox 938 4139 1002 4182; x_wconf 91' lang='lat' dir='ltr'><strong>uon</strong></span> <span class='ocrx_word' id='word_1_327' title='bbox 1025 4101 1196 4182; x_wconf 80' lang='lat' dir='ltr'><strong>offendant.</strong></span> <span class='ocrx_word' id='word_1_328' title='bbox 1221 4116 1271 4181; x_wconf 78' lang='lat' dir='ltr'><strong>Ea</strong></span> <span class='ocrx_word' id='word_1_329' title='bbox 1295 4140 1372 4182; x_wconf 88' lang='lat' dir='ltr'><strong>vero</strong></span> <span class='ocrx_word' id='word_1_330' title='bbox 1388 4139 1471 4204; x_wconf 88' lang='lat' dir='ltr'><strong>quae</strong></span> <span class='ocrx_word' id='word_1_331' title='bbox 1487 4119 1580 4184; x_wconf 89' lang='lat' dir='ltr'><strong>uobis</strong></span> <span class='ocrx_word' id='word_1_332' title='bbox 1604 4119 1788 4205; x_wconf 88' lang='lat' dir='ltr'><strong>scripsistis,</strong></span> <span class='ocrx_word' id='word_1_333' title='bbox 1813 4119 1864 4183; x_wconf 89' lang='lat' dir='ltr'><strong>vel</strong></span> 
     </span>
     <span class='ocr_line' id='line_1_32' title="bbox 179 4219 1866 4310; baseline 0.001 -24"><span class='ocrx_word' id='word_1_334' title='bbox 179 4223 398 4308; x_wconf 85' lang='lat' dir='ltr'><strong>praesentium</strong></span> <span class='ocrx_word' id='word_1_335' title='bbox 423 4219 506 4286; x_wconf 87' lang='lat' dir='ltr'><strong>latur</strong></span> <span class='ocrx_word' id='word_1_336' title='bbox 529 4244 636 4286; x_wconf 87' lang='lat' dir='ltr'><strong>coram</strong></span> <span class='ocrx_word' id='word_1_337' title='bbox 661 4223 784 4309; x_wconf 90' lang='lat' dir='ltr'><strong>positus</strong></span> <span class='ocrx_word' id='word_1_338' title='bbox 807 4222 992 4307; x_wconf 86' lang='lat' dir='ltr'><strong>explicauit,</strong></span> <span class='ocrx_word' id='word_1_339' title='bbox 1009 4245 1068 4287; x_wconf 88' lang='lat' dir='ltr'><strong>nos</strong></span> <span class='ocrx_word' id='word_1_340' title='bbox 1092 4246 1154 4287; x_wconf 90' lang='lat' dir='ltr'><strong>non</strong></span> <span class='ocrx_word' id='word_1_341' title='bbox 1175 4221 1314 4288; x_wconf 88' lang='lat' dir='ltr'><strong>credatis</strong></span> <span class='ocrx_word' id='word_1_342' title='bbox 1339 4223 1540 4310; x_wconf 88' lang='lat' dir='ltr'><strong>negligenter</strong></span> <span class='ocrx_word' id='word_1_343' title='bbox 1563 4226 1720 4302; x_wconf 86' lang='lat' dir='ltr'><strong>omittere,</strong></span> <span class='ocrx_word' id='word_1_344' title='bbox 1743 4225 1800 4288; x_wconf 87' lang='lat' dir='ltr'><strong>sed</strong></span> <span class='ocrx_word' id='word_1_345' title='bbox 1825 4223 1866 4288; x_wconf 90' lang='lat' dir='ltr'><strong>de</strong></span> 
     </span>
     <span class='ocr_line' id='line_1_33' title="bbox 178 4326 1865 4410; baseline 0.001 -18"><span class='ocrx_word' id='word_1_346' title='bbox 178 4329 232 4392; x_wconf 88' lang='lat' dir='ltr'><strong>his</strong></span> <span class='ocrx_word' id='word_1_347' title='bbox 258 4329 388 4392; x_wconf 90' lang='lat' dir='ltr'><strong>omnino</strong></span> <span class='ocrx_word' id='word_1_348' title='bbox 412 4327 549 4394; x_wconf 87' lang='lat' dir='ltr'><strong>sollicite</strong></span> <span class='ocrx_word' id='word_1_349' title='bbox 581 4329 772 4410; x_wconf 83' lang='lat' dir='ltr'><strong>cogitamus.</strong></span> <span class='ocrx_word' id='word_1_350' title='bbox 798 4326 1014 4392; x_wconf 83' lang='lat' dir='ltr'><strong>Dilectissimo</strong></span> <span class='ocrx_word' id='word_1_351' title='bbox 1038 4335 1144 4392; x_wconf 88' lang='lat' dir='ltr'><strong>autem</strong></span> <span class='ocrx_word' id='word_1_352' title='bbox 1177 4327 1243 4393; x_wconf 87' lang='lat' dir='ltr'><strong>filio</strong></span> <span class='ocrx_word' id='word_1_353' title='bbox 1277 4340 1386 4392; x_wconf 89' lang='lat' dir='ltr'><strong>nostro</strong></span> <span class='ocrx_word' id='word_1_354' title='bbox 1412 4328 1563 4394; x_wconf 84' lang='lat' dir='ltr'><strong>Anatolio</strong></span> <span class='ocrx_word' id='word_1_355' title='bbox 1587 4329 1722 4396; x_wconf 87' lang='lat' dir='ltr'><strong>diacono</strong></span> <span class='ocrx_word' id='word_1_356' title='bbox 1745 4331 1809 4394; x_wconf 88' lang='lat' dir='ltr'><strong>iam</strong></span> <span class='ocrx_word' id='word_1_357' title='bbox 1833 4343 1865 4394; x_wconf 90' lang='lat' dir='ltr'><strong>et</strong></span> 
     </span>
    </p>
   </div>
   <div class='ocr_carea' id='block_1_8' title="bbox 179 4432 1973 4521">
    <p class='ocr_par' dir='ltr' id='par_1_8' title="bbox 179 4432 1973 4521">
     <span class='ocr_line' id='line_1_34' title="bbox 179 4432 1973 4521; baseline 0.001 -23"><span class='ocrx_word' id='word_1_358' title='bbox 179 4437 272 4520; x_wconf 88' lang='lat' dir='ltr'><strong>prius</strong></span> <span class='ocrx_word' id='word_1_359' title='bbox 296 4444 330 4497; x_wconf 94' lang='lat' dir='ltr'><strong>et</strong></span> <span class='ocrx_word' id='word_1_360' title='bbox 352 4453 438 4497; x_wconf 90' lang='lat' dir='ltr'><strong>nunc</strong></span> <span class='ocrx_word' id='word_1_361' title='bbox 462 4435 576 4496; x_wconf 87' lang='lat' dir='ltr'><strong>iterum</strong></span> <span class='ocrx_word' id='word_1_362' title='bbox 607 4436 715 4498; x_wconf 90' lang='lat' dir='ltr'><strong>omnia</strong></span> <span class='ocrx_word' id='word_1_363' title='bbox 746 4432 906 4498; x_wconf 87' lang='lat' dir='ltr'><strong>subtiliter</strong></span> <span class='ocrx_word' id='word_1_364' title='bbox 936 4432 1159 4515; x_wconf 82' lang='lat' dir='ltr'><strong>iudicauimus,</strong></span> <span class='ocrx_word' id='word_1_365' title='bbox 1191 4435 1355 4500; x_wconf 80' lang='lat' dir='ltr'><strong>hortantes</strong></span> <span class='ocrx_word' id='word_1_366' title='bbox 1390 4434 1601 4521; x_wconf 83' lang='lat' dir='ltr'><strong>utquidquid</strong></span> <span class='ocrx_word' id='word_1_367' title='bbox 1625 4434 1666 4498; x_wconf 85' lang='lat' dir='ltr'><strong>ad</strong></span> <span class='ocrx_word' id='word_1_368' title='bbox 1692 4435 1862 4500; x_wconf 85' lang='lat' dir='ltr'><strong>utilitatem</strong></span> <span class='ocrx_word' id='word_1_369' title='bbox 1964 4503 1973 4514; x_wconf 70' lang='grc'><strong><em>,</em></strong></span> 
     </span>
    </p>
   </div>
   <div class='ocr_carea' id='block_1_9' title="bbox 177 4537 1900 5472">
    <p class='ocr_par' dir='ltr' id='par_1_9' title="bbox 177 4537 1900 5472">
     <span class='ocr_line' id='line_1_35' title="bbox 177 4537 1861 4625; baseline 0.001 -21"><span class='ocrx_word' id='word_1_370' title='bbox 177 4563 219 4604; x_wconf 88' lang='lat' dir='ltr'><strong>ac</strong></span> <span class='ocrx_word' id='word_1_371' title='bbox 251 4541 394 4625; x_wconf 87' lang='lat' dir='ltr'><strong>quietam</strong></span> <span class='ocrx_word' id='word_1_372' title='bbox 426 4539 569 4603; x_wconf 83' lang='lat' dir='ltr'><strong>caritatis</strong></span> <span class='ocrx_word' id='word_1_373' title='bbox 601 4549 736 4618; x_wconf 86' lang='lat' dir='ltr'><strong>vestrae,</strong></span> <span class='ocrx_word' id='word_1_374' title='bbox 768 4537 820 4602; x_wconf 89' lang='lat' dir='ltr'><strong>vel</strong></span> <span class='ocrx_word' id='word_1_375' title='bbox 850 4537 989 4603; x_wconf 88' lang='lat' dir='ltr'><strong>filiorum</strong></span> <span class='ocrx_word' id='word_1_376' title='bbox 1025 4547 1205 4604; x_wconf 82' lang='lat' dir='ltr'><strong>vestrorum</strong></span> <span class='ocrx_word' id='word_1_377' title='bbox 1237 4543 1392 4625; x_wconf 88' lang='lat' dir='ltr'><strong>pertinet,</strong></span> <span class='ocrx_word' id='word_1_378' title='bbox 1428 4543 1581 4605; x_wconf 89' lang='lat' dir='ltr'><strong>creatoris</strong></span> <span class='ocrx_word' id='word_1_379' title='bbox 1616 4541 1715 4604; x_wconf 86' lang='lat' dir='ltr'><strong>nostri</strong></span> <span class='ocrx_word' id='word_1_380' title='bbox 1739 4539 1861 4606; x_wconf 84' lang='lat' dir='ltr'><strong>auxilio</strong></span> 
     </span>
     <span class='ocr_line' id='line_1_36' title="bbox 181 4643 1867 4730; baseline 0 -20"><span class='ocrx_word' id='word_1_381' title='bbox 181 4645 393 4730; x_wconf 83' lang='lat' dir='ltr'><strong>suffragante,</strong></span> <span class='ocrx_word' id='word_1_382' title='bbox 417 4665 537 4728; x_wconf 89' lang='lat' dir='ltr'><strong>augere</strong></span> <span class='ocrx_word' id='word_1_383' title='bbox 561 4646 670 4710; x_wconf 86' lang='lat' dir='ltr'><strong>stricte</strong></span> <span class='ocrx_word' id='word_1_384' title='bbox 693 4667 733 4708; x_wconf 87' lang='lat' dir='ltr'><strong>ac</strong></span> <span class='ocrx_word' id='word_1_385' title='bbox 755 4643 897 4708; x_wconf 87' lang='lat' dir='ltr'><strong>studiose</strong></span> <span class='ocrx_word' id='word_1_386' title='bbox 921 4643 1061 4710; x_wconf 89' lang='lat' dir='ltr'><strong>festinet.</strong></span> <span class='ocrx_word' id='word_1_387' title='bbox 1077 4643 1122 4710; x_wconf 85' lang='lat' dir='ltr'><strong>Et</strong></span> <span class='ocrx_word' id='word_1_388' title='bbox 1138 4643 1211 4710; x_wconf 93' lang='lat' dir='ltr'><strong>ideo</strong></span> <span class='ocrx_word' id='word_1_389' title='bbox 1228 4645 1460 4710; x_wconf 79' lang='lat' dir='ltr'><strong>fraternitatem</strong></span> <span class='ocrx_word' id='word_1_390' title='bbox 1485 4656 1625 4710; x_wconf 85' lang='lat' dir='ltr'><strong>vestram</strong></span> <span class='ocrx_word' id='word_1_391' title='bbox 1650 4667 1710 4711; x_wconf 87' lang='lat' dir='ltr'><strong>nec</strong></span> <span class='ocrx_word' id='word_1_392' title='bbox 1740 4667 1867 4710; x_wconf 88' lang='lat' dir='ltr'><strong>moeror</strong></span> 
     </span>
     <span class='ocr_line' id='line_1_37' title="bbox 181 4749 1867 4839; baseline 0.001 -25"><span class='ocrx_word' id='word_1_393' title='bbox 181 4751 314 4830; x_wconf 83' lang='lat' dir='ltr'><strong>afficiat,</strong></span> <span class='ocrx_word' id='word_1_394' title='bbox 332 4771 393 4814; x_wconf 90' lang='lat' dir='ltr'><strong>nec</strong></span> <span class='ocrx_word' id='word_1_395' title='bbox 412 4750 572 4814; x_wconf 87' lang='lat' dir='ltr'><strong>inimititia</strong></span> <span class='ocrx_word' id='word_1_396' title='bbox 587 4749 759 4815; x_wconf 83' lang='lat' dir='ltr'><strong>cuiuslibet</strong></span> <span class='ocrx_word' id='word_1_397' title='bbox 774 4749 907 4834; x_wconf 87' lang='lat' dir='ltr'><strong>affligat,</strong></span> <span class='ocrx_word' id='word_1_398' title='bbox 924 4773 998 4814; x_wconf 90' lang='lat' dir='ltr'><strong>nam</strong></span> <span class='ocrx_word' id='word_1_399' title='bbox 1018 4751 1195 4816; x_wconf 86' lang='lat' dir='ltr'><strong>diuinitatis</strong></span> <span class='ocrx_word' id='word_1_400' title='bbox 1212 4754 1318 4837; x_wconf 83' lang='lat' dir='ltr'><strong>gratia</strong></span> <span class='ocrx_word' id='word_1_401' title='bbox 1334 4752 1521 4838; x_wconf 87' lang='lat' dir='ltr'><strong>opitulante,</strong></span> <span class='ocrx_word' id='word_1_402' title='bbox 1538 4755 1569 4816; x_wconf 91' lang='lat' dir='ltr'><strong>in</strong></span> <span class='ocrx_word' id='word_1_403' title='bbox 1588 4753 1736 4839; x_wconf 81' lang='lat' dir='ltr'><strong>proximo</strong></span> <span class='ocrx_word' id='word_1_404' title='bbox 1753 4753 1867 4818; x_wconf 83' lang='lat' dir='ltr'><strong>adesse</strong></span> 
     </span>
     <span class='ocr_line' id='line_1_38' title="bbox 181 4853 1866 4944; baseline 0.001 -23"><span class='ocrx_word' id='word_1_405' title='bbox 181 4853 387 4932; x_wconf 86' lang='lat' dir='ltr'><strong>confidimus,</strong></span> <span class='ocrx_word' id='word_1_406' title='bbox 412 4865 447 4918; x_wconf 93' lang='lat' dir='ltr'><strong>ut</strong></span> <span class='ocrx_word' id='word_1_407' title='bbox 470 4865 502 4919; x_wconf 90' lang='lat' dir='ltr'><strong>et</strong></span> <span class='ocrx_word' id='word_1_408' title='bbox 524 4854 660 4940; x_wconf 87' lang='lat' dir='ltr'><strong>praefati</strong></span> <span class='ocrx_word' id='word_1_409' title='bbox 684 4857 952 4940; x_wconf 81' lang='lat' dir='ltr'><strong>praeuaricatoris</strong></span> <span class='ocrx_word' id='word_1_410' title='bbox 975 4867 1007 4920; x_wconf 91' lang='lat' dir='ltr'><strong>et</strong></span> <span class='ocrx_word' id='word_1_411' title='bbox 1031 4859 1303 4922; x_wconf 83' lang='lat' dir='ltr'><strong>excommunicati</strong></span> <span class='ocrx_word' id='word_1_412' title='bbox 1325 4859 1542 4944; x_wconf 88' lang='lat' dir='ltr'><strong>praesumptio</strong></span> <span class='ocrx_word' id='word_1_413' title='bbox 1566 4858 1743 4924; x_wconf 88' lang='lat' dir='ltr'><strong>districtius</strong></span> <span class='ocrx_word' id='word_1_414' title='bbox 1768 4860 1866 4944; x_wconf 88' lang='lat' dir='ltr'><strong>repri-</strong></span> 
     </span>
     <span class='ocr_line' id='line_1_39' title="bbox 179 4961 1866 5051; baseline 0 -25"><span class='ocrx_word' id='word_1_415' title='bbox 179 4970 296 5040; x_wconf 61' lang='lat' dir='ltr'><strong>matur,</strong></span> <span class='ocrx_word' id='word_1_416' title='bbox 330 4971 363 5024; x_wconf 89' lang='lat' dir='ltr'><strong>et</strong></span> <span class='ocrx_word' id='word_1_417' title='bbox 395 4973 503 5024; x_wconf 81' lang='lat' dir='ltr'><strong>vestra</strong></span> <span class='ocrx_word' id='word_1_418' title='bbox 534 4962 638 5046; x_wconf 89' lang='lat' dir='ltr'><strong>quies,</strong></span> <span class='ocrx_word' id='word_1_419' title='bbox 670 4963 753 5026; x_wconf 90' lang='lat' dir='ltr'><strong>sicut</strong></span> <span class='ocrx_word' id='word_1_420' title='bbox 780 4961 980 5042; x_wconf 88' lang='lat' dir='ltr'><strong>desideratis,</strong></span> <span class='ocrx_word' id='word_1_421' title='bbox 1012 4963 1174 5028; x_wconf 86' lang='lat' dir='ltr'><strong>adueniat.</strong></span> <span class='ocrx_word' id='word_1_422' title='bbox 1206 4963 1489 5028; x_wconf 80' lang='lat' dir='ltr'><strong>Excellentissimo</strong></span> <span class='ocrx_word' id='word_1_423' title='bbox 1513 4985 1642 5051; x_wconf 90' lang='lat' dir='ltr'><strong>quoque</strong></span> <span class='ocrx_word' id='word_1_424' title='bbox 1665 4963 1731 5028; x_wconf 90' lang='lat' dir='ltr'><strong>filio</strong></span> <span class='ocrx_word' id='word_1_425' title='bbox 1757 4981 1866 5028; x_wconf 88' lang='lat' dir='ltr'><strong>nostro</strong></span> 
     </span>
     <span class='ocr_line' id='line_1_40' title="bbox 179 5065 1866 5156; baseline 0 -24"><span class='ocrx_word' id='word_1_426' title='bbox 179 5065 334 5145; x_wconf 81' lang='lat' dir='ltr'><strong>exarcho,</strong></span> <span class='ocrx_word' id='word_1_427' title='bbox 363 5067 417 5152; x_wconf 91' lang='lat' dir='ltr'><strong>qui</strong></span> <span class='ocrx_word' id='word_1_428' title='bbox 450 5065 543 5130; x_wconf 87' lang='lat' dir='ltr'><strong>nobis</strong></span> <span class='ocrx_word' id='word_1_429' title='bbox 575 5087 648 5130; x_wconf 91' lang='lat' dir='ltr'><strong>eum</strong></span> <span class='ocrx_word' id='word_1_430' title='bbox 681 5065 789 5130; x_wconf 89' lang='lat' dir='ltr'><strong>studet</strong></span> <span class='ocrx_word' id='word_1_431' title='bbox 818 5067 1055 5144; x_wconf 87' lang='lat' dir='ltr'><strong>commendare,</strong></span> <span class='ocrx_word' id='word_1_432' title='bbox 1076 5067 1131 5134; x_wconf 75' lang='lat' dir='ltr'><strong>&#39;de</strong></span> <span class='ocrx_word' id='word_1_433' title='bbox 1163 5072 1321 5154; x_wconf 87' lang='lat' dir='ltr'><strong>prauitate</strong></span> <span class='ocrx_word' id='word_1_434' title='bbox 1354 5071 1456 5156; x_wconf 76' lang='lat' dir='ltr'><strong>ipsius</strong></span> <span class='ocrx_word' id='word_1_435' title='bbox 1487 5067 1629 5136; x_wconf 85' lang='lat' dir='ltr'><strong>scribere</strong></span> <span class='ocrx_word' id='word_1_436' title='bbox 1664 5089 1866 5156; x_wconf 85' lang='lat' dir='ltr'><strong>nequaquam</strong></span> 
     </span>
     <span class='ocr_line' id='line_1_41' title="bbox 181 5170 1900 5259; baseline -0.001 -24"><span class='ocrx_word' id='word_1_437' title='bbox 181 5173 363 5236; x_wconf 89' lang='lat' dir='ltr'><strong>omisimus.</strong></span> <span class='ocrx_word' id='word_1_438' title='bbox 388 5170 617 5258; x_wconf 86' lang='lat' dir='ltr'><strong>Presbyterum</strong></span> <span class='ocrx_word' id='word_1_439' title='bbox 637 5193 726 5254; x_wconf 81' lang='lat' dir='ltr'><strong>vero,</strong></span> <span class='ocrx_word' id='word_1_440' title='bbox 743 5171 783 5236; x_wconf 90' lang='lat' dir='ltr'><strong>de</strong></span> <span class='ocrx_word' id='word_1_441' title='bbox 799 5195 863 5258; x_wconf 90' lang='lat' dir='ltr'><strong>quo</strong></span> <span class='ocrx_word' id='word_1_442' title='bbox 880 5195 939 5237; x_wconf 88' lang='lat' dir='ltr'><strong>nos</strong></span> <span class='ocrx_word' id='word_1_443' title='bbox 955 5173 1138 5240; x_wconf 86' lang='lat' dir='ltr'><strong>fraternitas</strong></span> <span class='ocrx_word' id='word_1_444' title='bbox 1161 5184 1217 5238; x_wconf 89' lang='lat' dir='ltr'><strong>tua</strong></span> <span class='ocrx_word' id='word_1_445' title='bbox 1241 5173 1350 5238; x_wconf 86' lang='lat' dir='ltr'><strong>latoris</strong></span> <span class='ocrx_word' id='word_1_446' title='bbox 1373 5176 1588 5259; x_wconf 81' lang='lat' dir='ltr'><strong>praesentium</strong></span> <span class='ocrx_word' id='word_1_447' title='bbox 1612 5173 1768 5247; x_wconf 85' lang='lat' dir='ltr'><strong>relatione</strong></span> <span class='ocrx_word' id='word_1_448' title='bbox 1792 5195 1867 5238; x_wconf 90' lang='lat' dir='ltr'><strong>coo-</strong></span> <span class='ocrx_word' id='word_1_449' title='bbox 1893 5217 1900 5234; x_wconf 81' lang='grc'><em>,</em></span> 
     </span>
     <span class='ocr_line' id='line_1_42' title="bbox 181 5275 1867 5366; baseline 0.002 -26"><span class='ocrx_word' id='word_1_450' title='bbox 181 5275 291 5359; x_wconf 91' lang='lat' dir='ltr'><strong>suluit,</strong></span> <span class='ocrx_word' id='word_1_451' title='bbox 317 5275 406 5342; x_wconf 87' lang='lat' dir='ltr'><strong>nulla</strong></span> <span class='ocrx_word' id='word_1_452' title='bbox 429 5278 607 5342; x_wconf 87' lang='lat' dir='ltr'><strong>rationein</strong></span> <span class='ocrx_word' id='word_1_453' title='bbox 631 5299 722 5343; x_wconf 87' lang='lat' dir='ltr'><strong>sacro</strong></span> <span class='ocrx_word' id='word_1_454' title='bbox 741 5278 855 5344; x_wconf 88' lang='lat' dir='ltr'><strong>ordine</strong></span> <span class='ocrx_word' id='word_1_455' title='bbox 878 5289 950 5365; x_wconf 87' lang='lat' dir='ltr'><strong>post</strong></span> <span class='ocrx_word' id='word_1_456' title='bbox 977 5277 1104 5364; x_wconf 89' lang='lat' dir='ltr'><strong>lapsum</strong></span> <span class='ocrx_word' id='word_1_457' title='bbox 1137 5291 1193 5344; x_wconf 92' lang='lat' dir='ltr'><strong>aut</strong></span> <span class='ocrx_word' id='word_1_458' title='bbox 1215 5301 1404 5366; x_wconf 88' lang='lat' dir='ltr'><strong>permanere</strong></span> <span class='ocrx_word' id='word_1_459' title='bbox 1428 5291 1483 5344; x_wconf 85' lang='lat' dir='ltr'><strong>aut</strong></span> <span class='ocrx_word' id='word_1_460' title='bbox 1506 5282 1650 5345; x_wconf 87' lang='lat' dir='ltr'><strong>reuocari</strong></span> <span class='ocrx_word' id='word_1_461' title='bbox 1671 5301 1766 5366; x_wconf 87' lang='lat' dir='ltr'><strong>posse</strong></span> <span class='ocrx_word' id='word_1_462' title='bbox 1790 5299 1867 5364; x_wconf 91' lang='lat' dir='ltr'><strong>cog·</strong></span> 
     </span>
     <span class='ocr_line' id='line_1_43' title="bbox 182 5379 1870 5472; baseline 0.002 -25"><span class='ocrx_word' id='word_1_463' title='bbox 182 5403 308 5470; x_wconf 85' lang='lat' dir='ltr'><strong>noscas.</strong></span> <span class='ocrx_word' id='word_1_464' title='bbox 337 5379 433 5446; x_wconf 75' lang='lat' dir='ltr'><strong>(lisca</strong></span> <span class='ocrx_word' id='word_1_465' title='bbox 449 5404 545 5468; x_wconf 88' lang='lat' dir='ltr'><strong>quem</strong></span> <span class='ocrx_word' id='word_1_466' title='bbox 562 5392 668 5448; x_wconf 70' lang='lat' dir='ltr'><strong>menen</strong></span> <span class='ocrx_word' id='word_1_467' title='bbox 694 5385 803 5448; x_wconf 89' lang='lat' dir='ltr'><strong>mitius</strong></span> <span class='ocrx_word' id='word_1_468' title='bbox 826 5383 988 5469; x_wconf 85' lang='lat' dir='ltr'><strong>agendum</strong></span> <span class='ocrx_word' id='word_1_469' title='bbox 1013 5394 1072 5468; x_wconf 88' lang='lat' dir='ltr'><strong>est,</strong></span> <span class='ocrx_word' id='word_1_470' title='bbox 1096 5395 1266 5472; x_wconf 87' lang='lat' dir='ltr'><strong>propterea</strong></span> <span class='ocrx_word' id='word_1_471' title='bbox 1292 5387 1378 5471; x_wconf 84' lang='lat' dir='ltr'><strong>quod</strong></span> <span class='ocrx_word' id='word_1_472' title='bbox 1404 5387 1611 5451; x_wconf 86' lang='lat' dir='ltr'><strong>commissum</strong></span> <span class='ocrx_word' id='word_1_473' title='bbox 1640 5385 1765 5450; x_wconf 83' lang='lat' dir='ltr'><strong>facinus</strong></span> <span class='ocrx_word' id='word_1_474' title='bbox 1795 5383 1870 5450; x_wconf 89' lang='lat' dir='ltr'><strong>facil</strong></span> 
     </span>
    </p>
   </div>
   <div class='ocr_carea' id='block_1_10' title="bbox 0 0 2192 5924">
    <p class='ocr_par' dir='ltr' id='par_1_10' title="bbox 0 0 2192 5924">
     <span class='ocr_line' id='line_1_44' title="bbox 0 0 2192 5924; baseline 0 0"><span class='ocrx_word' id='word_1_475' title='bbox 0 0 2192 5924; x_wconf 95' lang='lat' dir='ltr'><strong> </strong></span> 
     </span>
    </p>
   </div>
  </div>
 </body>
</html>
