4292 5926
1812 335 1834 402 3

151 533 243 620 gregi
267 532 440 598 commisso
464 530 601 620 prebeas
626 529 792 620 exempla,
817 539 853 598 ut
872 531 1004 599 videant
1027 555 1125 622 opera
1145 541 1199 600 tua
1221 529 1315 613 bona,
1340 539 1372 596 et
1395 529 1577 616 glorificent
1594 538 1719 618 patrem
1745 538 1835 596 tunm

153 640 265 726 quiin
289 637 368 705 celis
392 637 449 704 'est
473 637 522 703 Sit
545 639 578 704 in
601 637 713 724 lingua
737 660 853 704 sermo.
879 636 928 704 Sit
951 637 1012 704 celi
1034 638 1144 706 feruor
1166 633 1198 705 in
1222 639 1340 705 animo.
1365 635 1533 704 Creditum
1557 636 1615 702 tibi
1640 659 1754 723 agrum
1778 637 1834 703 do·

153 745 308 810 mimicum
332 767 457 811 exerce.
483 743 570 810 Dum
596 743 680 826 licet,
708 745 832 810 semina
854 745 888 810 in
911 747 1034 813 timore.
1064 744 1158 812 ‘Dum
1187 756 1315 834 tempus
1342 752 1400 824 ,est
1431 741 1550 809 bonum
1585 741 1735 810 faciendo
1770 764 1834 808 nou

155 850 298 917 deficias.
325 850 484 938 Tempore
508 853 593 916 enim
617 871 675 916 suo
700 861 802 916 metes
826 873 889 917 non
914 851 1103 920 deficiendo.
1123 853 1305 940 vigilanter
1321 853 1430 940 itaque
1446 861 1575 918 terrena
1590 853 1721 938 negotia
1739 851 1835 917 reliu-

154 957 295 1045 quendo,
319 957 492 1024 celestibus
516 956 639 1024 anhela.
666 955 738 1039 Qus
761 966 847 1024 retro
872 968 946 1023 snut
969 958 1174 1040 obliuiscens,
1198 959 1230 1024 in
1251 981 1289 1025 ea
1317 980 1381 1046 que
1412 965 1487 1024 ante
1524 966 1599 1023 sunt
1630 958 1834 1045 temetipsum

155 1064 286 1130 enixius
309 1061 457 1130 extende.
482 1062 576 1129 Mens
597 1073 652 1129 tua
675 1067 708 1128 in
729 1061 865 1130 seculari
889 1086 951 1128 non
976 1063 1103 1142 defluat,
1127 1067 1183 1132 sed
1210 1073 1275 1132 tota
1298 1067 1332 1130 in
1365 1085 1464 1130 unum
1493 1071 1601 1130 currat
1631 1072 1728 1152 atque
1760 1085 1837 1130 con·

153 1168 236 1235 fluat
258 1169 363 1248 finem,
379 1193 474 1258 quem
492 1172 573 1236 mira
588 1170 747 1236 suauitate
763 1169 872 1234 Dauid
902 1181 1098 1258 respexerat,
1129 1195 1202 1238 cum
1230 1171 1377 1240 dicebat:
1406 1169 1513 1236 Unam
1541 1171 1624 1260 pecii
1652 1193 1673 1236 a
1706 1169 1836 1236 domino

153 1275 241 1342 hanc
262 1279 433 1364 requiram,
458 1285 493 1342 ut
514 1273 691 1342 inhabitem
711 1275 747 1361 ,in
771 1276 866 1340 domo
891 1274 1013 1342 domini
1037 1278 1186 1344 omnibus
1210 1277 1324 1344 diebus
1348 1277 1414 1342 vite
1437 1297 1517 1342 mee.
1551 1274 1671 1341 Sancta
1701 1275 1832 1340 trinitas

152 1381 390 1448 fraternitatem
409 1393 495 1448 tuam
520 1381 622 1468 glorie
646 1403 704 1448 sue
726 1385 926 1470 protectione
949 1383 1136 1468 circumdet,
1160 1394 1192 1452 et
1214 1383 1369 1450 adfinem
1386 1381 1441 1471 qui
1457 1404 1522 1448 non
1538 1381 1648 1448 finitur
1664 1383 1835 1468 peruenire

152 1487 321 1556 concedat.
529 1473 531 1478 ’

308 1595 380 1682 Ego
403 1594 548 1662 Pascalis
572 1593 729 1662 catholice
755 1595 891 1662 ecclesie
912 1595 1094 1682 spiscopus.
1120 1596 1172 1686 (L.
1197 1595 1243 1686 S.)
1267 1596 1357 1664 Bene
1380 1593 1497 1662 valete.

303 1701 425 1768 Datum
450 1701 534 1768 Albe
558 1724 616 1789 per
637 1724 751 1768 manus
775 1701 934 1768 Johannis
958 1711 1068 1770 sancte
1092 1727 1224 1770 romane
1247 1703 1383 1769 ecclesie
1404 1701 1543 1768 diaconi.
1575 1699 1633 1767 Vl.
1658 1700 1723 1768 kal.
1750 1699 1832 1768 febr.

153 1807 332 1875 Indictiore
354 1807 397 1875 X.
422 1808 664 1876 lucarnacionis
687 1807 848 1875 dominice
880 1831 966 1876 anno
997 1807 1152 1876 wudu.
1188 1809 1396 1876 Pontificatus
1431 1806 1552 1874 domini
1589 1805 1757 1872 Paschalis
1790 1829 1839 1873 ss·

153 1913 253 1980 cundi
275 1937 328 2003 pp.
354 1914 411 1982 111.

305 2115 411 2172 Matica
432 2133 470 2172 na
493 2114 558 2172 toti
581 2115 683 2188 pisana
705 2116 715 2172 i
737 2116 803 2172 nori
827 2117 921 2190 prepis
945 2133 983 2174 na
1004 2115 1070 2173 koti
1093 2132 1113 2172 ιι
1135 2133 1160 2175 c.
1184 2115 1227 2170 lrr.
1252 2111 1402 2170 dvorslrom
1426 2111 1543 2184 Arkiru,
1566 2127 1585 2168 ιι
1607 2109 1700 2173 lietu.
1723 2113 1839 2187 Ragusa

153 2203 239 2266 Fasc.
263 2204 290 2261 1.
313 2205 364 2266 Νι.
389 2205 419 2264 3.
614 2219 617 2224 ’
770 2201 773 2216 ’

571 2498 653 2580 ΙΙΙ.
681 2498 800 2582 1102.
827 2501 889 2584 19.
916 2500 1101 2602 travnja.
1129 2499 1165 2583 U
1193 2499 1427 2582 Lateranu.

154 2658 291 2720 Puslsoat
313 2659 362 2719 ΙΙ.
381 2677 468 2735 popu
498 2659 567 2735 dujc
596 2661 789 2736 Kreeceocijtu
819 2663 1010 2738 authalopus
1039 2663 1229 2738 splietslromu
1259 2657 1480 2736 nodbistupelci
1507 2661 1599 2736 plait,
1632 2659 1840 2736 poturdlujati

753 2803 850 2860 prauo
875 2787 994 2864 turpeve
1020 2788 1238 2862 nauutsuupije.

308 2973 475 3040 Paschalis
497 2973 680 3062 Episcopus
702 2997 815 3042 seruus
839 2997 1006 3042 seruorum
1030 2974 1091 3050 dei,
1112 2975 1291 3042 venerabili
1314 2977 1403 3043 fratri
1437 2975 1626 3043 Crescentio
1658 2973 1839 3041 salonitano

156 3081 404 3170 archiepiscopo
426 3081 560 3146 salutem
585 3091 617 3146 et
650 3081 861 3170 apostolicam
896 3081 1163 3148 benedictionem.
1198 3081 1387 3170 Apostolics
1422 3081 1508 3149 sedis
1543 3082 1726 3168 benignitas
1766 3103 1841 3146 con·

155 3189 266 3254 sueruit
288 3211 348 3253 sua
370 3187 486 3274 cuique
512 3188 583 3252 iura
605 3209 746 3272 seruare,
770 3201 802 3254 et
825 3191 872 3254 sic
895 3188 1025 3256 honoris
1048 3213 1068 3254 a
1092 3188 1220 3255 domino
1244 3189 1418 3254 contributi
1442 3187 1648 3276 priuilegium
1667 3185 1840 3270 custodire,

156 3306 193 3360 ut
216 3293 372 3360 fratribus
396 3291 504 3379 dignis
525 3295 720 3359 consortium
746 3317 809 3360 non
834 3294 972 3380 deneget
995 3295 1172 3380 dignitatis.
1197 3295 1322 3361 Idcirco
1341 3293 1536 3361 venerabilis
1554 3294 1653 3360 frater
1670 3293 1843 3360 Crescenti

157 3401 340 3467 salonitana
362 3399 615 3488 archiepiscope,
641 3402 799 3486 presentis
824 3399 944 3466 decreti
968 3405 1087 3489 pagina
1117 3401 1309 3468 fraternitati
1339 3411 1393 3466 tue
1429 3403 1556 3488 tuisque
1592 3400 1844 3466 successoribus

157 3509 390 3574 confirmamus
414 3508 554 3572 ciuitatis
578 3505 755 3572 salonitana
777 3506 961 3584 dioecesim,
986 3529 1058 3574 cum
1083 3507 1233 3574 omnibus
1258 3509 1324 3573 suis
1340 3507 1551 3595 appendiciis,
1570 3505 1754 3594 parochiam
1774 3506 1842 3572 Ma-

158 3616 262 3696 ronis,
286 3623 319 3679 et
343 3613 479 3701 quiquid
502 3612 679 3699 episcopali
704 3612 755 3677 rel
779 3613 1023 3698 metropolitano
1046 3616 1114 3679 iure
1139 3603 1187 3678 ad
1203 3613 1414 3680 salonitanam
1439 3613 1609 3680 ecclesiam
1633 3615 1842 3699 cognoscitur

159 3721 333 3808 pertinere.
357 3719 494 3785 Pallium
518 3727 664 3808 preterea
687 3718 879 3784 fraternitati
903 3729 967 3803 tue,
992 3719 1224 3808 plenitudinem
1248 3719 1400 3786 videlicet
1424 3719 1616 3808 pontificalis
1635 3719 1742 3800 officii,
1766 3743 1841 3806 apo-

159 3825 276 3894 stolica
312 3825 504 3892 liberalitate
538 3825 754 3908 concedimus,
791 3826 877 3914 quod
913 3837 945 3892 te
975 3828 1059 3893 intra
1082 3827 1254 3893 ecclesiam
1279 3837 1401 3892 tautum
1424 3827 1466 3892 ad
1487 3828 1658 3892 missarum
1683 3827 1841 3893 solemnia

160 3934 353 4021 subscriptis
377 3932 493 4000 diebus
512 3933 641 3999 noueris
664 3933 882 4015 induendum3
905 3935 938 3999 id
956 3944 1013 4016 est,
1030 3957 1108 4000 cene
1125 3933 1255 4014 domini,
1278 3935 1516 4014 resurectionis,
1531 3933 1740 4012 ascensionis,
1767 3953 1843 4018 pen·

159 4051 311 4124 tecostes,
344 4041 519 4105 natiuitatis
543 4040 675 4117 domini,
700 4039 940 4138 epiphanianis
965 4040 1069 4122 tribus
1092 4038 1322 4105 festiuitatibus
1347 4048 1456 4104 sancte
1481 4037 1591 4119 Maris,
1610 4037 1751 4102 omnium
1769 4033 1844 4122 apo·
1909 4111 1912 4119 ¹

160 4149 330 4228 stolorum,
360 4147 537 4212 natiuitatis
573 4147 708 4213 Joannis
744 4147 892 4229 babtista,
928 4147 1128 4214 solemnitate
1164 4147 1266 4210 sancti
1301 4145 1443 4227 Domnii,
1478 4145 1511 4210 in
1543 4141 1841 4209 consecrationibus

161 4255 384 4337 ecclesiarum,
401 4254 637 4340 episcoporum,
656 4251 918 4341 presbyterorum
932 4263 965 4319 et
980 4253 1196 4333 diaconorum,
1214 4262 1246 4317 et
1261 4252 1482 4316 anniuersario
1499 4249 1677 4316 salonitana
1705 4247 1842 4314 ecclesie

161 4361 414 4430 consecrationis
439 4370 492 4426 tue
516 4360 577 4426 die.
604 4359 704 4426 Cuius
725 4361 876 4426 nimirum
901 4359 989 4448 pallii
1009 4358 1158 4424 volumus
1192 4369 1224 4423 te
1260 4380 1316 4444 per
1350 4359 1458 4422 omnia
1494 4357 1624 4442 genium
1661 4353 1840 4421 vindicare.

160 4469 271 4556 Hujus
295 4467 453 4554 siquidem
479 4466 657 4532 indumenti
680 4467 793 4549 bonor,
818 4465 983 4532 humilitas
1006 4475 1102 4554 atque
1125 4466 1247 4530 iustitia
1268 4475 1326 4545 est,
1351 4473 1418 4528 tota
1442 4485 1519 4550 ergo
1537 4471 1643 4528 mente
1660 4460 1844 4527 fraternitas

162 4586 219 4640 tua
242 4598 277 4642 se
300 4571 455 4639 exhibere
478 4572 608 4638 festinet
631 4574 664 4638 in
690 4575 853 4660 prosperis
877 4571 1040 4656 humilem,
1066 4577 1098 4637 in
1122 4571 1269 4636 aduersis
1288 4573 1314 4635 si
1339 4569 1469 4657 quando
1493 4569 1657 4652 eueniunt,
1682 4591 1755 4635 cum
1780 4571 1843 4636 ius·

162 4683 234 4748 titia
257 4690 408 4763 erectam,
432 4682 569 4746 amicam
593 4679 696 4760 bonis,
715 4681 877 4766 peruersis
894 4680 1097 4760 contrariam,
1115 4677 1234 4743 nullius
1251 4699 1393 4765 unquam
1411 4675 1527 4742 faciem
1544 4685 1657 4742 contra
1674 4677 1841 4740 veritatem

162 4789 336 4875 recipiens,
361 4785 479 4852 nullius
503 4808 644 4873 unquam
669 4783 784 4850 faciem
809 4808 866 4873 pro
891 4788 1026 4851 veritate
1051 4785 1235 4872 loquentem
1259 4806 1419 4872 premens,
1443 4783 1662 4849 misericordie
1680 4781 1843 4869 operibus>

163 4895 256 4958 iuxta
279 4895 431 4958 virtutem
457 4892 635 4957 substantie
659 4892 821 4975 insistens,
844 4901 1006 4957 ettamen
1030 4893 1178 4958 insistere
1199 4893 1296 4956 etiam
1321 4912 1419 4980 supra
1439 4892 1591 4956 virtutem
1616 4891 1766 4976 cupiens3
1799 4889 1845 4952 in·

164 4999 267 5064 firmis
292 5001 501 5085 compatiens,
526 4996 794 5064 beneuolentibus
816 4997 1034 5084 congaudens,
1058 4996 1164 5062 aliena
1187 4996 1305 5062 damna
1327 4998 1458 5085 propria
1483 5005 1645 5083 reputans,
1670 4995 1710 5061 de
1732 4993 1847 5060 alienis

165 5107 294 5192 gaudiis
316 5116 480 5192 tamquam
501 5103 542 5170 de
565 5105 703 5192 propriis
727 5103 887 5187 exultans,
911 5107 945 5169 in
969 5103 1168 5191 corrigendis
1192 5105 1280 5169 vitiis
1302 5105 1354 5190 pie
1378 5105 1521 5186 seuleus,
1541 5103 1573 5167 in
1606 5099 1754 5166 fouendis
1783 5101 1847 5166 vir-

169 5211 293 5280 tutibus
315 5210 497 5278 auditorum
521 5213 663 5277 animum
686 5209 885 5296 demulcens,
911 5213 943 5276 in
969 5213 1016 5276 ira
1040 5209 1193 5276 iudicium
1219 5211 1288 5276 sine
1313 5212 1360 5275 ira
1395 5219 1528 5292 tenens;
1561 5209 1593 5273 in
1618 5205 1849 5293 tranquillitate

1633 5313 1652 5353 a
