4350 5932
1170 411 1177 436 ⁸
1396 423 1405 438 ·
1665 391 1710 492 Ἰ
1800 385 1843 450 39

162 575 258 640 habet
277 577 345 640 dux
370 585 477 640 noster
496 576 650 654 Joannea,
674 576 739 662 qud
760 599 923 662 nunquam
948 575 1061 640 habuit
1083 577 1236 661 magister
1255 576 1389 640 militum
1418 597 1598 661 grecorum,
1636 576 1692 642 sed
1719 600 1842 664 semper

162 680 213 745 ille
247 683 396 746 tribunus
433 681 643 766 dispensabat
675 681 715 745 ad
742 684 857 746 missos
889 681 1081 767 imperiales,
1115 694 1146 746 et
1176 681 1217 745 ad
1252 680 1425 766 legatarios
1457 693 1579 765 euntes,
1606 693 1637 747 et
1661 683 1841 748 redeuntes.

165 785 207 850 Et
229 788 317 872 ipsas
337 787 489 850 collectas
512 787 658 867 facimus,
682 795 713 851 et
733 789 818 850 omni
840 809 923 851 anno
952 787 1099 869 volendo,
1118 786 1263 868 nolendo,
1289 787 1432 874 quotidie
1449 787 1599 853 collectas
1616 787 1769 853 facimus:
1788 812 1845 876 per

165 901 228 954 tres
261 915 339 964 vero
371 915 472 956 annos
503 892 574 956 illas
606 893 756 966 decimas,
789 914 869 978 quas
898 893 939 956 ad
973 903 1112 956 sanctas·
1132 892 1286 957 ecclesias
1322 893 1399 957 dare
1423 891 1603 974 debuimus,
1628 893 1668 958 ad
1700 916 1844 979 paganos

165 995 298 1061 Sclauos
322 1020 376 1062 eas
401 997 558 1084 dedimus,
583 998 711 1084 quando
740 1021 794 1062 eos
820 1020 915 1084 super
939 996 1158 1078 ecclesiarum,
1183 1007 1215 1062 et
1239 997 1431 1084 populorum
1458 1009 1559 1062 terras
1585 1023 1642 1062 nos
1667 1001 1846 1064 transmisit

165 1103 196 1162 in
220 1124 280 1189 sua
304 1112 445 1187 peccata,
471 1113 502 1166 et
521 1115 628 1166 nostra
645 1097 831 1188 perditione.
860 1103 981 1168 Omnes
1009 1105 1086 1167 istas
1114 1106 1274 1188 angarias,
1301 1114 1332 1169 et
1355 1113 1571 1191 superpostas,
1607 1127 1677 1190 que
1702 1105 1845 1191 predicte

162 1217 243 1287 sunt,
280 1207 439 1272 violenter
467 1207 617 1288 ‘facimus
653 1207 737 1294 quod
772 1220 918 1292 parentes
952 1211 1050 1272 nostri
1086 1231 1260 1294 numquam
1297 1207 1450 1290 fecerunt,
1487 1209 1570 1272 unde
1606 1233 1717 1273 omnes
1749 1210 1844 1274 deuc-

167 1313 272 1374 nimus
296 1313 328 1375 in
347 1323 577 1398 paupertatem,
595 1323 627 1376 et
645 1314 785 1378 inrident
802 1323 929 1377 nostros
947 1323 1105 1398 parentes,
1126 1325 1157 1377 et
1173 1315 1297 1399 quisvis
1317 1315 1418 1378 nostri
1435 1313 1588 1378 Venetiae
1609 1324 1639 1378 ot
1657 1313 1845 1396 Dalmatiae,

169 1428 198 1480 et
221 1415 321 1480 Greci
358 1417 417 1482 sub
447 1420 656 1482 cuiusantea
680 1418 798 1482 fuimus
824 1429 990 1504 potestate.
1016 1419 1047 1484 Si
1067 1417 1158 1482 uobis
1176 1421 1317 1484 succurit
1334 1419 1482 1483 dominus
1500 1417 1635 1484 Carolus
1663 1421 1845 1504 imperator,

169 1543 340 1605 possumus
366 1523 597 1616 euaderersin
622 1533 728 1590 autem
756 1524 847 1609 (non)
872 1524 985 1588 melius
1010 1533 1058 1587 est
1090 1524 1181 1588 nobis
1206 1527 1297 1605 mori,
1322 1547 1418 1610 quam
1444 1527 1563 1588 vivere.
1589 1523 1681 1588 Tunc
1704 1525 1846 1589 Joannea

168 1625 235 1689 dux
258 1625 351 1690 dixit:
378 1628 460 1691 Istas
494 1628 601 1710 siluas,
626 1639 658 1693 et
683 1653 811 1716 pascua,
843 1651 905 1715 que
942 1652 999 1693 ros
1035 1629 1151 1712 dicitis,
1177 1651 1236 1714 ego
1261 1629 1393 1710 credidi,
1418 1629 1503 1715 quod
1533 1653 1575 1694 ex
1606 1639 1696 1716 parte
1727 1630 1848 1694 domini

166 1732 372 1815 imperatoris
403 1736 435 1797 in
465 1733 592 1818 publico
622 1757 693 1799 esse
728 1733 900 1801 deberent:
934 1757 1020 1800 nunc
1054 1743 1160 1798 autem
1187 1737 1212 1798 ri
1236 1757 1295 1799 vos
1330 1735 1424 1799 iurati
1450 1734 1511 1798 hoc
1534 1734 1650 1816 dicitis,
1675 1756 1734 1819 ego
1756 1735 1848 1800 vobis

130 1864 131 1868 ¹
168 1835 260 1922 (non)
294 1837 520 1903 contradicam.
545 1840 596 1903 De
618 1840 761 1932 collectis
794 1842 902 1904 ouium
927 1841 958 1904 in
990 1849 1085 1902 antea
1115 1863 1178 1904 non
1210 1839 1333 1924 faciam,
1369 1842 1437 1925 nisi·
1460 1850 1495 1903 ut
1526 1851 1620 1904 antea
1652 1849 1759 1904 vestra
1791 1840 1852 1904 fuit

166 1943 382 2025 consuetud03
407 1945 554 2010 similiter
579 1957 610 2008 ct
634 1945 674 2010 da
699 1948 813 2010 exenio
847 1945 967 2010 domini
1001 1947 1219 2032 imperatoris.
1244 1945 1295 2008 De
1319 1967 1424 2034 opo-re,
1451 1951 1503 2008 vel
1537 1947 1753 2030 nauigatione,
1793 1967 1849 2009 seu

168 2043 315 2130 pluribus
348 2051 499 2132 angariis,
530 2052 555 2114 si
593 2051 685 2114 vobis
722 2050 838 2114 durum
871 2049 1009 2132 videtur,
1035 2075 1097 2116 non
1121 2049 1258 2137 amplius
1282 2050 1347 2116 fiat.
1379 2050 1528 2115 Libertas
1561 2064 1685 2116 vestros
1716 2051 1849 2116 reddam

167 2151 258 2215 vobis
290 2155 465 2218 secundum
499 2153 602 2239 legem
635 2167 801 2242 parentum
836 2168 1035 2238 vestrorum,
1072 2156 1191 2220 liberos
1226 2155 1370 2220 homines
1402 2152 1521 2222 habere
1561 2179 1628 2220 vos.
1657 2159 1850 2242 permittam,

171 2265 203 2320 ut
233 2267 375 2322 vestram
408 2259 548 2323 habeant
582 2261 909 2344 commendationem,
942 2263 1024 2326 sicut
1054 2263 1087 2325 in
1120 2285 1246 2326 omnem
1285 2271 1473 2346 potestatem
1513 2261 1633 2326 domini
1676 2264 1776 2326 nostri
1806 2261 1851 2326 fa-

170 2362 268 2426 ciunt.
302 2363 456 2428 Aduenas
488 2365 643 2447 homines,
673 2368 727 2452 qui
753 2368 783 2430 in
808 2377 916 2430 vestro
951 2367 1138 2448 resederint,
1163 2369 1195 2430 in
1217 2359 1413 2432 vestra'sint
1447 2375 1625 2453 potestate·
1645 2365 1695 2430 De
1727 2365 1851 2430 Sclauia

169 2475 286 2548 autem,
310 2469 394 2532 unde
418 2471 533 2545 dicitis,
558 2471 749 2535 accedamus
775 2495 873 2558 super
895 2473 982 2558 ipsas
1007 2481 1118 2555 terras,
1143 2472 1199 2536 ubi
1223 2473 1409 2555 resederint,
1441 2483 1473 2536 et
1503 2471 1679 2554 videamus,
1704 2471 1758 2536 ubi
1784 2473 1851 2535 sine

142 2586 281 2660 ,restra
305 2574 501 2640 damnietate
525 2559 672 2641 valeant¹
691 2577 841 2656 residere,
866 2579 1043 2642 resideant:
1064 2579 1119 2643 ubi
1154 2601 1230 2643 vero
1263 2577 1355 2642 vobis
1386 2575 1527 2663 aliquam
1557 2577 1783 2640 damnietatem
1807 2576 1852 2640 fa-

169 2682 266 2762 ciunt,
291 2682 362 2745 sive
388 2681 427 2760 de
458 2685 555 2767 agris,
592 2685 660 2746 sive
685 2683 724 2746 de
748 2682 848 2764 siluis,
876 2683 925 2746 vel
951 2707 1095 2762 roncore,
1113 2693 1168 2750 aut
1196 2683 1398 2770 ubicumque,
1417 2705 1474 2746 nos
1492 2705 1546 2746 eos
1563 2683 1727 2746 eliciamus
1757 2681 1852 2745 foras.

42 2858 46 2870 ,
74 2832 77 2836 ·
171 2784 202 2848 si
228 2787 325 2850 vobis
359 2787 470 2872 placet,
505 2799 538 2852 ut
570 2811 625 2852 ecs
660 2790 823 2854 mittamus
857 2793 887 2852 in
925 2789 1000 2852 talia
1025 2791 1154 2853 deserta
1177 2789 1255 2870 loca,
1281 2789 1335 2852 ubi
1359 2789 1427 2853 sine
1451 2797 1559 2852 vestro
1584 2787 1701 2851 damno
1727 2786 1855 2851 valeant

170 2913 393 2974 commanere3
417 2893 539 2957 faciant
562 2893 728 2959 utilitatem
755 2896 784 2956 in
813 2893 938 2978 publico
963 2896 1046 2960 sicut
1070 2904 1101 2958 et
1124 2904 1248 2959 ceteros
1279 2892 1423 2979 populos.
1460 2893 1552 2957 Tunc
1576 2892 1775 2978 prouidimus
1796 2915 1854 2956 nos

172 3000 260 3062 missi
288 2998 407 3065 domni.
432 2999 650 3084 Imperatoris,
675 3010 709 3064 ut
732 3000 876 3064 Joannea
906 3000 975 3064 dux
999 3000 1159 3082 dedisset,
1178 2999 1282 3078 vadia,
1309 3009 1342 3062 ut
1367 3023 1424 3084 per
1448 3001 1554 3063 omnia
1591 2999 1713 3084 prelata
1745 3021 1854 3084 super-

174 3123 268 3190 posta
287 3105 486 3190 glandatico,
512 3106 688 3187 herbatico,
718 3130 832 3193 operas
856 3117 888 3170 et
910 3105 1116 3170 collectiones
1132 3105 1171 3170 de
1189 3104 1323 3185 Sclauis,
1346 3115 1378 3168 et
1401 3105 1441 3168 de
1468 3107 1624 3188 angariat,
1648 3103 1700 3168 vel
1724 3107 1855 3188 nauiga-

170 3211 274 3275 tiones
299 3211 547 3292 emendandum,
580 3221 612 3276 et
635 3215 722 3297 ipsas
747 3213 859 3276 radias
894 3221 1062 3296 recuperet
1089 3211 1284 3296 (acceptant)
1321 3210 1508 3292 Damianus,
1527 3209 1711 3274 Honoratus
1728 3220 1760 3272 et
1776 3209 1855 3274 Gre-

172 3318 305 3398 gorius:
331 3317 387 3386 sed
414 3327 445 3380 et
468 3319 537 3403 ipse
563 3317 698 3402 populus
724 3319 810 3402 ipsas
834 3319 995 3382 concessit
1029 3316 1216 3381 calumnias.
1242 3316 1279 3379 ln
1310 3315 1365 3379 tali
1390 3337 1466 3378 vero
1499 3324 1619 3394 tenore,
1657 3324 1690 3378 ut
1717 3314 1856 3400 amplius

172 3419 248 3484 talia
274 3443 340 3484 non
366 3434 591 3507 perpetrasset.
616 3421 659 3486 Et
683 3425 710 3486 si
734 3421 871 3507 amplius
888 3425 965 3486 istas
991 3424 1226 3508 oppressiones,
1245 3421 1298 3485 ille
1316 3429 1371 3484 aut
1400 3421 1447 3484 sui
1476 3411 1620 3499 heredes,
1638 3418 1690 3482 vel
1707 3429 1855 3482 auctores

159 3525 317 3608 ¹fecerint,
344 3537 452 3592 nostra
476 3538 592 3592 statuta
622 3539 825 3613 componant.
857 3528 909 3592 De
933 3528 1004 3592 aliis
1040 3548 1117 3593 vcro
1139 3529 1245 3591 causis
1270 3527 1358 3590 stetit
1382 3527 1463 3590 inter
1486 3525 1698 3589 Fortunatam
1724 3547 1856 3588 venera·

175 3630 273 3696 bilem
301 3633 527 3717 patriarchum,
560 3657 615 3696 sen
640 3635 875 3718 suprascriptos
907 3635 1084 3719 episcopos,
1118 3634 1185 3696 siue
1216 3630 1375 3697 Joannem
1400 3632 1522 3712 ducem,
1548 3630 1599 3694 vel
1630 3629 1770 3715 reliquos
1795 3633 1857 3716 pri·

176 3748 289 3818 metes,
315 3749 348 3802 et
373 3739 537 3823 populum,
562 3749 597 3800 ut
620 3737 776 3823 quidquid
816 3741 909 3802 iurati
944 3738 1186 3818 concordarent,
1211 3750 1242 3801 et
1265 3738 1408 3802 dicerent
1433 3736 1608 3800 secundum
1633 3758 1726 3799 suum
1751 3758 1857 3799 sacra-

175 3853 331 3920 mentum,
358 3845 499 3930 etipsas
532 3843 656 3922 breues,
682 3847 792 3906 omnia
824 3843 1046 3930 adimplerent,
1081 3852 1115 3908 et
1144 3842 1228 3928 quod
1263 3841 1437 3927 adimplere
1473 3840 1642 3922 noluerint,
1667 3841 1706 3904 de
1731 3839 1857 3904 illorum

174 3959 266 4033 parte
292 3959 465 4033 componat
488 3959 617 4012 coactus
643 3950 674 4011 in
699 3971 790 4012 sacru
815 3947 945 4034 pallatio
969 3970 1046 4011 auro
1071 3969 1234 4011 marcosos
1260 3947 1334 4034 (sic)
1359 3947 1412 4012 lib.
1438 3970 1564 4011 nouem.

335 4070 407 4134 Hec
443 4071 656 4136 diiudicamus
674 4081 705 4134 et
728 4074 952 4136 conuenientia
979 4071 1063 4135 facta
1091 4082 1139 4134 est
1166 4075 1198 4134 in
1216 4073 1377 4156 presentia
1395 4073 1483 4134 missi
1507 4069 1628 4133 domini
1649 4069 1865 4154 Imperatoris.

177 4177 277 4241 laone
302 4177 503 4261 presbytero,
527 4153 679 4256 Cadolao,
706 4189 736 4238 et
771 4176 885 4267 Alone,
911 4187 942 4240 et
965 4179 1102 4261 propriis
1139 4176 1285 4240 manibus
1310 4175 1569 4261 subscripserunt
1597 4176 1628 4237 in
1663 4185 1770 4238 nostra
1793 4193 1864 4258 pre·

176 4285 291 4346 sentia.
316 4281 513 4345 Fortunatus
537 4282 756 4345 misericordia
779 4281 840 4346 Dei
869 4281 1048 4364 pratriarclra
1073 4284 1104 4344 in
1129 4281 1189 4345 hac
1207 4283 1465 4366 repromissionis
1490 4280 1633 4344 chartula
1656 4303 1675 4342 a
1699 4301 1749 4342 me
1771 4277 1857 4341 facta

177 4411 276 4452 manu
301 4405 374 4451 mea
400 4386 586 4470 subscripsi.

391 4591 577 4670 †Joannes
601 4591 669 4654 dux
691 4592 723 4654 in
748 4589 809 4654 hac
832 4591 1091 4674 repromissionis
1115 4589 1259 4657 chartula
1284 4610 1357 4655 mm.
1383 4613 1426 4654 ss.

393 4699 414 4776 †
438 4695 618 4760 Stauratius
640 4697 809 4781 episcopus
833 4699 866 4760 in
889 4695 951 4759 hac
973 4718 1040 4781 rep.
1064 4694 1152 4760 char.
1179 4719 1253 4760 mm.
1281 4720 1324 4760 ss.

392 4805 413 4882 †
437 4801 627 4878 Theodorus
651 4803 822 4887 episcopus
937 4853 951 4880 ,
1110 4853 1124 4883 „

394 4911 414 4988 †
437 4907 588 4972 Staienus
613 4907 784 4992 episcopus
931 4957 944 4988 „
1109 4957 1123 4988 ,

392 5013 503 5092 †Leo
528 5013 698 5098 episcopus
936 5060 951 5094 „
1112 5061 1127 5095 „

356 5111 366 5118 ⁵
394 5118 633 5198 †Laurentius
656 5120 827 5203 episcopus
932 5167 947 5199 „
1110 5166 1124 5199 ,

392 5223 550 5303 †Petrus
584 5233 743 5308 peccator,
776 5223 930 5288 diaeonus
962 5232 1071 5287 sancte
1103 5221 1286 5307 Agleiensis
1322 5221 1565 5308 metropolitane
1610 5219 1746 5284 ecclesie
1781 5218 1865 5282 hanc
1901 5299 1914 5320 .

177 5335 463 5420 repromissionem
499 5352 541 5394 ex
574 5331 716 5394 iussione
740 5329 861 5394 domini
897 5331 956 5393 mei
990 5327 1157 5394 Fortunati
1188 5330 1380 5420 sanctissimi
1416 5327 1605 5416 patriarche,
1639 5349 1695 5390 seu
1727 5323 1863 5390 Joannis
